3876 6090
190 243 244 310 6t5
806 244 984 304 nntsnnsn
1003 246 1273 308 blnuonnncxnn
1844 252 1900 311 olo

216 403 265 447 ποτ
278 377 351 461 φύσιν
364 378 522 458 γνωρίζεται.
548 380 626 458 χωρὶς
642 378 778 458 ἁμαρτίαι.
793 381 860 438 ἐστὶν
874 379 903 438 ἂν
925 384 980 439 iiis
1025 410 1055 473 Α
1070 408 1139 451 cem.
1158 394 1190 451 ln
1209 393 1289 452 nulio
1308 365 1384 451 enim
1402 407 1500 451 eornm
1516 393 1626 464 quibus
1646 398 1678 451 nt
1696 395 1773 450 Dens
1792 393 1897 464 scitur,

216 468 279 541 rie.
294 469 328 527 ΕῙ
339 465 366 526 ἃ
379 465 475 533 τέλειός
491 471 546 526 ἔστι
559 470 615 526 καθ’
630 469 757 547 ixdrepov.
775 472 809 532 ὡς
824 468 922 532 οὐδενὸς
937 491 986 525 κατ
1068 484 1111 541 vei
1127 497 1225 540 eorum
1245 483 1354 556 quibus
1374 488 1406 539 ut
1421 483 1505 540 homo
1522 489 1623 541 natura
1639 483 1838 555 cognoscitur,
1855 496 1900 538 ex·

217 553 336 634 ὑκάτερον
350 553 468 625 ἐλλιπὴς,
482 559 616 634 προρανῶς
627 555 657 612 τὸ
669 557 726 613 κατ’
744 556 820 615 αὐτόν
834 557 894 614 ὅλον
903 555 995 613 νοθεύει

218 642 370 724 μυστήριον,
385 647 400 701 6
415 640 452 719 μὴ
466 644 599 719 ὁμολογῶν
614 641 690 701 αὐτόν
706 634 768 701 εἶναι
779 642 841 723 όπέρ
852 645 919 713 ε’στι,
931 642 996 720 μετὰ

218 732 269 789 τῶν
280 727 426 812 προσόντων
435 733 505 811 αὐτῷ
518 731 575 788 καθ’
586 729 716 809 ἑκάτερον,
729 731 755 789 ἱν
767 721 808 797 οἶς
823 752 862 803 τε,
879 731 924 789 καὶ
933 729 995 810 όπέρ

218 817 284 895 ἐστι,
298 816 401 877 πάντων
414 820 526 898 φυσικῶν
541 815 696 894 ἐδιωμοέτων.

258 1180 311 1242 Καὶ
333 1179 422 1260 μικρὸν
443 1181 633 1255 σιωπήσαντος,
658 1183 778 1252 ἀλληλοις
802 1179 995 1262 προσνεύσαιτες

217 1267 341 1347 λέγουσι·
364 1267 445 1328 Πόθεν
459 1268 562 1329 δύνασαι
579 1270 668 1344 δεῖξαι,
695 1269 734 1329 ότι
756 1268 801 1338 τάς
815 1271 932 1336 συνόδους
952 1275 994 1330 ἐκ·

217 1356 355 1416 όσίλλουσιν
368 1359 392 1414 οἱ
409 1361 497 1437 θρόνου
521 1356 833 1429 Κωνσταντενουπόλεωςς
854 1358 906 1417 Καὶ
925 1357 994 1436 λέγει

217 1449 321 1512 αὐτοῖς·
341 1444 412 1517 Ἤδη
425 1445 549 1506 δέδεικται
560 1451 670 1529 μερικῶς
679 1443 721 1505 διδ
729 1450 781 1506 τῶν
795 1449 821 1505 ἐν
840 1445 932 1525 Ῥώμῃ
947 1450 990 1506 λα·

150 1536 153 1542 ’
217 1532 343 1606 ληθέντων
362 1535 421 1615 παρ’
446 1537 511 1612 ἐμοῦ
530 1535 593 1616 πρὸς
609 1534 654 1595 τόν
672 1532 758 1615 κύριον
782 1537 804 1594 Γ
806 1533 935 1616 ρηγόριον,
950 1535 994 1593 τὸν

217 1623 376 1703 ἀσηκρῆτιν·
399 1623 452 1683 Καὶ
465 1629 517 1697 νῦν,
533 1627 555 1684 εί
568 1625 723 1705 παρίσταται
736 1628 775 1705 τῷ
788 1622 898 1702 δεσπότῃ
917 1630 994 1682 τοῦτο

217 1709 407 1788 δειχθήσεσθαι,
416 1709 532 1772 κελεύσει
543 1713 643 1782 δοθῆναι
659 1712 744 1771 ἀδιιαν
757 1715 795 1793 τῷ
811 1707 907 1791 ἀναξίῳ
922 1715 994 1786 ὑμῶν

217 1795 313 1880 δούλῳ,
328 1798 372 1858 καὶ
384 1802 452 1858 ποιῶ
465 1803 558 1877 γνῶσιν
572 1799 690 1880 βιόλίων,
703 1797 743 1859 ότι
755 1797 789 1858 τά
802 1799 853 1877 ἐρά
866 1801 977 1880 ἀρηρέθη

217 1906 277 1955 σαν,
292 1885 337 1945 καί
355 1895 418 1946 πᾶσι
433 1887 540 1968 ρανιρὺν
553 1890 620 1946 ποιῶ
637 1893 727 1946 τοῦτο.
743 1888 823 1969 χωρὶς
842 1889 994 1958 οῖασδήποτε

217 1969 384 2044 σκολιότητας
392 1971 484 2051 λόγων.
496 1976 549 2035 liet
557 1974 647 2034 λοιπόν
657 1973 744 2033 ἀλλων
753 1976 856 2034 πολλῶν
869 1974 977 2046 λαληθέν

216 2081 280 2130 των,
294 2062 329 2124 εἰς
342 2060 468 2141 γραφικός
481 2063 525 2122 καὶ
539 2060 646 2145 ρυσικθς
660 2063 706 2122 καὶ
718 2060 837 2142 τεχνικδις
850 2063 993 2143 ἐτράπησαν

216 2144 357 2222 γυμνασίας
368 2170 397 2206 τε
410 2148 453 2208 καὶ
465 2150 583 2231 θεωρίας,
606 2151 644 2231 ἐφ’
666 2139 710 2215 αἷς
723 2147 880 2220 ἡδυνθέντες,
900 2151 994 2227 ἱλαρω-

216 2230 309 2312 τέρως,
325 2233 479 2306 διετέθησαν.
495 2237 539 2296 καὶ
550 2236 658 2316 ἤρξαντο
667 2237 765 2315 λέγειν·
779 2228 854 2296 Olim
864 2242 878 2296 6
888 2237 991 2316 Κύριος,

217 2321 396 2402 ἀνρελήθημαν,
407 2323 451 2383 καί
459 2323 511 2382 ἀπὸ
519 2331 566 2383 τοῦ
576 2331 620 2384 νῦν
631 2327 745 2404 ἐνοχλεῖν
757 2329 815 2401 ὑμῖν
828 2329 874 2384 οὑκ
884 2325 990 2404 ἔχομεν.

264 2483 334 2546 ’0δέ
345 2493 418 2567 κῦρις
427 2485 535 2568 Σέργιος
545 2478 613 2549 εἶπεν
622 2493 703 2572 αὐτῷ·
714 2487 778 2549 Ὅτι
784 2492 908 2559 πολλάκις
917 2483 993 2563 ἦλθον

217 2576 254 2641 εἰς
266 2573 297 2633 τό
311 2572 412 2633 κίλλιόν
425 2599 472 2634 σου
486 2578 520 2640 εἷς
537 2576 646 2649 bedese,
661 2578 705 2638 καὶ
714 2579 884 2659 ἠκροασάμην
898 2586 941 2652 τῆς
957 2583 992 2639 δι-

111 2714 114 2719 .
217 2662 358 2728 δσσκαλίας
381 2686 439 2738 σου,
455 2663 526 2723 καίὺ
543 2664 652 2745 Χριστὸς
666 2665 721 2746 ἔχει
740 2668 865 2745 βοηθῆσαί
881 2692 930 2737 σοι,
952 2668 994 2730 καὶ

218 2747 256 2826 μὴ
268 2749 420 2829 ἀγωνιάσης.
431 2751 477 2816 Εἰς
488 2749 551 2810 ivit
567 2750 643 2828 μόνον
652 2754 738 2819 λυπεῖς
751 2755 857 2819 πάντας.
874 2756 913 2815 ότι
925 2761 992 2816 πολ-

216 2835 276 2904 λοὺς
289 2843 369 2905 ποιεῖς
379 2844 538 2918 χωρισθῆναι
549 2846 595 2912 τῆς
608 2842 738 2907 κοινωνίας
750 2847 797 2913 τῆς
811 2846 915 2903 ἐνταῦθα
933 2848 993 2905 Ἐκ·

217 2924 325 2998 κλησέας
355 2925 433 2986 Ἔστι
447 2951 485 2994 τις
500 2933 514 2987 6
526 2925 619 3007 λέγων,
639 2919 707 2987 εἶπεν
721 2935 735 2988 6
748 2930 838 2996 δοῦλος
851 2938 897 2990 τοῦ
910 2934 992 3007 Θεοῦ,

217 3002 345 3073 ότιαίπον·
359 3011 405 3085 Μὴ
414 3015 573 3095 κοινωνήσῃς
582 3021 615 3095 τῇ
623 3017 827 3098 Ἐκκλησίρτῶυ
837 3021 992 3094 Βυζαντίωνς

225 3100 363 3182 Ἀπεκρίθη
377 3106 391 3160 6
404 3099 473 3184 κόρις
488 3102 609 3184 Σέργιος
627 3103 698 3163 Αὐτὸ
711 3105 882 3176 τοῦτο,τὺσέ
896 3107 992 3186 μὴκατ-

216 3192 312 3256 νωνεῖν,
325 3184 428 3267 ρεγαλη
442 3190 503 3270 πρὸς
515 3192 610 3256 πάντας
620 3191 675 3251 ἐστὶ
684 3190 766 3272 φωνὴ,
803 3191 990 3268 ὴκοινωνῆσαι.

217 3275 272 3335 Καὶ
285 3265 355 3337 εἶπεν
366 3282 381 3337 6
393 3283 439 3336 τοῦ
448 3279 519 3338 Θεοῦ
530 3281 621 3346 δοῦλος
634 3304 641 3317 ·
659 3278 740 3341 Οὐδὲν
754 3279 896 3363 βιαιότερον
911 3310 993 3345 συνει-

217 3359 291 3428 δότος
309 3371 514 3446 κατηγοροῦντος
528 3366 573 3425 καί
592 3364 662 3426 οὐδὲν
681 3366 773 3428 τούτου
796 3381 992 3452 συνηγοροῦντος

216 3451 515 3536 παρρησιαστικώτερον.
529 3453 656 3522 ’Λκούσας
666 3453 693 3515 δέ
703 3461 718 3515 6
730 3465 800 3538 κῦρις
814 3460 940 3540 Τρώϊλος,
954 3464 993 3524 ότι

216 3537 329 3608 όΤύπος
338 3542 549 3620 ἀναθεματίζεται
559 3544 594 3608 εἰς
608 3551 693 3601 πᾶσαν
704 3541 751 3614 τὴν
764 3543 845 3620 δύσιν,
853 3546 921 3624 Λέγει
930 3551 992 3633 πρὸς

214 3623 259 3684 τόν
273 3628 362 3687 δοῦλον
381 3635 427 3688 τοῦ
445 3630 532 3688 Θεοῦ·
553 3627 641 3688 Καλόν
661 3628 741 3703 ἐστιν,
762 3628 801 3690 ότι
815 3638 861 3690 τοῦ
875 3635 992 3705 εῦσεόοῦς

215 3717 290 3788 ἡμῶν
304 3712 427 3775 δεσπότου
440 3713 594 3796 ήὺπόληψις
607 3715 753 3798 ὑόρίζεταις
770 3719 906 3798 ’Λπεκρίθη
920 3727 934 3781 6
947 3732 991 3784 τοῦ

216 3800 287 3859 Θεοῦ
301 3803 405 3868 δοῦλος·
427 3805 460 3862 Ὁ
474 3802 543 3870 Θεὸς
562 3804 740 3886 συγχωρήσαις
763 3809 816 3871 τοῖς
840 3806 991 3871 ἐκόιῦάσασι

215 3886 259 3946 τόν
277 3886 403 3961 δεσπότην
424 3895 531 3963 ποιῆσαι
552 3890 596 3950 τόν
616 3888 706 3968 τύπον,
727 3892 771 3951 καὶ
793 3898 845 3961 τοῖς
858 3900 992 3979 συγχωρή-

216 3995 285 4035 σασι.
302 3975 358 4036 Καὶ
368 3975 449 4056 λέγει,
468 3979 532 4047 τίνες
546 3979 609 4039 εἰσίν
627 3984 650 4040 οἱ
665 3978 853 4052 ἐκόιῦόσαντες,
869 3986 914 4045 καὶ
925 3986 991 4055 τίνες

216 4066 240 4122 οἱ
252 4066 483 4148 συγχωρήσαντες
503 4070 651 4149 Ἀπεκρίθη,
667 4068 692 4128 οἳ
704 4075 749 4142 τῆς
772 4071 928 4144 Ἐκκλησέας
938 4075 990 4144 ἐξε-

215 4150 336 4226 όέόασαν,
365 4154 597 4244 καλαθάρχοντες
616 4154 808 4238 συνεχώρησαν.
828 4161 880 4220 Καὶ
902 4161 955 4222 ίδολ
977 4170 992 4225 6

217 4237 293 4320 ῥύπος
307 4245 337 4302 ἐκ
356 4247 407 4302 τῶν
421 4243 565 4304 ὑπευθύνων
577 4247 611 4312 εἷς
624 4244 668 4304 τόν
681 4247 762 4303 ἀθῶον
770 4247 813 4305 καί
822 4249 929 4328 καθαρὸν
942 4252 992 4311 πό-

215 4349 262 4400 σης
272 4329 392 4412 αἱρέσεως
404 4331 558 4414 ίξετινάχθη.
570 4330 647 4392 iiiii
655 4331 864 4409 συμόουλεύσατε
873 4342 989 4415 ποιῆσαι,

216 4414 230 4475 θ
244 4417 361 4489 ἐποίησεν
377 4424 392 4479 6
407 4419 513 4492 εῦσεῦὴς
530 4425 563 4500 τῇ
578 4420 667 4498 μνήμῃ
681 4419 814 4498 γενομὲνος
828 4425 904 4482 αὐτοῦ
918 4429 991 4487 πάπ·

213 4525 272 4569 πος.
298 4506 411 4574 Ἐκεῖνος
428 4505 477 4589 γδρ
500 4506 659 4585 αίσθόριενος,
677 4505 716 4566 ότι
729 4506 808 4586 ψόγον
828 4513 908 4570 αὑτοῦ
928 4540 991 4585 τινες

213 4590 280 4650 κατθ
298 4592 345 4666 τὴν
366 4593 436 4654 δύσιν
456 4593 625 4675 καταχέουσι,
641 4593 682 4654 tri
699 4592 839 4666 κελεύσεοις
862 4602 991 4685 ἐλεύθερον

215 4679 305 4739 ἕαυτδν
316 4680 421 4753 ἐποίησε
432 4687 477 4754 τῆς
492 4683 534 4741 ἐπὶ
544 4688 577 4762 τῇ
586 4684 730 4765 ‘issimis
741 4686 861 4765 μέμψεως
868 4733 873 4755 ,
881 4692 988 4772 γροίψις.

215 4761 279 4825 Ὀτι
290 4765 409 4834 'Esdram
420 4772 467 4828 οὐκ
476 4769 547 4830 ἐστιν
558 4769 617 4848 ἐμὴ,
627 4769 685 4831 οῦτε
696 4769 745 4853 γὺρ
757 4771 807 4850 ἐγὼ
817 4776 988 4858 ὑπηγόρευσα,

213 4851 231 4926 ἢ
248 4853 369 4916 ἐκέλευσα
387 4855 519 4936 γενέσθαι·
536 4858 603 4918 ἀλλά
623 4859 729 4942 Σέργιος
749 4861 827 4933 αὐτὴν
839 4869 853 4922 6
867 4869 989 4948 πατριείρ-

214 4965 264 5022 χης
279 4944 399 5014 συντάξας
416 4945 467 5029 πρὸ
483 4946 558 5007 πέντε
575 4952 639 5008 ἐτῶν
652 4957 698 5009 τοῦ
713 4944 821 5008 ἀνελθεῖν
835 4976 867 5028 pe
881 4956 932 5013 ἀπὸ
944 4963 990 5029 τῆς

215 5034 355 5111 ἀνατολῆς,Ι
377 5037 465 5108 ἐδεήθη
486 5059 536 5113 μου
558 5039 614 5096 κατ’
635 5035 714 5108 αὐτὴν
727 5039 862 5116 γενομένου
875 5040 920 5113 τὴν
934 5069 989 5103 πα·

214 5119 365 5197 νευῖαίμονα
379 5122 463 5184 πόλιν.
480 5122 588 5201 ὀνόματί
608 5148 657 5200 μου
676 5132 827 5206 προτεθῆναι
841 5129 919 5199 αὐτὴν
934 5135 988 5208 μεθ’

214 5211 374 5288 ὑπογραφῆς·
391 5209 435 5267 καὶ
448 5211 619 5286 κατεδεξάρην
638 5209 684 5281 τὴν
705 5212 799 5271 ἐκείνου
817 5216 976 5296 παράκλησιν

214 5297 267 5353 Νῦν
282 5293 308 5352 δὲ
331 5303 405 5374 γνοῦς
420 5297 457 5355 ότι
472 5296 536 5364 τινίς
560 5300 599 5355 ἐπ’
624 5297 703 5368 αὐτ-δν
726 5301 907 5380 διαμάχονται,
927 5317 989 5367 πᾶσι

213 5386 373 5454 δἠλοντοιῶ,
390 5385 429 5444 ότι
443 5390 488 5445 οὐκ
503 5386 516 5442 έ
517 5410 570 5445 στιν
586 5388 645 5464 ἐμή.
662 5387 767 5459 Ταύτην
782 5391 920 5463 ἐποῑῆσττο
943 5395 989 5467 τὴν

214 5472 328 5534 κελαυσιν
341 5473 405 5558 πρὸς
419 5474 462 5535 τόν
477 5474 601 5559 ρακάρισν
610 5476 727 5552 Ἰωάννην
740 5485 988 5568 παππαν,κατακρί·

1068 578 1149 644 cepto
1162 574 1302 631 duntaxat
1327 578 1452 643 peccato,
1472 577 1515 630 est
1531 571 1725 642 imperfectus.
1747 572 1778 628 Si
1800 578 1898 627 autem

1069 661 1210 734 perfectus
1232 671 1275 720 est
1301 669 1433 735 utroque,
1457 664 1533 721 sicut
1558 664 1589 719 in
1613 662 1675 720 ulio
1698 675 1732 719 ex
1756 661 1899 718 ambobus

1066 756 1111 809 est
1125 754 1296 825 minoratus,
1312 752 1463 809 manifeste
1479 759 1569 809 totum
1585 751 1681 823 ipsius
1694 751 1844 809 adulterat
1857 766 1901 808 sa-

1067 848 1253 913 cramentum,
1270 842 1320 914 qui
1342 855 1396 898 nou
1414 841 1567 898 coniitmur
1582 855 1645 897 enm
1665 839 1821 911 essequod
1843 847 1896 911 est,

1067 944 1131 988 cum
1157 931 1348 988 existentibus
1373 930 1430 987 sibi
1455 931 1591 987 omnibns
1615 929 1800 987 naturalibus
1827 929 1900 986 idio

1069 1020 1203 1093 matibus,
1229 1035 1263 1077 ex
1291 1020 1408 1093 quibus,
1433 1025 1461 1078 et
1489 1021 1518 1076 in
1545 1021 1653 1092 quibus
1683 1023 1711 1076 et
1740 1034 1806 1091 quas
1837 1035 1899 1077 esse

1068 1109 1215 1180 probatur.

1102 1201 1215 1257 Etcum
1232 1200 1348 1271 paulum
1364 1200 1532 1270 tacuissent,
1548 1204 1576 1256 et
1594 1200 1628 1256 ad
1646 1198 1768 1255 invicem
1784 1199 1896 1256 innuis·

1068 1294 1142 1360 sent,
1167 1289 1267 1346 aiunt:
1296 1289 1374 1345 Unde
1399 1295 1478 1359 potes
1506 1288 1756 1359 ostenderequod
1781 1294 1898 1345 sanetas

1068 1381 1192 1452 synodos
1212 1378 1352 1449 ainciant
1370 1377 1401 1433 bi
1422 1379 1556 1449 quisunt
1577 1377 1674 1434 tironi
1694 1377 1899 1434 Constantino·

1069 1469 1189 1541 poleos‘l
1202 1469 1256 1538 Qui
1270 1469 1343 1524 dicit
1355 1468 1414 1523 eis:
1431 1470 1489 1523 tam
1507 1468 1609 1538 partim
1625 1471 1772 1525 ostensum
1788 1471 1834 1523 est
1850 1483 1898 1537 per

1067 1573 1100 1616 ea
1115 1573 1178 1630 qua
1193 1559 1286 1615 liomae
1302 1556 1417 1614 locutus
1431 1571 1494 1613 snm
1510 1556 1543 1612 ad
1557 1556 1706 1612 dominum
1722 1556 1897 1628 Gregorium

1067 1661 1085 1705 a
1106 1647 1235 1704 secretis.
1261 1649 1295 1702 Et
1317 1660 1402 1717 nunc,
1428 1646 1452 1702 si
1476 1645 1568 1716 placet
1588 1645 1764 1701 dominatori
1789 1650 1823 1702 ut
1845 1646 1897 1703 boe

1028 1737 1246 1807 Bostendatur,
1271 1734 1369 1805 iubeat
1397 1735 1460 1790 dari
1485 1733 1630 1790 licentiam
1658 1733 1779 1805 indigno
1815 1749 1896 1792 servo

1068 1831 1172 1897 vestro,
1195 1830 1222 1882 et
1245 1823 1318 1881 iasio
1343 1823 1475 1880 notitiam
1502 1821 1652 1891 librorum,
1677 1823 1816 1893 quoniam
1841 1825 1895 1881 mei

1068 1916 1156 1973 ablati
1177 1919 1264 1972 sunt:
1281 1920 1308 1970 et
1326 1913 1440 1970 cunetis
1460 1912 1512 1968 boc
1531 1911 1714 1968 manifestum
1735 1910 1812 1969 iaeio
1832 1915 1895 1971 sine

1069 2004 1197 2077 qualibet
1221 2003 1359 2074 pravitate
1380 2002 1540 2058 verborum.
1567 2002 1601 2056 Et
1619 2000 1724 2057 deinde
1747 2014 1815 2056 cum
1838 2002 1895 2059 alia

1069 2093 1158 2150 multa
1175 2093 1252 2148 dicta
1273 2090 1406 2160 inissent,
1428 2091 1457 2146 in
1478 2089 1675 2160 scripturales,
1694 2102 1728 2145 ae
1748 2092 1897 2147 naturales

1068 2186 1096 2238 et
1111 2181 1277 2238 artidcialcs
1296 2179 1424 2237 conversi
1447 2183 1514 2236 sunt
1532 2177 1753 2235 exercitationes
1772 2184 1802 2234 et
1822 2180 1896 2236 ibeo

1069 2271 1137 2342 rias,
1152 2271 1259 2342 quibus
1275 2270 1407 2326 delectati
1424 2269 1577 2325 hilariores
1591 2266 1683 2324 eileeti
1701 2271 1781 2336 sunt,
1801 2273 1830 2323 et
1843 2282 1896 2326 cve·

1070 2365 1172 2430 porum
1190 2359 1303 2415 dicere:
1328 2358 1412 2414 Novit
1435 2356 1580 2427 dominus,
1605 2353 1791 2427 proiecimus,
1814 2362 1843 2413 et
1860 2370 1893 2413 ex

1070 2449 1122 2505 boe
1135 2447 1215 2505 vobis
1226 2447 1385 2504 molestiam
1399 2459 1453 2502 non
1469 2446 1640 2517 ingeremus.

1103 2540 1200 2607 Porro,
1225 2537 1348 2594 domnus
1367 2535 1485 2607 Sergius
1507 2535 1582 2591 dixit
1604 2535 1651 2590 ei:
1672 2535 1751 2605 Saepe
1774 2535 1839 2591 veni
1859 2537 1892 2591 ad

1068 2627 1201 2684 cellulam
1217 2632 1295 2683 tuam
1312 2626 1341 2681 in
1356 2625 1456 2696 Belias,
1470 2629 1497 2680 et
1512 2624 1609 2680 audivi
1623 2623 1786 2680 doctrinam
1800 2628 1888 2694 tuam,

1067 2722 1096 2772 et
1112 2717 1186 2772 Dens
1202 2715 1396 2773 auxiliabitur
1412 2713 1476 2784 tibi,
1498 2727 1533 2769 ne
1548 2713 1693 2769 sollicitus
1711 2714 1763 2769 sis.
1786 2716 1817 2770 ln
1839 2727 1894 2770 uno

1068 2818 1133 2862 vero
1161 2805 1339 2862 solummodo
1367 2803 1523 2861 contristas
1545 2815 1653 2873 omnes,
1680 2801 1730 2873 qui
1756 2801 1894 2857 videlicet

1068 2894 1174 2952 multos
1198 2892 1269 2951 iacis
1290 2893 1416 2965 separari
1436 2906 1451 2948 a
1471 2891 1672 2948 communione
1691 2890 1781 2960 bujus
1803 2889 1894 2946 Eccie

1067 2983 1128 3040 sia.
1148 2985 1198 3041 Est
1217 2983 1326 3055 aliquis
1344 2983 1395 3055 qui
1416 2984 1533 3052 asserat,
1555 2979 1597 3036 ait
1612 2979 1662 3035 bei
1682 2991 1796 3050 servus,
1818 2979 1892 3050 quod

1026 3067 1051 3131 C
1067 3073 1209 3130 dixerim:
1230 3075 1270 3129 Ne
1284 3072 1477 3130 communices
1495 3069 1629 3126 Ecclesia
1647 3067 1894 3140 byzantinorum?

1067 3165 1224 3237 Respondit
1245 3165 1369 3220 domnus
1386 3161 1521 3233 Sergius:
1538 3160 1595 3216 iloc
1613 3159 1719 3229 ipsum.
1742 3158 1891 3230 inquiens,

1068 3269 1125 3328 qno
1141 3255 1201 3326 ipse
1218 3267 1273 3309 non
1292 3250 1496 3321 communicas,
1517 3260 1617 3320 magna
1638 3250 1682 3303 est
1700 3247 1776 3318 apud
1794 3259 1892 3303 omnes

1068 3343 1166 3416 procui
1186 3341 1276 3399 dubio
1298 3354 1351 3397 vox
1371 3352 1426 3396 non
1445 3336 1687 3395 communicandi.
1711 3337 1746 3392 Ei
1765 3335 1818 3391 Dei
1838 3349 1894 3392 ser·

1067 3448 1139 3491 vus:
1156 3433 1214 3504 Nil,
1229 3432 1281 3500 ait,
1297 3430 1406 3486 certius
1420 3433 1463 3486 est
1478 3441 1562 3499 quam
1577 3425 1755 3484 conscientia
1771 3439 1836 3498 quae
1851 3439 1894 3481 ae·

1067 3527 1166 3581 cusat:
1188 3526 1215 3577 et
1240 3520 1280 3576 nil
1305 3533 1348 3591 eo,
1373 3518 1421 3575 eui
1444 3518 1503 3574 bare
1524 3515 1724 3573 testimonium
1749 3513 1891 3586 perbibet,

1068 3613 1201 3683 majorem
1225 3608 1309 3665 babet
1330 3607 1475 3664 fiduciam.
1500 3607 1649 3674 Ceterum,
1675 3617 1740 3661 cum
1763 3603 1892 3660 audisset

1066 3702 1189 3758 domnus
1203 3696 1329 3764 Troilus,
1348 3696 1423 3768 quod
1438 3697 1533 3766 Typus
1552 3692 1846 3750 anathematizaretur
1863 3691 1891 3747 in

1066 3788 1310 3856 toto,0ccidente.
1331 3786 1405 3843 dicit
1423 3785 1458 3840 ad
1478 3797 1590 3840 servum
1609 3782 1679 3838 Dei:
1700 3783 1811 3838 Bonum
1839 3787 1891 3850 est,

1067 3880 1134 3952 quia
1151 3877 1192 3948 pii
1210 3875 1401 3934 dominatoris
1416 3874 1506 3930 nostri
1528 3871 1627 3943 opinio
1648 3870 1770 3942 injuriis
1791 3869 1893 3927 lacera-

1065 3970 1139 4027 tur‘l
1156 3966 1312 4039 Respondit
1332 3979 1431 4021 servus
1445 3963 1515 4020 Dei:
1534 3965 1609 4018 Deus
1628 3961 1759 4033 ignoscat
1780 3960 1827 4016 bis
1842 3960 1891 4031 qui

1065 4058 1239 4117 dominatori
1258 4055 1350 4114 iacere
1363 4056 1470 4127 lypum
1487 4049 1715 4123 persuaserunt?
1729 4054 1759 4106 et
1777 4050 1825 4107 bis
1843 4050 1892 4121 qui

1066 4150 1268 4221 permiserunt.
1292 4144 1328 4201 dt
1351 4144 1418 4201 ille:
1445 4141 1511 4214 Qui,
1536 4142 1587 4214 ait,
1613 4145 1681 4198 sunt
1702 4139 1752 4211 qul
1779 4152 1891 4210 persua-

1066 4244 1175 4309 serunt,
1197 4235 1292 4308 etqui
1316 4240 1384 4292 sunt
1407 4233 1457 4304 qui
1483 4228 1695 4302 permiserunt?
1715 4228 1889 4300 Respondit:

1065 4330 1099 4386 ili
1120 4329 1171 4402 qui
1187 4331 1268 4384 erant
1281 4322 1413 4381 Ecclesia
1432 4325 1595 4381 suaserunt,
1616 4325 1644 4375 et
1662 4317 1813 4389 principes
1836 4331 1892 4388 prr-

1067 4419 1216 4476 miserunt.
1236 4417 1271 4472 Ei
1284 4427 1347 4471 ecce
1361 4411 1459 4469 sordes
1473 4423 1489 4466 a
1505 4408 1638 4466 sontibus
1656 4408 1686 4463 in
1703 4407 1848 4464 insontem
1865 4411 1891 4462 et

1065 4509 1144 4567 omni
1159 4506 1259 4563 haeresi
1276 4516 1375 4576 parum
1390 4512 1510 4558 excussa
1522 4505 1573 4556 est.
1591 4498 1643 4555 Sed
1656 4497 1815 4554 eonsilium
1828 4497 1891 4553 date

1065 4605 1097 4656 ut
1118 4596 1205 4654 iaciat
1226 4592 1300 4666 quod
1324 4590 1392 4647 iecit
1413 4589 1468 4662 piae
1490 4587 1632 4644 memoria
1653 4587 1800 4658 quondam
1822 4600 1890 4642 avos

1063 4691 1134 4762 ejus.
1157 4686 1207 4743 ilie
1227 4684 1332 4755 qnippe
1349 4681 1476 4738 sentiens
1495 4678 1568 4750 quod
1584 4677 1613 4733 in
1628 4676 1807 4748 vituperium
1829 4677 1890 4747 rjus

1065 4780 1094 4836 in
1113 4775 1266 4835 Occidente
1285 4771 1402 4844 puidam
1421 4772 1648 4840 prorumperent,
1671 4779 1721 4837 per
1737 4765 1889 4837 epistolam

1065 4867 1187 4924 liberum
1202 4878 1232 4922 se
1248 4861 1315 4919 iecit
1331 4859 1366 4917 ab
1380 4857 1514 4915 Ecclesia
1529 4854 1721 4927 querimonia,
1739 4855 1887 4912 scribens:

1066 4955 1242 5023 «Eetbesis,
1267 4951 1374 5022 inquit,
1392 4952 1505 5005 nonest
1527 4959 1597 5016 mea,
1622 4958 1713 5015 neque
1738 4945 1816 5001 enim
1840 4957 1889 5016 ego

1063 5048 1107 5104 vel
1125 5045 1242 5117 dictavi,
1263 5043 1305 5099 vel
1323 5040 1397 5111 jussi
1419 5042 1451 5095 ut
1470 5038 1558 5094 lieret.
1579 5035 1631 5091 Sed
1651 5049 1717 5091 cnm
1738 5036 1813 5092 banc
1831 5037 1890 5092 Sor-

1064 5137 1130 5212 gius
1149 5133 1312 5206 patriarcba
1330 5128 1536 5200 composuisset
1556 5129 1621 5181 autc
1636 5125 1768 5196 quinque
1787 5139 1887 5194 annos,

1064 5227 1146 5300 prius
1161 5237 1246 5296 quam
1261 5221 1296 5277 ab
1315 5219 1431 5276 Oriente
1447 5216 1626 5288 repedassem
1654 5214 1827 5283 deprecatus
1845 5220 1889 5272 est

1064 5329 1118 5386 me,
1136 5328 1200 5371 cnm
1222 5311 1351 5368 adhunc
1375 5307 1486 5364 iciieem
1506 5303 1697 5376 pervenissem
1723 5303 1835 5377 urbem,
1860 5312 1889 5361 ut

1064 5405 1178 5462 nomine
1203 5414 1263 5458 meo
1285 5400 1490 5469 proponeretnr
1512 5407 1577 5449 eum
1600 5392 1838 5463 subscriptione:
1862 5397 1888 5448 rt

1064 5494 1176 5565 suscepi
1189 5488 1415 5563 deprecationem
1430 5485 1521 5541 iilius.
1538 5485 1620 5539 Nune
1632 5496 1698 5538 vero
1713 5496 1889 5555 cognoscens

1065 5584 1133 5662 qnid
1150 5580 1267 5654 quidam
1287 5588 1420 5649 superea
1439 5573 1655 5644 altercarentur,
1676 5572 1794 5631 cunetis
1813 5571 1888 5628 facio
