3876 6090
124 223 160 281 lli
628 284 633 294 ,
655 276 660 295 ,
719 225 898 285 ANASTASE
932 225 1203 285 efflulofflncnnn
1754 227 1791 285 96

125 355 293 424 congregata
303 354 356 424 est,
373 351 441 422 qula
452 357 549 410 sancta
559 351 684 409 Romana
693 352 819 409 Ecclesia
832 353 868 408 ab
878 366 928 410 uu·
941 351 972 413 Α
985 352 1083 409 cerim.
1099 354 1195 424 Neque
1205 352 1292 424 enim,
1305 355 1337 408 ut
1349 351 1563 409 sacratissimus
1578 352 1742 423 patriarcha
1754 355 1791 411 ad

124 432 930 513 decimaindictione,colle'ctisOccideutalibusepiscopis

126 527 155 584 in
167 528 303 585 eccclesia
315 530 389 586 beati
406 531 494 604 Petri,
509 532 557 588 ubi
570 532 729 589 virtutibus
741 533 831 602 deret,
847 537 875 587 et
889 545 931 588 re-

125 617 258 688 quiescit,
284 618 432 692 obligavit,
448 624 477 676 et
499 620 750 677 anathematizavit
763 636 796 678 ac
810 622 930 692 projecit

124 705 257 762 Pbotium
269 720 456 779 pervasorem,
469 722 525 766 una
536 722 601 766 cum
613 709 748 766 omnibus
757 710 930 780 sequacibus

124 796 196 868 ejus,
215 799 399 868 presulatum
419 799 514 855 adbuc
535 802 649 871 gerente
675 797 842 855 beatissimo
858 811 929 868 papa

124 887 251 944 Nicolao.
266 889 372 944 lterum
382 892 477 944 autem
489 901 636 944 successor
647 888 710 957 ejus
720 887 873 957 Adrianus,
887 887 931 942 di·

122 975 234 1031 vinitus
245 975 422 1032 constitutus
435 974 565 1046 pontifex
576 976 778 1046 Romanorum,
791 975 867 1031 sicut
879 975 929 1032 ille

124 1062 255 1121 delinivit
265 1069 350 1135 atque
361 1065 504 1135 praecepit,
517 1064 557 1121 ita
576 1070 604 1120 et
624 1065 678 1120 iste
698 1078 846 1120 successor
865 1066 928 1135 ejus

122 1150 254 1207 delinivit
269 1156 297 1206 ει
313 1152 513 1224 promulgavit,
529 1166 637 1223 nosque
655 1152 788 1224 indiguos
802 1151 927 1209 lamulos

123 1254 191 1296 suos
206 1240 313 1296 direxit
327 1241 362 1297 ad
374 1240 447 1296 banc
461 1242 517 1297 Deo
532 1241 752 1296 conservandam
767 1241 879 1312 urbem,
891 1241 926 1297 ad

127 1326 690 1384 manifestationemetcertitudiuemveri
702 1334 730 1383 et
737 1328 809 1398 justi
819 1329 925 1399 iudicii

125 1416 253 1486 ipsorum
265 1417 294 1473 in
310 1417 544 1487 conspectujusti
560 1415 674 1486 imperii
687 1417 784 1486 vestri,
798 1422 827 1473 el
839 1417 926 1487 bujus

124 1509 229 1560 sauctae
238 1519 271 1560 ac
282 1519 390 1578 magnae
401 1505 573 1562 universalis
585 1505 702 1576 synodi,
716 1506 754 1561 ita
768 1510 800 1562 ut
813 1519 868 1561 nou
880 1505 928 1562 ba-

122 1592 208 1649 beant
226 1606 322 1649 vocem
344 1593 546 1664 repedationis,
568 1593 609 1648 vel
635 1593 855 1664 appellationis,
877 1593 924 1649 sed

985 441 1132 511 proprium
1147 441 1343 512 regrederetur
1356 441 1503 514 tbrouum,
1519 441 1634 512 imperii
1649 442 1704 498 mei
1718 456 1793 513 opus

983 529 1026 585 vel
1040 529 1211 602 excogitatio
1224 527 1296 585 lacta
1310 532 1362 585 est.
1377 529 1429 585 Sed
1447 529 1569 586 multum
1585 535 1650 587 ante
1662 532 1795 588 mactis-

984 617 1076 673 simus
1090 622 1117 673 el
1130 618 1313 674 beatissimus
1327 632 1398 688 papa
1419 618 1565 688 Nicolaus,
1580 634 1644 690 quae
1656 619 1734 676 circa
1750 620 1794 677 il-

984 705 1043 760 lum
1069 711 1150 761 erant
1173 706 1334 763 certissime
1369 707 1478 779 diceus,
1506 708 1641 778 synodice
1664 709 1795 766 decrevit

984 794 1063 849 reddi
1079 794 1105 850 ei
1117 795 1166 864 jus
1181 795 1290 864 proprii
1307 795 1416 866 tbroni,
1445 798 1474 850 et
1485 795 1635 852 anathema
1651 810 1717 853 curn
1732 803 1796 854 tota

983 882 1174 939 Romanorum
1201 883 1328 939 Ecclesia
1350 883 1549 953 pronuntiavit
1582 889 1683 941 contra
1716 887 1796 943 resi-

983 974 1089 1027 stentes
1112 971 1308 1041 hujuscemodi
1331 973 1444 1028 decreto
1465 977 1553 1044 alque
1566 975 1725 1031 sententiae.
1740 976 1795 1033 llic

983 1063 1077 1116 autem
1104 1073 1155 1115 nos
1181 1060 1250 1116 olim
1273 1060 1396 1116 scientes
1417 1065 1445 1116 et
1482 1066 1615 1131 paventes
1646 1063 1794 1133 judicium

983 1146 1174 1202 anathematis
1210 1146 1395 1220 promulgati,
1426 1147 1622 1205 obsecundare
1655 1151 1795 1222 synodico

979 1233 1095 1302 judicio
1111 1235 1243 1290 Romanae
1266 1233 1400 1292 Ecclesia
1427 1236 1617 1293 necessarium
1642 1239 1793 1312 duximus,

981 1328 1009 1378 et
1022 1323 1112 1392 nujus
1138 1323 1179 1378 rei
1194 1324 1285 1396 gratia
1308 1324 1489 1380 reddidimus
1501 1325 1527 1379 ei
1544 1326 1694 1396 proprium
1706 1327 1796 1384 'turo

982 1424 1060 1467 num.
1076 1413 1177 1466 l'erum
1192 1424 1247 1468 uon
1266 1412 1348 1468 modo
1366 1413 1509 1485 Romane,
1535 1414 1583 1469 sed
1599 1417 1628 1469 et
1640 1416 1675 1472 ad
1692 1417 1795 1473 orien-

981 1504 1037 1554 tem
1052 1499 1275 1556 solemsitarnm
1298 1501 1421 1572 sedium,
1444 1502 1625 1572 providentia
1650 1503 1794 1571 melioris,

982 1587 1084 1644 vicarii
1096 1594 1293 1658 pervenerunt,
1306 1589 1525 1660 nibildeinceps
1536 1591 1579 1646 vel
1592 1591 1793 1665 impedire,vel

125 1682 425 1752 quemadmodumjam
434 1676 787 1753 judicqrnsunlbtdejocu,
801 1681 830 1737 in
841 1695 927 1738 saequ.
940 1670 969 1734 Β
983 1675 1137 1748 adversari,
1150 1681 1200 1731 aut
1207 1675 1299 1733 lavere
1319 1677 1420 1748 utique
1432 1679 1524 1749 parati
1530 1679 1695 1749 justissimo
1707 1681 1795 1754 impe·

123 1769 183 1826 lum
198 1776 337 1826 maneant.
351 1773 384 1826 Et
397 1771 528 1828 Ecclesia
537 1771 739 1843 Orientalium,
752 1771 844 1842 gratia
863 1772 925 1843 Dei,

126 1858 276 1916 nobiscum
292 1860 366 1916 senti
390 1864 431 1932 nt,
446 1860 609 1931 stabiliunt,
626 1860 763 1916 damnant
774 1864 802 1916 ει
814 1861 929 1916 anatbe

123 1948 926 2021 matizaulslmiliterusqueinconsummationemsaeruli.

159 2037 193 2093 Et
218 2038 342 2108 posthaec
360 2039 516 2095 ascendens
534 2037 739 2095 Constantinus
754 2053 771 2094 a
797 2041 926 2114 secretis,

122 2124 193 2197 legit
207 2126 434 2183 exhortatorium
450 2139 608 2183 sermonem
624 2127 816 2200 imperatoris,
834 2129 864 2184 iu
879 2144 928 2186 au-

122 2214 261 2270 dientiam
276 2215 422 2271 omnium:

84 2360 90 2367 ,
129 2362 132 2366 ,
159 2304 255 2360 Multae
278 2305 394 2375 quidem
417 2317 581 2362 communes
603 2307 751 2377 passiones
763 2312 841 2380 sunt,
854 2322 926 2379 quas

124 2394 350 2464 precedentibus
365 2393 467 2451 diebus
479 2395 600 2451 audiens
615 2396 732 2452 intuens
746 2411 763 2452 a
783 2398 840 2453 Deo
857 2411 927 2467 pro-

125 2486 236 2537 vectum
251 2481 403 2552 imperium
428 2488 568 2553 nostrum,
592 2484 689 2556 lugere
703 2498 736 2540 ac
757 2485 924 2541 contristari

123 2582 216 2639 operes
228 2571 352 2641 pretium
367 2572 461 2628 duxit.
477 2573 568 2642 llajus
578 2577 672 2629 autem
684 2573 801 2645 malum,
813 2578 841 2629 ει
853 2575 926 2630 cala-

121 2657 254 2714 mitatum
267 2673 329 2728 arx,
341 2660 523 2716 estEcclesiae
533 2661 842 2735 tempestas,malignus
852 2663 926 2734 aspi-

120 2759 187 2802 rans
199 2748 336 2805 adversus
346 2763 407 2804 eam
420 2748 528 2806 diaboli
541 2749 635 2821 turbo,
651 2750 729 2820 pacis
742 2751 884 2822 expulsio,
897 2756 925 2807 et

32 2839 40 2850 ‘
123 2834 227 2891 veteris
238 2836 525 2908 ordinlsdissolutic,
536 2852 625 2894 ausus
650 2837 777 2895 irruendi
797 2839 925 2909 iunioris

120 2922 150 2977 in
165 2924 317 2996 seniorem,
331 2930 359 2981 et
375 2926 539 2982 inhonorati
556 2927 693 2982 adversus
715 2926 921 2997 honorabilem,

983 1765 1028 1821 rio
1042 1769 1138 1821 nostro
1162 1779 1348 1823 consensuro.
1365 1767 1454 1837 cujus
1479 1769 1520 1824 rei
1547 1769 1640 1842 gratia
1664 1770 1696 1826 in
1712 1771 1794 1829 nullo

983 1852 1794 1930 synodiccjudicioinvenirivolultmultorumgarrulita·

983 1950 1026 2000 tes
1035 1945 1178 2011 accidens,
1189 1958 1223 2001 ne
1236 1947 1415 2016 quisdixerit
1425 1949 1499 2019 quod
1508 1949 1667 2019 imperialis
1679 1963 1792 2021 manus,

982 2039 1010 2091 et
1022 2033 1121 2106 gladii,
1138 2038 1167 2088 et
1193 2041 1376 2105 protectores,
1392 2050 1425 2092 ac
1451 2037 1614 2093 mundanus
1628 2042 1793 2108 potentatus

982 2123 1137 2181 concilium
1149 2124 1420 2181 subadulteraverit.
1433 2126 1527 2182 Unum
1539 2127 1632 2182 solum
1644 2127 1728 2183 nobis
1738 2128 1794 2183 de-

982 2213 1132 2283 siderium,
1144 2212 1216 2268 etad
1229 2211 1361 2284 praelatos
1369 2214 1493 2285 judices,
1507 2221 1656 2287 postquam
1672 2216 1740 2273 illos
1752 2217 1793 2273 vl-

981 2302 1087 2373 dimus,
1100 2301 1349 2374 supplicaticluit,
1363 2318 1397 2360 ne
1408 2318 1579 2376 quemquam
1591 2306 1792 2376 permitterent

980 2391 1120 2461 deperire,
1132 2392 1174 2447 vel
1183 2391 1219 2447 ab
1229 2392 1411 2450 Ecclesiailei
1424 2407 1605 2466 quemquam,
1617 2395 1643 2450 si
1654 2394 1717 2451 llerl
1730 2409 1792 2466 pos·

981 2485 1032 2551 set,
1050 2480 1162 2551 projici.
1191 2481 1247 2537 lloc
1275 2481 1368 2538 solum
1381 2488 1425 2539 εει
1448 2487 1578 2540 nostrum
1592 2494 1613 2548 ¹,
1628 2483 1653 2539 si
1666 2483 1791 2542 voluerit

981 2570 1048 2640 quis
1061 2570 1209 2626 nominare
1221 2571 1330 2627 crimen
1342 2589 1348 2626 :
1361 2572 1419 2629 alia
1433 2586 1499 2630 vero
1509 2573 1605 2629 omnia
1618 2574 1789 2647 canonibus,

980 2662 1008 2713 et
1023 2658 1071 2730 ils,
1084 2657 1190 2729 quibus
1201 2658 1356 2728 imperium
1371 2662 1472 2733 synodi
1483 2661 1624 2718 creditum
1635 2666 1688 2734 est,
1703 2664 1791 2721 tradi-

979 2746 1086 2817 dimus,
1100 2745 1220 2803 multum
1232 2760 1282 2817 pro
1297 2750 1434 2818 prasenti
1445 2749 1559 2820 judicio
1572 2750 1791 2820 conjuranteset

980 2835 1199 2895 condemnantes
1213 2833 1247 2909 b,
1272 2839 1315 2896 nil
1331 2839 1366 2895 ad
1380 2839 1513 2911 gratiam,
1526 2838 1568 2895 vel
1582 2853 1631 2909 per
1643 2840 1744 2897 odium
1755 2841 1791 2899 de

979 2925 1162 2998 cernendum,
1179 2926 1302 2984 humane
1313 2933 1409 2984 aulem
1425 2927 1516 2999 magis
1530 2927 1606 2983 circa
1620 2941 1669 2984 eos
1683 2928 1734 2999 qui
1749 2942 1791 2984 ce

117 3013 475 3071 acomuimodasubversio
486 3017 579 3071 status
587 3015 787 3088 ecclesiastici,
797 3020 834 3087 et,
846 3016 921 3086 apud
936 3006 962 3072 (i
979 3010 1318 3087 cideruntallectandum3
1330 3029 1402 3086 quos
1414 3027 1469 3071 non
1478 3014 1595 3085 proprie
1605 3018 1728 3087 tantum,
1740 3016 1788 3072 sed

117 3099 276 3156 exteriores
288 3101 404 3172 quidem
416 3102 445 3158 in
459 3103 592 3159 consiliis
601 3104 717 3172 iustitia
727 3110 920 3178 conversante,

118 3193 194 3261 apud
210 3191 365 3247 Ecclesiam
379 3191 525 3261 injustitia
544 3191 718 3249 fiducialiter
730 3207 825 3265 agens,
842 3207 922 3251 amor

117 3279 307 3349 principatus,
319 3293 352 3335 ac
361 3293 441 3336 amor
452 3280 590 3349 privatus,
602 3286 688 3352 atque
699 3281 809 3338 nullius
819 3284 923 3338 severi-

118 3367 188 3423 tatis
198 3372 314 3438 propter
323 3369 382 3423 baec
392 3370 548 3439 reputatio,
562 3382 612 3424 nec
624 3383 679 3425 non
690 3374 718 3424 et
728 3376 826 3426 contra
837 3371 922 3441 spiri-

118 3455 203 3512 talem
214 3461 322 3527 patrem
334 3458 428 3513 rabies
437 3462 465 3512 et
476 3457 597 3513 insania.
606 3459 668 3514 llaec
678 3464 747 3515 sunt
756 3474 819 3529 quae
831 3473 920 3514 meam

116 3544 284 3602 obtinebant
298 3551 326 3601 ει
348 3546 502 3602 turbabant
516 3547 652 3616 animam,
678 3550 813 3617 tanquam
831 3547 920 3602 nubes

113 3647 210 3692 crassa
222 3634 446 3690 obtenebrabant
459 3634 599 3702 animum,
615 3646 647 3688 ac
663 3633 761 3689 oculos
782 3634 922 3706 cogebant

114 3723 208 3780 lentes
222 3722 294 3777 mibi
309 3722 410 3792 largiri
424 3721 632 3791 lacrymarum:
650 3726 678 3776 et
693 3721 875 3777 divinitatem
890 3723 920 3779 in

113 3812 259 3868 auxillum
272 3814 300 3864 ει
311 3809 484 3864 solutionem
496 3809 647 3865 existentis
663 3809 794 3866 meroris
810 3811 922 3866 invoca·

112 3900 186 3968 bam,
203 3903 232 3954 ει
247 3912 320 3968 opus
336 3903 397 3953 erat
408 3898 480 3953 milli
494 3897 552 3954 baec
573 3899 721 3970 cogitatio,
733 3899 758 3954 si
773 3898 845 3955 forte
861 3914 924 3970 pos·

117 4002 176 4046 sem
188 3990 217 4044 in
228 3988 371 4054 primisde
379 3988 677 4045 ecclesiasticacuram
688 4002 784 4059 gerere
794 3991 918 4046 unitate:

117 4079 192 4150 quod
204 4082 232 4133 et
244 4076 413 4145 factumest,
426 4077 494 4133 etin
517 4077 647 4134 ellectum
667 4079 780 4135 devenit
792 4082 924 4151 quemad-

120 4168 233 4224 modum
247 4172 274 4223 el
287 4180 444 4223 vosomnes
469 4167 571 4238 nostis,
595 4173 737 4239 quotquot
757 4170 920 4227 adsacrum

113 4258 166 4314 boc
175 4257 353 4313 convenistis
363 4257 528 4329 collegium.
539 4257 604 4313 Alia
616 4258 692 4313 euim
707 4259 832 4329 imperii,
845 4256 920 4329 quod

978 3103 1204 3159 etcommuniter
1214 3103 1309 3175 bodie,
1322 3104 1456 3160 omuibus
1467 3102 1646 3175 videntibus,
1658 3105 1791 3174 depreca-

977 3201 1052 3256 mur,
1068 3203 1181 3246 mauum
1194 3192 1233 3249 iis
1245 3193 1294 3264 qui
1306 3193 1504 3263 compassione
1518 3207 1591 3262 opus
1602 3192 1709 3248 babent
1719 3206 1791 3264 por-

977 3277 1079 3350 rigere,
1087 3284 1115 3334 ει
1127 3293 1210 3336 uuam
1219 3281 1590 3338 Ecclesiamcelebrantium
1602 3279 1787 3338 testivitatem

977 3365 1120 3434 perlicere.
1136 3369 1177 3423 lta
1192 3371 1288 3425 Patres
1300 3370 1447 3440 spiritales
1458 3375 1487 3424 et
1503 3369 1638 3425 veritatis
1651 3368 1790 3426 delenso-

977 3467 1032 3524 res,
1044 3456 1094 3526 qui
1111 3455 1242 3528 figuratis
1257 3459 1414 3514 secundum
1428 3459 1564 3531 cbrisma,
1584 3457 1690 3524 Aaron,
1707 3463 1737 3514 ει
1748 3473 1789 3516 se·

976 3543 1210 3617 cundumzelum,
1223 3539 1730 3618 Pbioees,sesecundum'judicium,
1743 3549 1788 3603 Sa·

977 3629 1136 3703 lomcnem3
1153 3634 1292 3704 requirite
1305 3647 1384 3691 ovem
1398 3650 1462 3706 quae
1477 3635 1611 3706 perierat,
1630 3636 1788 3693 convertite

977 3732 1040 3790 quae
1048 3726 1200 3791 erraverat,
1210 3736 1296 3793 super
1307 3723 1458 3780 humerum
1470 3723 1564 3780 tollite
1575 3723 1749 3794 solitariam,
1760 3727 1788 3780 et

976 3805 1148 3865 confractam
1159 3812 1367 3883 compassionis
1381 3811 1506 3868 vinculis
1516 3811 1652 3883 alligate,
1668 3825 1733 3882 quac
1746 3811 1789 3868 nl·

976 3899 1070 3953 cerata
1085 3903 1137 3968 est,
1154 3899 1306 3969 emplastro
1319 3899 1570 3956 condescensionis
1585 3903 1704 3969 sanate3
1724 3914 1787 3971 quea

976 3987 1110 4041 extranea
1122 3991 1150 4041 et
1162 3986 1270 4057 abjecta
1280 3994 1323 4045 est
1335 4003 1351 4045 a
1368 3988 1495 4059 spiritali
1508 3988 1635 4059 mandra,
1647 3989 1788 4061 nonagin-

977 4075 1110 4129 tanovem
1120 4075 1454 4146 ovibusdispeusalionis
1468 4077 1731 4149 moreconjungile:
1747 4090 1787 4132 re·

978 4160 1102 4231 linquite
1120 4165 1283 4220 memoriam
1297 4167 1497 4237 sempiternam
1518 4166 1729 4236 posterioribus
1743 4179 1788 4238 ge-

978 4256 1176 4313 nerationibus
1190 4256 1398 4327 compassionis
1415 4261 1513 4312 vestre
1528 4257 1563 4312 ad
1592 4256 1785 4312 imitationem

113 4346 169 4403 sub
185 4359 227 4401 me
241 4353 293 4415 est,
311 4347 474 4415 demittens,
488 4349 523 4404 ad
541 4348 568 4404 id
580 4347 673 4403 solum
686 4348 715 4404 ln
730 4349 857 4404 exordiis
869 4362 917 4405 ac·
933 4339 962 4402 D
977 4348 1094 4403 Christi.
1110 4350 1144 4405 Et
1157 4365 1205 4406 vos
1216 4365 1340 4422 quoque,
1355 4351 1405 4422 qui
1421 4350 1570 4405 curatione
1587 4349 1736 4422 indigetis,
1752 4363 1785 4405 ac

111 4437 243 4506 celeravi,
255 4441 283 4491 et
298 4437 455 4493 secundum
467 4438 620 4507 utriusque
632 4437 836 4494 dissidentium
851 4453 922 4508 par-

112 4526 151 4582 tis
162 4526 374 4597 petitionem,et
386 4527 722 4596 priscamcclesiasticam
734 4528 919 4600 trad-itionem

112 4616 304 4687 perspiciendi
315 4629 412 4688 causa,
424 4617 628 4687 etiamjudices
638 4630 748 4680 eorum,
761 4617 861 4688 quaein
872 4618 921 4672 Ec·

111 4706 200 4762 clesia
211 4710 307 4762 nostra
318 4711 396 4778 gesta
407 4709 485 4775 sunt,
497 4719 531 4760 ex
543 4706 665 4776 reliquis
676 4705 919 4777 patriarchalibus

45 4820 59 4844 ι
111 4794 224 4851 thronis
237 4794 350 4865 collegi,
370 4808 428 4850 rem
450 4795 600 4866 perficiens
611 4797 810 4867 cooperatione
825 4796 917 4853 sancti

111 4885 250 4955 Spiritus:
264 4885 440 4957 quammulti
452 4885 567 4957 quidem
578 4891 642 4941 ante
651 4898 702 4942 nos
714 4886 916 4956 imperantium

111 4975 208 5030 videre
217 4973 459 5043 desideraverunt,
474 4988 508 5031 ex
519 4989 599 5046 aequo
611 4982 706 5031 autem
717 4989 813 5031 omnes
825 4975 920 5031 mini-

112 5077 155 5119 me
165 5064 311 5119 consecuti
324 5069 408 5120 sunt:
426 5069 454 5119 ει
468 5069 609 5136 quotquot
622 5065 766 5134 pertinent
778 5063 812 5120 ad
829 5064 919 5120 eccle-

112 5153 257 5210 siasticam
269 5153 407 5210 unitatem
418 5166 450 5208 ac
460 5153 680 5222 ordinationem,
691 5152 786 5207 omnia
798 5148 919 5209 solerter

111 5256 126 5298 a
141 5256 184 5298 me
196 5246 307 5313 peracta
319 5247 397 5312 sunl,
410 5256 475 5299 cum
487 5242 567 5299 nulla
581 5242 696 5312 penitus
708 5240 851 5311 imperiali
863 5255 920 5297 ma-

112 5334 186 5387 nuel
197 5330 333 5401 potentia,
347 5335 379 5386 ut
389 5331 517 5401 quidam,
528 5344 645 5400 parvum
656 5329 698 5385 vel
711 5343 844 5401 maguum
857 5328 919 5385 elle·

147 5438 206 5495 ¹ilc
219 5439 244 5495 si
257 5439 377 5496 diceret:
393 5437 511 5495 Nullum
523 5438 553 5493 in
565 5450 607 5493 me
616 5438 867 5508 superbiscrimeu
877 5436 919 5494 in-

112 5510 253 5583 venietur,
270 5509 328 5566 nisi
344 5507 417 5567 lorte
433 5508 500 5577 quis
524 5511 578 5566 boc
593 5509 710 5580 pietalis
722 5523 794 5581 opus
810 5509 918 5568 crimen

978 4437 1084 4493 medela
1097 4452 1169 4510 opus
1184 4438 1304 4509 bebetis,
1317 4441 1442 4511 pretiosa
1458 4439 1582 4496 membra
1594 4439 1715 4510 Christi,
1730 4439 1784 4495 etsi

976 4528 1072 4583 nescio
1087 4530 1229 4600 quomodo
1251 4545 1267 4585 a
1284 4530 1357 4586 malo
1381 4531 1507 4587 demone
1520 4532 1643 4601 detenti,
1660 4531 1785 4601 acapite

974 4618 1096 4686 separati
1108 4618 1196 4674 estis:
1225 4620 1295 4675 Vitis
1310 4635 1384 4681 vers,
1410 4633 1473 4689 quae
1489 4627 1603 4689 propter
1617 4620 1787 4676 ‹eontentio-

974 4717 1037 4760 nem
1054 4707 1257 4778 importunam,
1272 4708 1404 4764 imovero
1416 4709 1564 4777 injustam,
1578 4710 1608 4762 in
1620 4708 1787 4763 amaritudi-

973 4812 1034 4851 nem
1053 4812 1181 4851 conversa
1199 4813 1227 4852 es
1250 4795 1312 4868 (Jer.
1337 4797 1378 4870 ιι),
1393 4797 1480 4853 antici
1495 4802 1523 4851 ει
1536 4796 1661 4866 proximi
1674 4799 1779 4871 nostrl,

972 4885 1034 4941 etsi
1050 4891 1164 4956 propter
1176 4886 1274 4943 odiunt
1288 4885 1487 4942 irrationabile
1500 4899 1534 4940 ex
1548 4885 1666 4942 adverso
1679 4900 1784 4956 appro-

973 4974 1238 5047 piantesetstantes,
1250 4990 1282 5031 ac
1289 4975 1428 5030 vanitates
1435 4975 1632 5045 respicientes,
1640 4976 1784 5048 suscipite

971 5063 1180 5120 admonitionis
1194 5076 1370 5132 sermonem3
1384 5075 1441 5117 non
1456 5066 1551 5118 autem
1564 5061 1728 5121 confundor
1740 5067 1785 5122 di·

971 5166 1044 5224 cere,
1060 5153 1146 5209 etiam
1159 5152 1369 5223 deprecationis
1386 5152 1437 5221 3in
1454 5150 1483 5206 id
1499 5150 1574 5206 enim
1588 5164 1640 5206 uos
1656 5153 1781 5212 adduxit

973 5243 1181 5313 misericordia,
1194 5256 1279 5314 quam
1290 5242 1367 5297 circa
1379 5257 1429 5298 vos
1445 5241 1590 5297 babemus.
1603 5240 1781 5300 &rummini

974 5331 1075 5388 intima
1084 5332 1267 5388 conscientiae
1277 5338 1387 5403 vestrae,
1398 5337 1425 5387 ει
1439 5331 1592 5388 invenictis
1601 5344 1652 5386 vos
1662 5331 1736 5388 male
1746 5333 1782 5389 ab

973 5438 1118 5510 appellare
1130 5439 1263 5496 voluerit.

1009 5509 1024 5550 b
1039 5511 1068 5566 ld
1082 5515 1135 5583 est,
1149 5511 1415 5568 condemnationem
1429 5510 1625 5582 imprecantes.
