3876 6090
165 194 234 254 1239

567 184 868 247 mensunusum.
886 187 936 245 33.
954 137 991 229 ’-
1009 184 1186 246 rumonus
1205 186 1292 246 333
1310 185 1458 246 monum.

1800 175 1865 239 titt

163 319 370 389 anuosdeoem,
382 330 493 375 menses
504 316 577 386 octo,
591 313 654 371 dies
668 312 782 387 viginti.
806 311 858 367 llio
868 308 925 368 init
941 310 986 367 vir
1003 307 1033 370 Α
1048 310 1082 367 ad
1098 311 1250 370 missarum
1265 312 1405 371 solemnia
1419 311 1599 382 celebranda,
1616 307 1701 368 nullo
1716 304 1866 364 331333-

163 409 246 466 valde
261 409 351 476 mitis,
363 413 391 465 et
403 407 433 464 in
448 406 564 467 divinis
573 404 680 462 litteris
693 402 764 459 bene
777 403 947 471 instructus,
958 405 986 457 et

163 499 261 557 (13333
281 498 438 569 Latineque
457 496 556 568 lingna
577 494 700 566 pleniter
720 491 863 548 eruditus.
888 490 940 545 1113
955 489 985 545 13

165 589 272 661 synodo
295 588 433 652 residens,
456 599 554 644 omnes
576 584 643 640 illos
666 580 856 639 anathematis
871 578 986 635 vinculo

165 677 325 746 innodavit,
341 678 391 750 qui
413 677 539 749 antique
560 673 762 732 ecclesiastieae
782 667 985 728 consuetudini

164 769 355 840 adversantes,
371 772 535 824 sanctorum
559 763 699 837 imagines
713 761 842 818 venerari
858 763 989 816 contem-

164 865 273 916 nerent.
290 859 341 915 ilic
353 854 657 925 ordinavtteptseopos
668 851 824 925 octoginta,
840 848 989 921 presbyte-

165 962 213 1006 ros
223 947 327 1022 viginti
344 953 478 1018 quatuor,
492 944 629 1001 diaconos
643 946 710 999 tres.

372 1034 468 1092 xciii.
483 1063 519 1074 —
535 1034 561 1089 S.
576 1030 774 1089 zucnhhiis.

435 1121 526 1194 (Anno
540 1118 728 1186 0131311712.)

199 1214 361 1285 zacharias,
375 1214 491 1270 natione
505 1213 631 1284 Graecus,
647 1226 681 1269 33
697 1215 776 1283 33133
789 1207 988 1281 polychronio,

164 1307 240 1363 sedit
252 1318 343 1361 annos
356 1305 462 1375 decem,
480 1316 590 1378 menses
604 1306 672 1372 tres,
688 1302 752 1358 dies
762 1298 989 1372 quatuordecim,

165 1396 256 1466 liujus
280 1393 458 1466 temporibus
480 1393 685 1462 Kalomannus,
706 1390 786 1448 iilius
804 1389 989 1446 Karlomanni

166 1481 271 1560 [Caroli
294 1481 427 1560 hiartelli]
452 1485 623 1540 Francorum
644 1481 730 1554 regis,
755 1479 904 1551 presentis
924 1479 991 1535 vitae

164 1575 285 1647 gloriam
301 1580 329 1631 et
343 1578 508 1645 potestatem
525 1573 701 1644 relinquens,
720 1571 874 1629 clericatus
887 1570 989 1642 iugum

1046 398 1111 457 deat
1125 403 1190 459 31313
1203 403 1333 461 33311333
1347 404 1488 472 recedere,
1505 406 1537 460 ut
1551 400 1660 458 313113
1674 398 1812 470 episcopo
1823 401 1867 452 aut

1046 490 1212 563 presbytero
1222 493 1376 550 missarum
1389 493 1527 550 solemnia
1541 491 1746 562 suppleantur,
1761 486 1810 544 sed
1824 486 1867 556 qui

1047 579 1164 636 initium
1174 583 1281 654 posuit,
1291 583 1423 654 suppleat
1431 596 1522 654 nsque
1532 582 1561 639 13
1570 582 1668 640 tinem.
1678 576 1868 651 Sionisaliter

1046 683 1129 743 agere
1139 673 1364 745 praesumpserit,
1377 687 1393 730 3
1404 673 1554 730 Dominico
1563 684 1686 743 corpore
1695 672 1725 726 31
1734 667 1868 739 sanguine

1047 760 1088 817 sit
1102 775 1269 832 suspensus.
1292 763 1450 820 Praedictns
1469 774 1539 833 papa
1556 759 1705 818 universis
1719 756 1866 830 episcopis,

1047 852 1398 925 cunetisetiamducibus,
1405 851 1572 922 comitibus,
1581 849 1782 919 omnibusque
1789 847 1867 902 11333

1049 941 1220 999 timentibus
1245 956 1295 1013 per
1319 941 1428 999 Gallias
1453 947 1483 999 et
1507 942 1684 998 Francorum
1713 936 1868 1009 provincias

1048 1031 1219 1088 constitutis
1238 1031 1388 1103 epistolam
1402 1031 1568 1103 destinavit,
1584 1029 1613 1086 in
1627 1041 1688 1101 qua
1701 1039 1784 1084 omes
1797 1039 1870 1082 oom-

1050 1121 1172 1191 monnit,
1200 1126 1232 1178 ut
1252 1120 1341 1178 131333
1365 1127 1393 1178 31
1416 1120 1630 1190 schismaticos,
1662 1116 1826 1174 homicidas
1846 1121 1870 1173 et

1050 1208 1225 1268 fornicarios
1238 1211 1400 1268 sacerdotes
1414 1210 1449 1268 ab
1465 1210 1539 1281 ipsis
1552 1209 1743 1281 expellerent.

1254 1300 1603 1357 331-5133313113
1621 1300 1670 1355 iii.

1315 1389 1406 1462 (Anno
1418 1389 1520 1446 Christi
1532 1387 1607 1463 752.)

1085 1479 1256 1553 Stephanus,
1272 1480 1389 1537 natione
1403 1481 1558 1551 11333333,
1581 1493 1615 1536 33
1638 1484 1723 1551 patre
1737 1477 1872 1534 constan-

1050 1570 1122 1641 tino,
1145 1571 1221 1626 sedit
1239 1583 1330 1627 annos
1349 1569 1488 1641 quinque,
1508 1569 1571 1625 dies
1590 1567 1700 1640 viginti
1725 1570 1794 1622 1333.
1814 1567 1874 1622 Post

165 1663 260 1720 iiomae
281 1663 316 1719 ab
341 1663 404 1734 ipso
426 1675 499 1734 papa
528 1661 665 1732 suscepit.
685 1661 793 1718 Deinde
808 1660 844 1716 ad
867 1663 990 1715 montem
1011 1650 1161 1718 Bobitum
1172 1659 1314 1715 Zachariae
1330 1672 1408 1729 papae
1421 1658 1582 1728 Stephanus
1596 1656 1721 1729 quidam
1737 1655 1875 1727 presbyter

164 1752 460 1825 cassinumpervenit,
470 1752 570 1824 ibique
587 1750 750 1822 1331313313
761 1763 867 1807 33333
879 1746 992 1819 protes·

165 1840 256 1911 sione,
278 1839 467 1912 professionis
488 1841 618 1901 habitum
637 1842 736 1898 devote
751 1839 887 1912 suscepit.
904 1838 993 1908 Ejus-

162 1931 225 1987 dem
255 1943 334 2001 pape
358 1931 537 2002 temporibus
560 1931 731 1988 itateohisus
754 1925 993 2001 3313333133-

164 2018 266 2076 dorum
289 2019 412 2092 regalem
430 2020 600 2094 dignitatem
624 2019 800 2092 relinquens,
819 2032 836 2075 a
856 2017 992 2089 predicto

165 2122 237 2180 papa
262 2109 410 2182 detonsus,
440 2110 607 2168 monachico
635 2110 737 2168 habitu
760 2123 826 2166 cnm
854 2110 994 2166 3333331

166 2197 238 2255 iliis
267 2199 410 2257 induitur.
445 2200 497 2256 iiio
521 2200 669 2257 ordinavit
693 2199 843 2270 episcopos
873 2198 993 2272 triginta

166 2288 305 2360 quinque,
334 2288 514 2360 presbyteros
540 2289 644 2361 viginti
673 2296 740 2359 tres,
768 2289 907 2346 diaconos
932 2301 991 2344 sen.

164 2376 218 2433 iilo
231 2377 260 2433 in
274 2378 383 2449 synodo
398 2379 552 2437 coustituit
565 2385 597 2437 ut
606 2379 734 2451 episcopi
744 2393 809 2436 oum
821 2377 994 2435 mulieribus

165 2467 283 2523 omnino
308 2480 363 2523 non
395 2466 536 2540 habitent,
563 2473 591 2526 et
618 2468 775 2540 presbyteri
805 2467 847 2524 vel
877 2465 993 2523 diaconi

1051 1763 1068 1806 a
1090 1752 1195 1805 cuncto
1218 1748 1324 1819 populo
1348 1747 1456 1805 electus
1479 1749 1532 1812 est,
1557 1751 1585 1805 et
1609 1747 1641 1803 in
1666 1744 1874 1817 patriarchium

1052 1839 1275 1896 inthronizatus.
1298 1838 1354 1909 Qui
1380 1843 1444 1909 3331
1466 1836 1588 1894 biduum
1610 1836 1715 1893 subito
1737 1833 1877 1891 alienatus

1052 1927 1209 2000 obmutuit,
1229 1931 1259 1984 et
1276 1927 1324 1985 die
1343 1927 1475 1999 sequenti
1489 1924 1646 1983 deiunotus
1666 1929 1724 1982 est
1742 1925 1809 1981 l‘ost
1823 1923 1877 1979 hacc

1051 2031 1118 2075 3333
1133 2030 1231 2075 omnes
1248 2017 1426 2074 unanimiter
1445 2016 1522 2073 huno
1538 2015 1691 2088 eligentes,
1714 2014 1747 2071 iu
1765 2013 1877 2084 patriar·

1052 2107 1244 2177 chiumjunta
1253 2103 1877 2164 moremintrodnnernnt:eratenimamator

1052 2196 1249 2268 ecelesiarum,
1266 2195 1452 2252 traditionem
1473 2193 1704 2252 ecclesiasticam
1724 2192 1808 2250 llrma
1821 2197 1879 2249 su·

1053 2285 1169 2343 bilitate
1189 2299 1368 2344 conservans.
1392 2285 1484 2355 liujus
1507 2283 1689 2354 temporibus
1710 2280 1879 2352 histnlphns

1053 2364 1879 2449 1333313313313333,333333113133131133Ιωὶ333113

1054 2464 1191 2522 Romanis
1214 2463 1316 2521 intulit
1341 2463 1426 2534 mala,
1450 2463 1497 2519 sed
1523 2461 1651 2532 plurima
1676 2461 1809 2518 minatus
1830 2463 1877 2514 est

167 2555 405 2612 subintroductas
418 2556 554 2614 mulieres
568 2557 649 2615 nullo
664 2557 747 2614 modo
762 2570 858 2613 seeum
870 2556 996 2612 audeant
1053 2554 1132 2613 Unde
1143 2553 1299 2625 predictus
1312 2566 1384 2624 papa
1396 2557 1513 2610 coaetus
1524 2551 1681 2622 Pippinum
1696 2563 1794 2623 regem
1802 2549 1879 2606 Fran

168 2641 281 2714 habere,
299 2643 357 2699 nisi
374 2648 503 2715 matrem,
522 2651 550 2701 31
565 2645 632 2702 11133
647 2660 710 2717 quar
725 2645 906 2715 suspiciones
919 2643 996 2700 eilu-
1054 2645 1106 2702 ciae
1123 2645 1300 2715 postulatum
1316 2642 1460 2700 auxilium
1482 2640 1567 2712 adiit,
1586 2644 1692 2698 contra
1708 2653 1796 2713 ouem
1810 2640 1881 2696 veuit

169 2732 427 2804 giunt3alioquin
443 2732 550 2805 gradus
561 2734 608 2790 sni
625 2733 774 2805 priventur
791 2733 908 2790 honore.
925 2736 994 2790 ltem
1054 2733 1265 2792 Karlomaunns
1289 2730 1378 2789 irater
1404 2731 1494 2804 regis,
1529 2730 1664 2803 quamvis
1705 2728 1881 2796 monachus3

169 2821 273 2877 statuit
288 2824 321 2876 ut
334 2819 473 2891 episcopi,
491 2821 659 2892 presbyteri,
675 2822 791 2880 diaconi
807 2822 996 2880 saecularibus
1055 2822 1192 2895 malignis
1207 2827 1301 2878 tamen
1316 2820 1464 2892 histnlphi
1479 2817 1670 2877 suasionibus
1689 2809 1840 2890 deeeptus,
1855 2822 1883 2874 ut

168 2908 348 2965 indumentis
361 2908 479 2965 minime
493 2914 621 2981 utantur,
632 2910 701 2982 nisi,
714 2916 746 2968 ut
755 2910 900 2982 condecet,
913 2911 997 2968 tuni-
1055 2913 1119 2983 ejus
1143 2911 1310 2982 petitionem
1336 2912 1366 2967 in
1390 2910 1507 2966 irritum
1529 2910 1657 2966 duceret.
1686 2908 1755 2979 Sed,
1779 2906 1882 2964 [13311

170 3010 203 3053 ca
227 2997 424 3055 sacerdotali:
449 3000 497 3056 sed
523 3002 703 3071 nequedum
732 2999 942 3057 ambulaverint
965 3001 995 3057 in
1014 2983 1039 3047 ὓ
1056 3007 1167 3074 agente,
1193 3001 1333 3072 propositi
1355 2999 1483 3057 inefficax
1503 2998 1628 3070 exstitit,
1643 3002 1675 3054 et
1699 2997 1743 3054 ibi
1768 2997 1882 3054 idemin

170 3085 299 3159 civitate,
314 3093 365 3144 ant
380 3087 409 3144 in
427 3087 483 3160 313,
499 3093 550 3145 331
568 3088 597 3145 13
614 3089 728 3161 plateis,
749 3090 813 3146 sine
829 3089 996 3147 indumento
1057 3091 1177 3148 Francia
1190 3091 1220 3147 13
1236 3090 1409 3148 3333313313
1423 3103 1440 3146 3
1455 3087 1543 3145 133133
1557 3093 1701 3157 31313133,
1715 3087 1808 3144 31133
1822 3086 1885 3143 hui·

172 3181 346 3246 presumant
358 3176 517 3250 ambulare,
530 3178 587 3235 nisi
602 3179 632 3234 in
645 3178 749 3236 itinere
768 3178 853 3251 longo
863 3179 998 3236 ambula·
1057 3180 1116 3238 vit:
1136 3178 1264 3251 pontifex
1277 3193 1342 3236 vero
1354 3180 1429 3250 apud
1446 3192 1539 3252 regem
1554 3177 1734 3234 voluntatem
1750 3191 1814 3233 sue
1825 3175 1887 3247 peti·

160 3265 266 3323 'verint
279 3284 286 3321 ι
302 3266 371 3337 quia
384 3267 517 3324 sacerdos
528 3268 664 3325 incedens
676 3269 740 3326 sine
750 3268 927 3339 operimento
939 3267 997 3324 sibi

171 3369 310 3428 congruo,
327 3357 519 3414 sacerdotium
539 3371 624 3414 suum
636 3357 780 3429 deturpat.
796 3356 916 3427 Quodsi
931 3371 999 3427 prae·

173 3444 337 3517 sumpserit,
354 3446 556 3503 communione
575 3447 713 3518 privetur,
734 3446 833 3513 donec,
851 3460 913 3517 qna
936 3450 993 3502 sta·

119 3528 130 3546 ⁰
173 3538 234 3590 tnta
261 3538 338 3596 sunt,
368 3534 525 3604 adimplere
550 3540 680 3592 maturet.
708 3536 786 3602 item,
822 3542 853 3592 ut
881 3533 1001 3605 presby-

173 3623 228 3678 teri
252 3628 281 3678 31
304 3623 419 3679 diaconi
445 3638 500 3680 nou
524 3627 644 3681 utantur
672 3623 819 3693 monacha,
846 3624 889 3679 vei
912 3623 999 3678 etiam

175 3710 324 3781 spirituali
354 3717 517 3768 commatre.
545 3714 615 3768 Nam
645 3714 695 3784 qui
727 3712 894 3783 hujusmodi
927 3725 1001 3782 opus

175 3800 389 3872 perpetraverit,
419 3802 493 3858 sciat
519 3815 549 3857 33
571 3802 762 3858 anathematis
786 3801 901 3859 vinculo
922 3801 1002 3858 obli-

177 3892 285 3960 gatum,
321 3892 349 3943 31
379 3889 429 3945 liei
461 3888 575 3958 jndicio
604 3891 834 3960 condemnatum,
866 3895 953 3962 atque
984 3905 1001 3947 a

177 3987 259 4031 sacro
287 3988 406 4045 corpore
438 3980 466 4032 et
498 3978 640 4048 sauguine
671 3979 786 4036 Domini
815 3980 906 4037 nostri
935 3981 1001 4036 iesu

1057 3269 1148 3327 113313
1163 3269 1301 3326 obtinuit.
1315 3270 1367 3324 llio
1382 3267 1528 3326 ordinavit
1542 3267 1699 3338 episcopos
1712 3266 1883 3338 quindecim,

1058 3359 1238 3431 presbyteros
1250 3359 1333 3425 duos,
1349 3358 1488 3415 diaconos
1502 3356 1585 3414 dnos
1602 3355 1772 3413 petunctus
1786 3360 1831 3413 est
1842 3368 1885 3411 an·

1032 3515 1036 3524 Ι
1059 3452 1116 3505 133
1131 3463 1158 3505 33
1172 3447 1290 3504 Kalend.
1306 3447 1386 3503 biaii.

1094 3538 1253 3595 Praedictus
1273 3535 1402 3608 33311133
1417 3536 1447 3592 13
1469 3536 1592 3608 quadam
1613 3535 1744 3606 epistola
1766 3535 1804 3592 de
1819 3532 1885 3590 inlr

1061 3628 1172 3684 3113113
1199 3641 1259 3683 suae
1287 3625 1458 3682 liberatione
1488 3624 1530 3681 113
1560 3624 1636 3680 13133
1666 3629 1776 3681 331333
1804 3622 1883 3680 dioit:

1060 3717 1127 3773 Cum
1142 3717 1204 3785 jam
1226 3716 1326 3771 medici
1346 3716 1531 3787 desparerent,
1553 3716 1599 3783 siti
1617 3715 1694 3770 sicut
1714 3717 1748 3769 in
1775 3715 1884 3769 33311311

1060 3808 1091 3862 in
1113 3807 1224 3861 ecclesio
1245 3806 1276 3860 it.
1299 3808 1431 3874 martyris
1453 3805 1572 3861 ilioni-sii
1602 3804 1705 3860 subtus
1736 3815 1883 3875 computrue

1061 3900 1087 3952 et
1100 3895 1160 3950 vidi
1173 3900 1236 3950 onte
1250 3895 1338 3950 altore
1355 3895 1484 3950 3133333
1501 3894 1610 3949 Petrum
1630 3898 1658 3949 et
1678 3893 1816 3949 domnum
1827 3893 1884 3947 Fon

1063 3987 1129 4049 lum,
1151 3989 1178 4041 et
1202 3989 1267 4039 nota
1291 3988 1379 4039 mente
1401 3984 1464 4038 illos
1489 3985 1645 4052 3333333331,
1674 3987 1701 4038 31
1727 3981 1882 4038 1331133311

48 4056 58 4065 ’
176 4063 285 4126 Christi
310 4063 448 4136 alienum,
474 4071 617 4124 statuente
639 4070 797 4140 apostolica
817 4082 949 4127 censura.
969 4070 1004 4124 Et
1062 4076 1223 4146 1133313133
1241 4073 1278 4129 od
1297 4073 1485 4128 3133133311.
1501 4073 1576 4128 Petri
1595 4072 1728 4128 subtilem
1750 4077 1778 4128 et
1800 4073 1885 4141 133313

179 4153 1005 4231 quicunquesacerdotumtalibuseommunlcarepraesum·
1062 4180 1128 4221 rem.
1158 4166 1287 4235 Dicitque
1318 4163 1433 4218 domnus
1457 4164 1573 4218 Petrus:
1603 4163 1659 4216 iiie
1686 4164 1783 4231 trater
1809 4165 1886 4216 noster

181 4241 278 4316 pscrit,
293 4257 392 4302 eornm
407 4247 552 4305 consortio
564 4249 779 4321 condemnatus,
792 4249 945 4306 sacerdotii
957 4247 1002 4304 sui
1060 4255 1184 4327 33313131
1196 4257 1351 4310 sanitatem.
1368 4255 1403 4308 111
1417 4252 1489 4307 dicit
1508 4252 1540 4306 Β.
1563 4251 1692 4306 Paulus:
1715 4251 1800 4306 11οά3
1820 4264 1886 4306 sone

181 4335 618 4411 honoreprivetnr.Siantemhi,
629 4338 1004 4411 quiconvietisunt,admo-
1022 4339 1050 4402 D
1067 4345 1149 4399 11133.
1171 4346 1206 4399 Et
1222 4345 1448 4414 appropinquans
1471 4342 1545 4396 31311
1559 4355 1676 4395 monum
1695 4356 1781 4396 33333
1799 4339 1836 4396 od
1851 4353 1888 4409 pe

181 4423 1007 4500 nitideclinaverint,etabadulterioiueriutdivisi,poeni-

180 4514 500 4589 tentiaesubmittantur,
513 4522 545 4573 ut
555 4516 748 4574 sacerdosloci
756 4516 923 4587 providerit.
938 4519 1006 4573 item

176 4603 216 4664 ,de
233 4603 417 4677 presbyteris,
433 4607 575 4677 diaconis,
598 4619 649 4662 seu
665 4604 790 4677 clericis,
807 4607 858 4677 qui
882 4607 957 4662 inter
976 4620 1007 4663 se
1067 4615 1176 4682 3331333
1199 4611 1350 4665 hilariter:
1378 4608 1547 4677 1113333113
1573 4610 1612 4661 est
1634 4607 1838 4677 3331133313.
1861 4605 1888 4656 iit

182 4702 297 4747 333333
318 4692 481 4766 habuerint,
502 4693 583 4751 nullo
603 4694 686 4752 modo
706 4702 860 4766 33333331
880 4695 1007 4767 33111313
1065 4702 1213 4770 Dionysius
1227 4701 1337 4755 3331333
1352 4699 1390 4754 od
1403 4714 1444 4753 me
1460 4699 1519 4752 ott:
1533 4697 1595 4751 Poe
1608 4699 1713 4761 tecum,
1730 4699 1889 4766 [33133333

1066 4438 1124 4489 ctus
1152 4434 1245 4488 domni
1274 4433 1408 4502 dyonysii
1433 4430 1626 4501 amicabiliter,
1656 4432 1835 4500 respexitque
1858 4425 1887 4481 od

1066 4524 1195 4578 dmnnum
1220 4523 1339 4576 Petrum.
1363 4518 1623 4576 Ε1311311313333313
1646 4519 1751 4574 Petrus
1773 4518 1889 4574 3111113-

184 4779 408 4837 auctoritatibns
436 4782 694 4853 interpellationem
721 4784 820 4857 iacere,
857 4785 914 4842 nisi
955 4798 1007 4841 suo

184 4864 319 4936 episcopo
335 4885 341 4922 :
365 4874 394 4925 et
414 4871 439 4927 si
455 4870 551 4929 lorsan
566 4874 718 4945 episcopus
732 4887 846 4932 oausam
863 4873 1007 4939 habuerit,

184 4953 218 5010 ad
235 4955 363 5016 vicinum
378 4962 544 5033 episcopum
559 4965 727 5039 coniugium
743 4966 860 5037 iaciant,
874 4966 1009 5036 1331333-

186 5061 293 5104 nonum
315 5054 430 5110 statuta.
450 5055 486 5112 Et
504 5056 664 5116 31313133
685 5059 859 5127 convenerit,
878 5056 1010 5115 3131331-

185 5138 272 5196 datur
292 5140 430 5200 13133333
450 5147 605 5217 contentio,
626 5148 660 5204 ad
682 5148 868 5218 apostolicam
893 5147 1010 5203 veniant

1067 4791 1201 4852 morieris,
1217 4789 1300 4843 donee
1322 4789 1359 4842 od
1382 4787 1471 4842 sedern
1491 4790 1567 4840 tunm
1585 4799 1723 4856 prospere
1743 4784 1887 4841 reuerteris

1063 4880 1163 4952 ,Scope
1188 4884 1213 4933 et
1236 4879 1284 4933 hoc
1307 4879 1395 4933 altere
1416 4879 1446 4931 in
1469 4875 1568 4931 bonore
1589 4875 1651 4944 Dei,
1677 4879 1707 4931 et
1727 4875 1889 4931 3333331131

1068 4968 1249 5039 apostotorum
1272 4968 1346 5022 Petri
1368 4971 1393 5022 et
1415 4966 1497 5021 Potiti
1523 4965 1641 5021 dedica:
1666 4979 1794 5036 33333313
1817 4974 1889 5019 scote

1067 5061 1170 5127 factes,
1184 5056 1295 5128 implevi
1308 5070 1369 5131 puer
1377 5055 1460 5126 jusso
1472 5057 1552 5110 sunt.

1306 5143 1443 5200 11611.-
1460 5144 1489 5200 S.
1510 5141 1652 5200 cnutus

185 5230 290 5287 sedem.
312 5231 343 5288 si
364 5233 432 5303 quis
458 5247 523 5290 vero
543 5242 645 5305 praeter
669 5242 774 5294 statuta
796 5236 1010 5308 presumpserit
1333 5232 1425 5307 (Anno
1439 5227 1628 5306 6131311751.)

185 5335 278 5393 agere,
300 5322 407 5395 gradus
425 5323 471 5379 sui
496 5323 603 5381 honore
626 5326 765 5396 privetur,
784 5332 813 5382 et
834 5327 870 5382 ab
891 5326 1011 5384 ecclesia
1105 5325 1220 5391 Paulus,
1237 5325 1353 5382 natione
1368 5325 1522 5394 Romanus,
1538 5336 1573 5380 ex
1593 5327 1677 5394 patre
1696 5321 1889 5387 0333133113,

188 5411 321 5482 pellatur,
346 5411 520 5485 usquedum
536 5425 622 5470 causa
642 5416 801 5485 susceperit
820 5416 913 5473 linem.
931 5420 1009 5491 item,
1071 5416 1146 5474 sedit
1158 5429 1251 5474 annos
1264 5416 1370 5486 decem,
1392 5427 1516 5472 mensem
1532 5425 1635 5470 unum.
1651 5411 1685 5468 ln
1700 5413 1794 5484 hujus
1807 5417 1890 5469 33133

190 5505 222 5557 31
242 5503 405 5575 episcopus,
426 5509 478 5560 aut
500 5503 656 5576 presbyter,
677 5504 746 5561 dum
763 5505 910 5577 ingressus
928 5506 1018 5565 luerit
1067 5505 1206 5563 electione
1229 5504 1354 5576 populus
1374 5504 1519 5562 11333333
1542 5500 1739 5560 divisusest.
1766 5503 1836 5558 Nam
1847 5497 1891 5555 alii
