3876 6090
125 279 175 337 383
516 285 786 341 tNtEltt’ttErxtttl
805 286 928 343 st'a'dut
948 288 994 343 l'tt
1012 291 1252 349 ttEa'dttntts.—
1271 296 1371 354 actio
1391 300 1432 353 l'l.
1776 302 1830 362 386

126 407 234 477 indigui
252 414 330 477 suut,
346 410 496 482 largiatur,
512 410 581 466 Ario
595 411 706 467 seilicet
720 417 748 468 et
762 413 883 469 delicet
899 415 951 484 Eu·
966 413 993 472 A
1007 415 1081 470 cavit
1093 417 1201 489 dicens,
1221 419 1289 475 drio
1304 421 1446 493 videlieet,
1464 425 1615 494 Eunomio,
1646 427 1785 500 Eudoxio,
1802 437 1835 486 et

125 497 262 553 nemioct
286 499 428 569 Eudoxio,
446 501 515 570 quin
531 500 627 570 potius
642 507 669 556 et
691 502 790 558 multis
805 503 882 573 aliis,
901 517 950 572 per
1005 505 1096 561 detio.
1126 509 1180 577 lpsi
1207 519 1299 565 :tutem
1326 519 1410 580 prout
1436 513 1562 569 dicerent
1592 514 1670 582 Filii,
1702 516 1831 574 dicentes

124 600 193 656 quos
215 587 381 643 idololatria
404 603 467 658 quae
491 591 548 658 jam
573 588 723 649 defecerat.
746 593 850 660 dervuo,
874 592 950 647 sicut
1004 594 1123 666 Christi,
1150 604 1258 653 mutato
1283 613 1367 656 sensu
1394 601 1422 656 in
1444 601 1649 658 venerabilium
1672 602 1830 675 imaginum

124 673 229 730 dictum
255 683 308 746 est,
325 677 441 733 nomine
461 678 691 733 Christianitatis
708 680 824 736 irulucta
840 687 883 736 est
911 677 949 750 [et
1006 679 1202 740 formationem
1230 686 1434 758 blasphemiam
1464 691 1556 745 conati
1583 696 1651 746 sunt
1676 705 1828 760 usurpare.

125 764 238 819 omnino
252 771 492 836 nactusapostata
506 766 636 823 homiues
655 768 746 824 totius
765 771 828 838 ejus
842 768 950 839 nequi·
1004 772 1097 843 Igitur
1111 780 1138 828 et
1152 775 1180 828 in
1196 775 1248 829 hirc
1259 773 1405 847 falsiloqui
1423 778 1540 848 quidam
1554 785 1582 834 et
1598 780 1746 835 mendaces
1767 793 1830 834 ma-

126 853 168 908 tie
181 866 310 922 capaces.
331 855 432 910 arium
456 856 583 926 inquam,
605 857 729 921 betium,
748 860 819 914 Eun.
835 858 905 912 Eud.
921 864 948 913 et
1004 860 1186 933 nifestantur,
1201 864 1250 932 qui
1268 869 1295 918 et
1307 863 1435 920 inierunt
1448 880 1511 936 cquae
1527 867 1607 922 licita
1625 867 1830 923 minimecom-

127 948 254 1010 praeces
277 943 384 1000 multos
398 944 482 1015 alios,
499 959 548 1015 per
570 946 648 1015 ipsos
663 946 945 1017 idololatriaeque,

128 1027 263 1104 reduxitl.
288 1033 321 1087 Et
348 1031 477 1089 obtinuit
500 1034 630 1089 homines
652 1034 780 1106 languor,
807 1035 856 1105 qui
883 1048 948 1089 ser-

128 1119 234 1176 vierunt
259 1125 398 1177 creaturae
419 1123 515 1192 potius
540 1137 625 1194 quam
647 1124 792 1192 Creatori,
815 1125 854 1180 lta
877 1131 908 1180 ut
920 1129 948 1179 et

130 1210 231 1265 auxilio
240 1210 323 1266 illius
336 1213 473 1282 temporis
484 1212 686 1282 imperatorum
699 1215 828 1284 deceptio
837 1214 947 1270 confor-

131 1305 237 1370 taretur,
253 1306 282 1355 et
297 1314 396 1356 amnes
407 1300 576 1357 excellentes
592 1302 772 1372 principatus
785 1318 836 1373 pro
848 1304 944 1359 eodem

133 1387 256 1458 languore
276 1393 428 1446 certarent.
447 1386 522 1463 {Gr.,
549 1392 619 1447 Cum
635 1405 702 1462 ergo
722 1406 821 1447 omnes
841 1406 947 1462 prope·

135 1477 233 1533 nodum
248 1477 379 1534 homines
393 1479 427 1534 ad
442 1487 623 1550 partemque
638 1480 814 1551 praevalebat,
828 1482 945 1537 transis

136 1573 193 1637 veut,
207 1572 286 1638 tunc,
300 1573 354 1624 etc.
367 1566 376 1641 j
392 1571 471 1624 Tunc
485 1584 518 1625 ex
531 1571 588 1625 Deo
603 1571 814 1627 demonstratur
825 1585 945 1642 maguus

137 1655 253 1727 Basilius,
277 1658 517 1728 quemadmodum
533 1659 610 1714 Elias
623 1659 677 1715 sub
698 1660 794 1715 Achab
807 1659 814 1729 l
823 1661 865 1714 lll
877 1663 940 1727 Req.

140 1741 170 1813 tt,
183 1747 305 1817 etseq.):
325 1747 376 1816 qui
390 1747 550 1803 sacerdotio
568 1749 626 1818 jam
640 1750 849 1819 quodammodo
861 1731 983 1806 deoi-B

139 1833 349 1891 dentiauxilium
367 1836 504 1906 praebens,
526 1837 613 1892 voluti
636 1839 785 1907 quamdam
804 1839 945 1895 dedolen-

140 1931 179 1979 tem
196 1925 337 1982 lucernam
363 1927 479 1982 verbum
496 1927 561 1982 fidei
577 1941 627 1997 per
648 1928 767 1998 gratiam
781 1943 842 1999 cquae
856 1929 944 1984 inba-

141 2011 224 2069 bitabat
244 2014 273 2069 in
300 2028 344 2086 eo,
362 2030 464 2070 rursus
488 2015 716 2085 resplendescere
743 2015 819 2073 lecit.
844 2020 943 2073 luten-

141 2101 218 2157 danus
239 2104 313 2173 quod
344 2116 443 2158 verum
467 2111 520 2172 est,
543 2105 611 2175 quia
642 2110 719 2160 totus
742 2106 828 2175 hujus
848 2107 941 2162 fratris

141 2203 217 2246 susus
237 2192 373 2248 adversus
397 2192 459 2247 Arii
483 2191 559 2248 iuria
585 2194 744 2251 laborantes
768 2196 938 2252 intenditur.

141 2278 195 2335 llicit
215 2281 289 2336 enim
316 2286 447 2337 sanctum
462 2281 600 2338 basilium
617 2283 678 2338 illis
697 2285 873 2354 temporibus
887 2286 942 2341 de-

1004 950 1173 1020 probantur.

1204 1060 1350 1127 Grcqorv'us
1366 1063 1506 1132 episcopus
1522 1063 1606 1130 legit:

1039 1186 1051 1216 α
1064 1167 1458 1237 proptereaquemadmodum
1468 1170 1536 1225 olim
1545 1171 1626 1226 lesus
1637 1170 1741 1227 salutis
1750 1172 1827 1243 quod

1002 1271 1016 1303 o
1034 1260 1137 1310 nostrae
1152 1264 1251 1311 auctor
1263 1262 1290 1311 et
1314 1265 1526 1314 consummator
1541 1259 1773 1328 sapientissimos
1787 1260 1829 1317 di·

1002 1359 1016 1391 s
1033 1343 1161 1413 scipulos
1174 1360 1242 1401 suos
1257 1347 1346 1403 sancti
1361 1345 1488 1416 Spiritus
1500 1347 1623 1404 induens
1637 1349 1755 1420 virtute,
1777 1363 1828 1420 pro

1001 1433 1235 1490 »imminutione
1256 1434 1367 1506 talium,
1389 1436 1417 1490 in
1436 1449 1547 1492 omnem
1569 1442 1673 1493 terram
1690 1437 1798 1494 direxit
1818 1456 1825 1493 :

1001 1539 1014 1571 s
1032 1521 1072 1577 ita
1087 1534 1163 1578 nunc
1177 1521 1299 1579 farinulos
1312 1539 1380 1580 suos
1392 1530 1420 1580 et
1432 1525 1627 1594 apostolorum
1647 1526 1825 1598 consimiles,

1000 1627 1014 1659 s
1032 1610 1129 1666 fideles
1146 1611 1278 1668 videlicet
1302 1613 1487 1683 imperatores
1500 1620 1612 1670 nostros
1625 1615 1727 1686 erexit,
1744 1615 1827 1685 elus-

1000 1717 1013 1749 »
1030 1699 1093 1755 dem
1102 1701 1229 1770 Spiritus
1239 1702 1379 1771 sapientia
1392 1703 1536 1773 praeditos,
1562 1704 1703 1775 etdignos
1718 1704 1828 1760 virtute

1000 1787 1130 1857 eleetos,
1149 1790 1182 1844 ad
1200 1788 1400 1860 perlectionem
1422 1792 1533 1847 scilicet
1552 1797 1578 1848 et
1598 1793 1758 1849 doctrinam
1780 1806 1827 1850 no-

1000 1895 1013 1927 a
1030 1883 1127 1946 stram,
1142 1883 1227 1948 atique
1241 1879 1465 1936 destructionem
1482 1881 1706 1938 daemonicarum
1727 1883 1827 1939 muni-

999 1983 1012 2015 »
1028 1965 1137 2021 tionum
1151 1967 1350 2023 extollentium
1369 1982 1398 2024 se
1414 1976 1512 2025 contra
1528 1970 1677 2026 scientiam
1693 1971 1754 2040 Dei,
1775 1976 1825 2027 at-

998 2071 1011 2103 »
1029 2068 1083 2124 que
1095 2055 1324 2123 redargutionem
1337 2055 1487 2111 diabolicae
1497 2057 1756 2129 argumentationis
1769 2073 1823 2128 pa-

997 2160 1011 2192 »
1029 2144 1099 2198 riter
1111 2150 1139 2198 et
1151 2144 1268 2200 erroris.
1288 2162 1301 2193 n

1203 2268 1356 2337 Eiphnnv'rts
1375 2269 1506 2323 diaconus
1526 2270 1609 2336 legit:

142 2375 312 2439 nonstratum,
333 2370 442 2441 quibus
467 2370 565 2440 brius,
588 2373 757 2442 Eunomius,
779 2375 937 2437 Eudoxias,
1030 2374 1084 2443 Qui
1108 2374 1222 2430 locutus
1240 2381 1283 2430 est
1306 2375 1489 2445 iniquitatem
1510 2376 1593 2431 talem
1612 2376 1642 2431 in
1666 2377 1815 2434 Excelsum

143 2457 307 2531 iacelonius,
319 2460 410 2530 etqui
426 2461 502 2515 circa
520 2460 769 2532 illos,dissimiles
786 2458 937 2537 [rtnovnoei]
994 2462 1189 2533 aliquando?
1220 2477 1283 2532 quaa
1310 2463 1358 2519 liat
1385 2463 1436 2518 hac
1465 2464 1611 2533 impietate
1641 2465 1822 2522 crudeliori

141 2548 224 2604 seilicet
238 2555 266 2604 et
283 2549 467 2618 semiariani,
479 2554 637 2606 creaturam
656 2550 761 2606 Filium
777 2559 805 2608 et
819 2553 939 2608 l'erbum
994 2550 1017 2606 O
1040 2551 1239 2606 irreverentem
1253 2557 1280 2608 et
1298 2552 1452 2624 malignam
1477 2552 1701 2622 blasphemiaml
1718 2568 1734 2610 o
1749 2555 1819 2611 abs-

141 2635 346 2694 htrisetDeum
368 2644 497 2694 nostrum
521 2637 697 2708 fatebantur,
724 2646 857 2711 tanquam
883 2643 938 2697 [leo
993 2640 1139 2695 conditam
1167 2638 1294 2695 fraudem
1323 2648 1351 2696 et
1371 2641 1478 2696 variam
1513 2639 1698 2696 falsitatem!
1729 2646 1760 2698 ut
1785 2657 1819 2699 ex

141 2725 238 2797 quidem,
261 2727 308 2782 sed
335 2733 432 2782 creato
458 2727 613 2783 servientes
642 2724 704 2801 [Gn
727 2734 859 2800 tanquam
883 2732 939 2785 beo
994 2727 1090 2798 ipsius
1114 2729 1223 2784 diaboli
1248 2729 1494 2801 argumentatione
1516 2729 1650 2785 instructi
1675 2729 1816 2803 effantur,

141 2810 169 2868 illi
181 2814 222 2884 qui
238 2821 352 2870 creatus
366 2821 436 2882 erat,
453 2829 507 2871 ser.
521 2813 541 2889 l.
559 2816 637 2870 Unde
659 2817 800 2873 idolorum
813 2817 938 2875 cultores
995 2817 1061 2888 quia
1076 2818 1216 2873 visionem
1232 2824 1259 2872 et
1272 2817 1392 2889 vultum,
1410 2832 1473 2888 quae
1489 2817 1565 2873 clare
1579 2831 1630 2874 nos
1644 2824 1672 2874 et
1686 2832 1818 2889 expresse

137 2899 254 2967 justetam
270 2903 383 2974 abipso
406 2917 520 2975 quama
539 2905 681 2960 catholica
702 2905 826 2961 Ecclesia
841 2907 939 2963 uomi-
993 2904 1027 2960 ad
1044 2905 1164 2975 gloriam
1181 2906 1230 2960 Dei
1252 2920 1337 2962 manu
1362 2907 1569 2976 quodammodo
1589 2908 1709 2980 ducunt,
1725 2912 1754 2962 et
1767 2923 1818 2978 per

140 2997 225 3062 umtur,
240 3007 273 3049 eo
298 2994 373 3064 quod
392 3007 455 3049 eum
470 3007 553 3063 quem
575 2994 684 3064 colunt,
699 3009 733 3049 ex
751 3010 805 3050 non
819 3002 938 3053 exstan-
992 3008 1055 3063 que
1070 2994 1245 3050 humilitatis
1258 2995 1459 3050 celsitudinem
1477 2995 1527 3050 bet
1542 2995 1624 3051 Verbi
1647 2997 1817 3053 considera-

138 3077 193 3136 tibus
204 3086 234 3138 ut
251 3089 326 3138 esset
344 3082 487 3139 fateantur
508 3083 649 3153 ellectum,
666 3084 752 3140 sicuti
773 3085 868 3140 omnis
884 3099 937 3141 eo-
951 3090 976 3153 c
993 3097 1066 3153 mus,
1077 3090 1106 3138 et
1120 3084 1154 3138 ad
1166 3083 1391 3139 conversationis
1405 3084 1468 3153 eius
1480 3097 1565 3154 quam
1577 3084 1606 3139 in
1619 3098 1703 3140 carne
1715 3086 1814 3157 gessit,

138 3180 180 3225 nn
201 3186 260 3243 quae
287 3172 405 3228 condita
428 3177 510 3241 sunt,
537 3177 677 3229 creatura.
702 3175 799 3243 ltaque
823 3180 935 3230 sanctas
992 3171 1020 3227 id
1034 3178 1086 3239 est,
1104 3171 1248 3241 passionis
1258 3177 1286 3226 et
1298 3171 1436 3226 salutaris
1452 3171 1553 3227 mortis
1567 3172 1630 3241 eius
1646 3175 1810 3229 memoriam

137 3252 248 3331 imagines
259 3260 420 3317 Christiani
434 3274 525 3330 neque
546 3261 614 3316 deos
631 3261 826 3331 nominarunt,
845 3276 935 3333 neque

136 3347 213 3404 ttdiis
231 3349 438 3417 deservierunt,
454 3361 545 3418 neque
560 3362 637 3418 spem
654 3349 758 3405 salutis
776 3363 835 3404 suae
850 3350 878 3404 in
892 3351 935 3406 eis

135 3431 260 3505 aliquando
277 3438 453 3503 habuerunt,
469 3451 560 3508 neque
573 3437 609 3492 ab
625 3436 686 3492 illis
700 3445 863 3508 exspectant
884 3438 935 3494 fu-

135 3523 204 3581 tumm
216 3527 372 3596 judicium,
391 3525 446 3581 nisi
461 3526 494 3581 ad
508 3526 730 3582 recordationem
746 3533 773 3582 et
784 3527 931 3583 monimen

133 3620 164 3665 tas
178 3612 318 3681 habentes,
339 3620 367 3669 ει
389 3627 484 3668 amore
507 3614 583 3668 circa
615 3613 731 3669 illarum
758 3615 930 3685 principalia

133 3696 266 3771 lagrantes,
283 3703 335 3759 bas
349 3710 377 3759 et
391 3703 514 3773 amplexi
531 3709 609 3771 sunt,
624 3709 651 3758 et
673 3704 847 3760 honoranter
859 3705 933 3761 ada

132 3797 249 3847 nvemnt:
267 3802 326 3851 nou
337 3797 431 3847 tamen
441 3791 548 3847 divinae
560 3792 606 3847 his
616 3792 766 3847 servitutis
779 3792 820 3846 vel
833 3793 930 3848 cultus

130 3874 226 3935 tdcium
243 3881 445 3951 impenderunt
457 3878 571 3951 (abesto
590 3880 761 3952 calumnia),
778 3882 826 3935 sed
839 3894 929 3952 neque

129 3962 176 4023 diis
186 3969 363 4040 quibuslibet
376 3969 470 4025 rebus.
487 3969 587 4025 hriani
602 3976 696 4025 autem
711 3975 848 4025 creaturae
865 3983 930 4025 cova-

129 4063 285 4114 numerantes
300 4058 350 4113 Dei
367 4057 473 4113 Filium
497 4063 525 4113 et
542 4056 674 4128 l'erbum,
690 4057 772 4114 abeo
788 4072 864 4127 spem
879 4072 930 4113 sa-

129 4136 179 4200 lutis
192 4161 249 4202 suae
262 4146 457 4218 predicabant
477 4145 589 4215 habere,
607 4152 635 4201 et
658 4160 707 4215 per
716 4160 781 4202 eum
796 4144 926 4202 futurum

125 4226 243 4295 indicium
254 4235 337 4292 edici.
355 4236 446 4305 liuius
461 4236 501 4290 rei
518 4234 610 4306 gratia
630 4234 763 4306 egregius
777 4236 859 4290 Pater
877 4249 928 4289 ar-

127 4332 194 4388 guens
217 4324 284 4381 illos
300 4325 360 4380 ait:
385 4326 472 4395 lianc,
488 4324 515 4379 id
540 4329 583 4378 est
603 4330 774 4395 creaturam,
797 4324 925 4394 adorare,

990 3259 1143 3328 trahimur,
1160 3259 1332 3315 daemonicas
1349 3258 1524 3314 munitiones
1538 3259 1707 3317 extollentes
1719 3275 1749 3317 se
1761 3261 1809 3317 ad·

989 3362 1089 3403 versus
1112 3348 1260 3403 scientiam
1280 3347 1341 3415 Dei,
1358 3354 1386 3402 et
1400 3347 1571 3402 diabolicam
1587 3350 1811 3420 argumentatio·

990 3451 1052 3492 nem
1068 3443 1231 3493 eterrorem
1253 3436 1316 3492 ausi
1339 3440 1407 3491 sunt
1430 3449 1603 3505 nuncupare.
1629 3439 1811 3492 intenderent

988 3539 1051 3582 vere
1066 3542 1160 3580 cretam
1175 3540 1258 3581 suum
1281 3541 1336 3578 cetu
1356 3539 1488 3585 umcrram,
1512 3527 1542 3576 ut
1561 3525 1691 3591 srcqittcnl
1713 3527 1741 3578 in
1764 3542 1813 3580 oc-

987 3617 1066 3670 cultis
1092 3615 1295 3668 immaculatum
1320 3613 1393 3681 (Psoi
1420 3612 1512 3683 extit.)
1533 3612 1560 3666 st
1591 3612 1668 3667 enim
1695 3612 1809 3669 conlite-

988 3711 1096 3772 rentur,
1104 3719 1155 3774 pro
1166 3702 1368 3759 imminutione
1379 3702 1521 3756 idolorum
1535 3701 1651 3756 indutos
1662 3701 1811 3758 virtuteex

985 3793 1043 3849 alto
1055 3799 1168 3849 sanctos
1179 3791 1349 3861 discipulos,
1361 3789 1528 3845 adveniente
1543 3802 1630 3858 super
1640 3803 1688 3845 eos
1698 3789 1810 3859 Spiritu

985 3888 1092 3951 sancto,
1118 3879 1208 3935 luisse
1233 3879 1346 3950 missos,
1374 3892 1430 3933 raon
1459 3877 1560 3947 utique
1583 3876 1713 3933 dicerent
1736 3878 1809 3935 alios

984 3977 1101 4039 erectos,
1119 3974 1269 4039 postquam
1292 3966 1418 4023 obtinuit
1439 3965 1555 4021 illorum
1573 3966 1692 4022 traditio
1706 3970 1735 4021 ει
1753 3967 1810 4022 do-

983 4059 1076 4114 ctrina
1089 4071 1179 4113 annos
1192 4057 1309 4112 circiter
1334 4054 1525 4125 octingientos
1545 4061 1573 4110 et
1594 4056 1690 4110 Patres
1712 4056 1806 4111 saneti

985 4147 1056 4202 hanc
1076 4152 1109 4201 ut
1123 4159 1254 4201 ancoram
1270 4157 1398 4199 securam
1416 4142 1656 4198 confirmaverunt
1667 4149 1696 4198 et
1710 4142 1806 4198 stabi-

985 4235 1100 4291 lierunt.
1124 4232 1214 4289 Semel
1227 4232 1303 4288 enim
1326 4230 1528 4287 universaliter
1545 4231 1634 4301 erepti
1649 4245 1699 4300 per
1720 4231 1808 4286 Chri-

983 4329 1059 4380 stum
1082 4323 1117 4380 ab
1133 4322 1230 4389 idolis,
1245 4335 1299 4377 non
1315 4333 1431 4392 egemus
1452 4332 1539 4389 super
1560 4319 1649 4375 idolis
1663 4320 1802 4390 conqueri

126 4402 177 4465 luis
190 4413 354 4469 servitutem
373 4412 516 4479 exhibere,
532 4413 561 4467 in
584 4426 616 4467 ea
635 4410 740 4468 salutis
751 4425 829 4482 spem
846 4409 968 4472 habel)
985 4409 1056 4487 iste,
1072 4407 1235 4485 reprendtj:
1259 4409 1314 4464 nisi
1332 4407 1403 4465 forte
1427 4413 1600 4477 praesumant
1613 4407 1720 4478 dicere,
1738 4422 1805 4463 mu-

126 4499 201 4566 reeb
220 4502 281 4572 ipsa
304 4507 467 4570 exspectare
492 4501 647 4570 jndicium.
672 4502 745 4572 Ergo
770 4501 927 4571 probantur

124 4588 232 4647 uniatis
245 4591 453 4648 adulteratores
463 4591 551 4660 hujus
563 4605 662 4647 vocum
675 4591 811 4646 novitatis
826 4606 929 4662 propu-

123 4685 242 4752 maiores,
258 4687 286 4736 et
306 4681 462 4737 secundum
494 4679 661 4750 prophetam
679 4677 748 4751 (iso.
764 4680 793 4751 t)
817 4693 929 4750 caupo-

123 4777 176 4837 nes,
187 4771 334 4827 miscentes
345 4772 444 4826 vinum
457 4784 558 4840 aquae:
579 4775 607 4824 et
623 4783 678 4825 non
698 4771 785 4826 solem
802 4768 864 4839 hoo,
878 4769 925 4826 sed

121 4854 252 4915 etlalsarii
269 4865 451 4930 paternarum
466 4858 656 4914 traditionum
675 4857 766 4913 elieuti
783 4863 860 4914 sunt.
877 4860 926 4914 Eo

120 4939 169 4999 ism
181 4947 282 5018 quippe
304 4946 414 5003 deifero
438 4948 520 5002 Patre
534 4946 656 5016 dicente,
670 4947 719 5002 bei
746 4942 822 5020 [Gr.,
838 4943 925 5021 Filii]

119 5034 245 5090 roratione
269 5049 286 5090 n
308 5036 453 5104 minatam,
478 5035 533 5105 ipsi
548 5035 672 5091 volentes
697 5035 726 5089 in
744 5035 924 5107 imaginalem

119 5116 296 5180 bmattouem
310 5138 425 5180 sensum
436 5123 600 5193 transferre,
618 5138 669 5193 pro
683 5124 750 5179 Filii
767 5124 923 5194 vocatione,

116 5206 205 5268 (bristi
220 5214 368 5270 vocatione
383 5211 454 5268 falso
469 5211 572 5286 profati
590 5218 667 5269 sunt.
684 5211 866 5269 Manifestum
882 5218 925 5269 est

114 5300 178 5356 enim
192 5304 265 5374 quod
280 5303 390 5371 dicens,
417 5303 484 5358 Filii
501 5302 650 5358 vocatione
667 5301 853 5373 nominatam,
869 5303 925 5359 ad-

113 5400 197 5448 versus
210 5392 333 5448 Arianos
359 5391 597 5460 pronuntiaverit,
610 5390 640 5446 iu
652 5404 804 5461 supernam
821 5398 849 5448 et
875 5392 924 5447 in-

108 5484 219 5535 creatam
229 5480 358 5536 divinam
373 5480 583 5551 generationem
600 5478 667 5533 Filii
682 5478 922 5548 blasphemantes.

108 5564 215 5641 Propter
226 5570 303 5642 quod
322 5575 351 5626 et
366 5568 507 5640 primores
520 5567 649 5639 ejusdem
672 5567 810 5626 hereseos
823 5568 925 5640 publi-

983 4501 1119 4558 tationem
1135 4498 1236 4555 iactam
1256 4499 1287 4554 in
1301 4495 1435 4566 Ecclesia,
1451 4500 1479 4550 ει
1498 4495 1573 4567 leges
1585 4493 1659 4550 alias
1672 4500 1699 4550 ει
1719 4495 1805 4551 ordi-

984 4591 1113 4646 nationes
1136 4588 1272 4656 traditas3
1290 4586 1458 4642 inducentes
1473 4584 1557 4641 nobis
1580 4583 1745 4640 occasiones
1759 4583 1804 4639 ir-

983 4677 1169 4736 mtionabiles
1181 4682 1210 4732 et
1224 4676 1372 4748 negatione
1386 4673 1512 4730 refertas.
1530 4675 1586 4729 lloc
1602 4673 1678 4728 enim
1690 4687 1804 4730 rumore

983 4768 1070 4826 iortes
1086 4767 1135 4822 isti
1155 4765 1365 4821 tumultuantes
1386 4762 1531 4834 dicebant,
1547 4762 1625 4818 sicut
1638 4761 1707 4817 olim
1722 4763 1804 4820 lesus

982 4859 1086 4916 salutis
1101 4862 1204 4912 nostrae
1216 4859 1316 4910 auctor
1330 4859 1357 4908 et
1370 4858 1590 4909 consummator.
1607 4851 1679 4907 llinc
1693 4852 1804 4908 accedit

981 4949 1025 5005 eis
1047 4948 1160 5003 dicere:
1178 4944 1259 4998 Omne
1271 4942 1345 5011 quod
1358 4942 1521 5010 orttiquotur
1532 4945 1557 4994 el
1569 4942 1692 5004 senescit,
1715 4956 1803 5011 prope

981 5038 1121 5092 interitum
1135 5038 1165 5104 pt
1182 5029 1274 5106 [ltebr.
1290 5027 1351 5104 viu]
1364 5048 1370 5084 ε
1385 5035 1413 5084 ει
1432 5029 1500 5101 quia
1520 5029 1669 5099 antiquata
1682 5035 1724 5084 est
1738 5042 1803 5098 apo

981 5126 1119 5183 stolorum
1132 5120 1274 5191 doctriua,
1288 5132 1387 5175 novam
1404 5132 1455 5175 nos
1471 5131 1659 5188 procuramus
1673 5118 1798 5189 erigere:

981 5215 1048 5286 quia
1071 5220 1099 5269 et
1124 5214 1232 5283 Moyses
1253 5215 1281 5264 et
1304 5208 1397 5263 daron
1420 5207 1579 5264 saserdotes
1601 5206 1692 5263 simili
1719 5205 1800 5260 modo

980 5303 1071 5360 inisse
1097 5301 1262 5372 probantur.
1285 5296 1337 5352 Sed
1358 5296 1473 5368 quando
1498 5296 1589 5368 gartia
1615 5293 1798 5363 subintravit,

979 5390 1133 5463 Apostolus
1152 5387 1228 5444 dixit
1242 5386 1331 5442 alium
1348 5387 1508 5441 surrexisse
1521 5384 1702 5440 sacerdotem.
1727 5383 1799 5451 Ergo

979 5487 1007 5537 et
1028 5492 1104 5534 nuno
1118 5477 1275 5532 debuerant
1289 5475 1357 5529 dare
1379 5474 1533 5529 maximam
1558 5470 1709 5539 quamdam
1730 5480 1800 5538 gra-

980 5568 1060 5637 tiam,
1080 5563 1275 5638 apostolorum
1290 5561 1382 5633 gratia
1406 5559 1583 5631 superiorem
1597 5556 1658 5626 [sic
1670 5554 1746 5609 enim
1770 5558 1799 5609 et
