3876 6090
76 227 124 290 tta

457 237 728 295 INTERPRETATIO
745 236 870 294 SYNODI
888 233 949 290 vlit
967 236 1168 296 damnantis.
1180 270 1216 282 —
1234 241 1334 298 ncnto
1354 242 1403 297 tx.

1728 240 1780 300 tto

72 359 184 415 Graecas
206 358 250 415 lui
272 374 385 432 genere,
409 361 538 433 captivus
557 371 622 418 vero
641 363 750 433 perrexi
769 360 941 421 Alexan-A
959 361 1020 431 ipso
1034 364 1278 419 erantdixerunt:
1295 364 1350 434 Qui
1366 379 1466 420 sumus
1479 379 1531 421 nos
1547 369 1578 421 ut
1593 366 1780 421 anathemati-

71 446 169 503 rlriam.
190 448 296 518 loseph
319 450 447 507 vicarius
461 452 640 507 Alexandria
652 452 745 508 dixit:
763 451 796 504 Et
811 463 827 504 a
842 463 899 519 quo

70 543 179 607 emptus
193 537 248 595 es‘l
269 540 407 594 Leontius
427 533 520 596 dixit:
541 540 718 595 Allichaele
736 536 899 608 patriarcha

68 629 166 698 loseph
186 629 318 686 vicarius
336 630 514 686 Alexandriae
532 630 620 685 dixit:
638 629 691 685 Ubi
717 632 761 684 est
783 627 899 697 cpisco-

68 716 143 786 pium
155 718 496 786 patriarchve‘lLeontius
505 718 596 773 dixit:
607 720 687 773 Intus
696 717 730 772 ad
743 715 892 771 ecclesiam

68 811 168 860 sauctae
181 807 234 862 Dei
246 806 416 878 Genitricis,
427 808 501 877 apud
513 821 544 863 ea
556 821 618 878 quac
629 812 697 862 suut
708 805 832 877 Eulogii.
844 805 896 859 lo-

67 894 130 963 seph
140 895 462 953 vicariusdlexandriae
476 897 567 952 dixit:
580 897 614 950 Et
622 895 763 966 quomodo
780 891 894 948 intrasti

67 985 115 1040 huc
124 982 139 1037 ‘l
148 985 389 1042 Leontiusdixit:
400 987 487 1041 Homo
497 999 572 1041 eram
583 985 724 1055 captivus,
733 987 761 1037 ct
772 981 895 1038 liberum

67 1085 104 1126 ne
119 1071 202 1144 lecit,
216 1078 246 1128 et
260 1076 325 1130 veui
340 1075 395 1130 huc
412 1081 525 1146 propter
539 1074 775 1130 benedictionem.
792 1069 895 1140 loseph

67 1162 325 1219 reverendissimus
345 1163 566 1220 archidiaconus
582 1169 611 1218 et
629 1162 757 1218 vicarius
771 1161 897 1215 Alexan-

66 1252 130 1306 driae
144 1252 242 1309 dixit:
261 1254 342 1308 blisit
359 1259 385 1308 te
401 1253 601 1308 sanctissimus
620 1251 739 1306 llichael
756 1251 833 1305 sicut
849 1250 897 1304 vi-

66 1341 199 1396 carium?
217 1343 352 1398 Leontius
368 1342 459 1397 dixit:
472 1343 549 1411 Stepe
566 1340 628 1396 dixi
649 1339 716 1410 quia
740 1352 795 1393 non
816 1338 897 1392 misit

67 1444 113 1500 ne,
130 1431 181 1486 sed
200 1437 319 1500 propter
337 1431 561 1487 benedictionem
579 1444 630 1501 ego
649 1430 709 1499 ipse
722 1430 784 1484 veui
804 1439 895 1496 usque

955 452 1267 508 zemus‘lSanctissimi
1290 453 1391 508 vicarii
1414 454 1567 510 dixerunt:
1590 455 1623 508 Et
1638 456 1779 524 quomodo

953 539 1168 596 descendebatis
1185 543 1299 596 llornam
1322 555 1386 597 curu
1413 542 1487 597 libro
1507 541 1620 597 nefandi
1636 543 1780 598 concilii?

952 626 1092 700 Georgius
1105 634 1134 685 et
1152 631 1200 701 qui
1217 645 1281 686 cum
1303 631 1365 701 ipso
1379 636 1461 686 erant
1476 631 1627 686 dixerunt:
1645 631 1740 687 Coacti
1753 636 1781 687 ct

952 715 1054 774 inviti:
1071 719 1147 774 dixit
1161 721 1238 775 enim
1253 720 1335 776 nobis
1347 721 1478 776 Photius:
1496 720 1570 789 Quia
1585 725 1782 789 apparuerunt

950 807 1043 863 llorne:
1058 810 1183 879 capitula
1199 816 1296 866 contra
1312 824 1410 880 papam
1424 810 1583 878 Nicolaum,
1603 810 1650 879 ite,
1668 817 1695 864 et
1710 823 1779 864 cer-

951 897 1100 952 tillcamiui
1124 899 1148 953 si
1171 905 1239 954 sunt
1261 899 1380 955 veracia.
1411 902 1466 955 Nos
1487 913 1553 954 vero
1577 898 1706 953 diximus
1730 897 1779 954 ei:

951 986 1084 1041 Homines
1106 987 1207 1041 rustici
1233 1002 1350 1058 sumus,
1366 989 1391 1044 si
1415 987 1628 1057 pervenerimus
1651 987 1779 1060 Romam,

952 1087 1035 1143 quam
1051 1074 1184 1132 dabimus
1200 1077 1360 1132 rationem?
1375 1078 1409 1131 Et
1430 1076 1480 1132 ille
1494 1076 1570 1132 dixit
1584 1076 1683 1131 nohis:
1706 1076 1777 1146 Quia

951 1163 1054 1218 docent
1069 1179 1117 1219 vos
1129 1166 1256 1235 episcopi
1269 1182 1331 1236 qum
1342 1166 1471 1222 debeatis
1480 1167 1584 1221 dicere.
1595 1165 1778 1221 Sanctissimi

953 1253 1052 1308 vicarii
1075 1254 1198 1309 senioris
1214 1255 1306 1310 llornm
1328 1256 1478 1311 dixerunt:
1505 1256 1558 1310 Vos
1582 1255 1712 1310 homines
1728 1268 1780 1324 po-

954 1342 1082 1412 regrinos
1091 1343 1258 1416 etadvenas,
1271 1345 1347 1399 sicut
1356 1345 1466 1415 dicitis,
1482 1345 1640 1400 litterarum
1653 1345 1777 1415 gerulos,

951 1430 1098 1499 oportebat
1125 1432 1253 1501 accipere
1281 1432 1400 1503 litteras,
1430 1437 1458 1486 et
1486 1434 1589 1487 iterum
1618 1433 1719 1487 reverti
1743 1433 1776 1487 ad

67 1518 124 1574 huc.
145 1520 272 1576 Photius
291 1527 384 1576 autern
402 1520 482 1575 misit
499 1533 542 1574 mc
557 1519 683 1589 Romam,
702 1522 734 1573 ut
751 1516 893 1588 quidquid
951 1519 1776 1590 propria,verumtatemanathematizatisconciliumquod

66 1608 191 1664 dicerent
218 1611 406 1680 metropolite
435 1608 564 1664 lacerem.
587 1609 661 1663 Deus
689 1613 783 1662 autem
815 1605 895 1660 novit
949 1607 1064 1661 Romam
1085 1607 1400 1681 terebatis‘lGeorgius
1416 1615 1443 1664 ct
1461 1611 1510 1680 qui
1532 1608 1676 1679 cumipse
1697 1617 1778 1665 erant

67 1697 126 1766 quia
137 1698 221 1754 sicut
232 1713 319 1768 pecus
327 1698 540 1765 descendebam.
555 1696 629 1752 nibil
644 1697 746 1751 sciens.
761 1695 893 1750 Sanctis-
906 1685 932 1745 B
947 1696 1083 1751 dixerunt
1097 1698 1111 1751 'l
1130 1699 1285 1754 :lunthema
1300 1700 1326 1755 ei
1350 1701 1400 1770 qui
1414 1699 1492 1769 lecit,
1509 1704 1536 1754 ct
1556 1699 1605 1769 qui
1619 1699 1775 1761 consensit,

66 1786 125 1840 simi
140 1787 261 1859 vicarii,
276 1792 305 1843 et
319 1791 377 1843 tota
393 1786 628 1857 sanctasynodus
643 1785 734 1840 dixit:
754 1783 805 1838 llic
823 1796 892 1852 pec-
945 1785 1036 1854 etqui
1058 1785 1187 1842 defendit
1206 1787 1296 1843 illudl
1322 1789 1501 1844 sanctissimi
1528 1788 1628 1843 vicarii
1654 1788 1777 1843 senioris

65 1882 256 1932 mtumsuum
275 1870 886 1946 conlitetur,etnonjamegcmustestibus.
945 1872 1039 1928 llornae
1053 1873 1208 1931 dixerunt:
1232 1876 1372 1946 llccipitis
1386 1877 1584 1932 beaiissimum
1606 1890 1705 1946 papam
1719 1877 1775 1931 Ni·
1857 1922 1865 1929 .

64 1963 198 2020 Pluribus
210 1979 279 2037 crgo
293 1966 485 2037 interrogatus
498 1969 526 2020 et
538 1965 698 2032 discussus,
716 1960 789 2016 nihil
807 1958 887 2014 aliud
943 1961 1065 2032 colaum,
1090 1972 1118 2019 et
1147 1966 1361 2022 sanctissimum
1387 1968 1578 2037 patriarcham
1607 1965 1777 2037 Ignatiumt

64 2057 142 2124 dixit,
158 2055 219 2111 nisi
238 2071 302 2126 quae
315 2057 345 2112 iu
362 2062 459 2111 octava
471 2053 582 2110 actione
600 2053 630 2109 in
647 2056 800 2121 conspectu
817 2062 888 2104 sun·
941 2052 1082 2122 Georgius
1094 2056 1123 2107 et
1137 2054 1186 2124 qui
1202 2068 1266 2110 cum
1280 2056 1342 2124 ipso
1355 2062 1436 2110 erant
1447 2056 1602 2111 dixerunt:
1620 2057 1654 2111 Ut
1671 2058 1774 2126 recipit

63 2149 108 2199 rte
123 2149 154 2199 et
166 2144 342 2201 universalis
354 2144 464 2215 synodi.
484 2140 759 2216 llagniliccntissimi
779 2144 807 2195 et
822 2138 888 2210 glo-
941 2145 990 2197 cos
1014 2146 1110 2196 sancta
1135 2141 1193 2197 haec
1208 2143 1381 2200 universalis
1405 2144 1540 2215 synodus,
1567 2145 1723 2215 recipimus
1744 2153 1772 2202 et

65 2233 218 2289 riosissimi
241 2234 387 2304 principes
403 2233 555 2290 dixerunt:
575 2233 631 2286 Nos
656 2243 721 2285 vero
745 2229 805 2284 htec
824 2240 887 2297 quae
943 2244 1012 2286 nos:
1036 2231 1085 2301 qui
1101 2231 1177 2286 euim
1200 2246 1300 2288 sumus
1317 2246 1367 2288 nos
1388 2239 1420 2289 ut
1434 2234 1664 2290 contradicamus
1685 2241 1769 2290 tantae

65 2336 133 2378 nunc
151 2336 167 2377 a
184 2327 213 2377 te
227 2322 305 2378 dicta
323 2328 392 2378 sunt
407 2326 434 2378 et
446 2327 528 2377 antea
547 2319 694 2376 multoties
711 2316 887 2386 audivimus,
942 2319 1060 2389 synodo,
1085 2319 1186 2390 inqua
1210 2334 1307 2377 omnes
1330 2322 1499 2391 patriarcha
1516 2328 1618 2392 praesto
1641 2329 1710 2379 sunt
1725 2337 1774 2394 per

64 2412 140 2467 modo
156 2425 226 2468 vero
243 2411 307 2468 ideo
321 2411 506 2467 intromissus
517 2424 548 2466 es
563 2410 629 2477 huc,
647 2411 678 2464 ut
691 2406 786 2462 videat
800 2409 888 2460 teve-
944 2407 999 2462 loci
1016 2415 1172 2465 servatores
1188 2408 1271 2466 suosl
1291 2411 1418 2467 Donatus
1433 2413 1489 2467 Deo
1513 2411 1774 2484 amabilisepisco·

65 2515 108 2555 ms
125 2501 258 2557 vicarius
279 2499 448 2570 patriarcba
471 2498 660 2561 Alexandria,
677 2496 744 2566 quia
769 2496 888 2550 mendax
944 2511 997 2565 pus
1020 2497 1116 2567 Ostiae,
1141 2503 1170 2554 et
1198 2499 1359 2569 Stephanus
1383 2502 1438 2557 Deo
1462 2502 1597 2557 amabilis
1620 2503 1773 2572 episcopus

64 2595 86 2642 et
104 2589 242 2644 seductor
261 2602 334 2659 cras,
356 2588 433 2644 sicut
446 2588 532 2643 etlam
548 2591 579 2642 tu
602 2586 662 2655 ipse
680 2583 828 2640 conlessus
846 2597 886 2638 es.
943 2586 1036 2657 Nepae,
1054 2592 1082 2642 et
1095 2589 1225 2644 llarinus
1240 2590 1496 2647 reverendissimus
1510 2590 1650 2647 diaconus
1668 2597 1771 2648 sancta:

64 2676 240 2733 sanctissimi
263 2678 364 2732 vicarii
387 2678 511 2732 senioris
531 2677 624 2731 Romae
645 2674 799 2730 dixerunt:
820 2673 888 2742 Quae
944 2673 1134 2732 Romanorum
1150 2678 1283 2734 Ecclesia:
1297 2681 1435 2736 dixerunt
1449 2681 1483 2736 ad
1504 2681 1606 2750 loseph
1622 2681 1775 2737 archidia-

65 2774 124 2821 sunt
141 2767 209 2822 duae
229 2779 355 2836 persone
373 2765 431 2820 illae
446 2778 516 2836 quas
533 2762 684 2819 videmus?
702 2761 889 2833 llagnillcen-
943 2775 1045 2819 conum
1056 2765 1232 2822 etvicarium
1246 2769 1342 2824 throni
1358 2768 1563 2825 Alexandrini:
1581 2771 1650 2826 Ecce
1662 2771 1770 2840 etipse,

64 2854 163 2910 tissimi
186 2859 216 2910 et
241 2854 446 2926 gloriosissimi
471 2853 615 2922 principes
636 2851 787 2906 dixerunt:
812 2848 887 2904 Falsi
943 2850 1112 2908 charissime
1133 2852 1220 2910 irater
1244 2861 1349 2926 noster,
1371 2857 1530 2929 cognovisti
1556 2872 1605 2928 per
1631 2860 1690 2915 haec
1710 2873 1772 2930 qua>

63 2943 167 2999 vicarii.
179 2944 363 2999 Sanctissimi
375 2943 476 2998 vicarii
490 2941 614 2997 senioris
624 2941 718 2995 llomae
732 2937 885 2993 dixerunt:
944 2951 1019 2994 nunc
1037 2941 1145 2996 audisti
1170 2943 1263 2998 Photii
1280 2945 1404 3017 maligna
1424 2960 1508 3015 opera
1524 2952 1551 3002 et
1566 2949 1726 3003 versutias:
1743 2955 1771 3004 ct

62 3031 112 3086 Nos
133 3032 230 3087 adbuc
245 3046 300 3087 non
316 3032 444 3088 vidimus
456 3044 517 3086 eos:
535 3034 563 3085 et
584 3028 700 3084 veniant
720 3027 754 3082 ad
777 3039 837 3087 nos.
855 3029 887 3080 ut
902 3021 927 3086 C
943 3026 1010 3096 quia
1032 3028 1150 3085 dolosus
1168 3036 1230 3086 erat
1251 3037 1279 3087 ct
1301 3034 1430 3104 mendax,
1454 3039 1482 3089 et
1502 3035 1609 3090 veritas
1631 3050 1686 3091 non
1710 3044 1770 3093 erat

63 3117 268 3192 interrogemus
278 3119 354 3175 illos.
367 3121 402 3174 Et
418 3115 727 3188 appropinquantibus,
743 3114 887 3184 interroga
943 3115 972 3170 in
991 3129 1033 3171 eo.
1051 3118 1107 3173 llos
1127 3125 1221 3175 autem
1250 3121 1390 3193 homines,
1413 3137 1478 3178 curn
1504 3123 1563 3179 sint
1588 3138 1726 3193 pauperes
1742 3132 1768 3181 et

62 3211 156 3262 rerunt
170 3208 350 3263 sanctisslmi
366 3207 484 3263 vicarii:
507 3207 562 3275 Qui
578 3203 672 3260 estis‘l
690 3207 719 3258 et
735 3201 810 3257 unde
836 3213 888 3254 vc-
942 3205 1095 3276 peregrini,
1115 3207 1281 3276 iudicamus
1304 3210 1385 3265 venia
1405 3211 1509 3282 dignos
1529 3219 1644 3281 propter
1664 3213 1771 3269 violen-

61 3293 150 3349 nitis‘l
164 3301 199 3351 ut
212 3294 316 3350 vicarii
331 3294 460 3363 venistis,
479 3307 514 3349 an
537 3297 568 3349 ut
591 3293 752 3348 litterarum
774 3287 887 3344 delato-
942 3292 1010 3346 tiam
1032 3308 1116 3363 quarn
1141 3310 1170 3350 sc
1187 3297 1339 3366 pertulisse
1354 3298 1477 3354 confossi
1502 3304 1588 3369 sunt,
1605 3301 1653 3354 sed
1677 3301 1767 3371 gloria

61 3383 120 3437 res?
136 3397 189 3453 pro
209 3396 266 3454 qua
293 3384 442 3439 occasione
463 3381 606 3438 venistisl
627 3380 725 3437 dicite.
746 3375 887 3447 Georgius
940 3379 1054 3436 Christo
1074 3383 1130 3437 Deo
1148 3392 1261 3453 propter
1283 3387 1388 3457 omnia,
1406 3387 1454 3456 qui
1468 3385 1566 3440 dixit:
1583 3388 1655 3452 erid
1674 3390 1769 3442 occariu

58 3469 147 3530 dixit:
166 3473 205 3528 ut
220 3473 382 3529 litterarum
398 3471 508 3529 delator
521 3471 585 3526 veni
597 3470 801 3525 tantummodo.
819 3469 891 3533 5³¹¹}
941 3474 1006 3538 lunt,
1025 3477 1098 3543 quod
1117 3491 1171 3528 nort
1185 3472 1522 3544 arroniscstuhr‘tur(Mutth.
1537 3474 1586 3547 xli
1609 3475 1663 3543 Qui
1679 3476 1764 3531 etiarn

56 3565 175 3622 nissimi
199 3563 304 3619 vicarii
331 3562 456 3618 saniona
476 3562 570 3616 Romae
593 3559 749 3615 dixerunt:
778 3559 801 3614 Α
828 3573 884 3629 (1¹1⁰
939 3573 1065 3623 sanctam
1091 3566 1162 3621 hanc
1183 3570 1211 3620 ct
1237 3563 1425 3620 universalem
1442 3563 1580 3633 synodum
1595 3577 1766 3635 congregare

56 3655 158 3710 missus
169 3652 229 3709 rs‘l
242 3649 485 3724 Georgiusditit:
498 3648 522 3702 Α
535 3647 722 3704 Constantitw
737 3661 883 3704 oeconmro
937 3656 1129 3728 dignatusest
1144 3655 1173 3708 in
1189 3654 1310 3726 gloriam
1329 3652 1517 3724 benignitatis
1537 3666 1605 3719 suae,
1618 3657 1646 3707 et
1661 3660 1764 3708 sanctu

54 3741 290 3798 Antiochensium
301 3739 453 3806 Ecclesia,
468 3738 544 3793 abeo
559 3737 635 3792 euim
647 3736 753 3792 missus
765 3750 827 3791 sum
845 3736 880 3791 ad

54 3837 183 3893 Photium
203 3838 233 3890 ct
251 3831 418 3887 blichaelem
438 3830 646 3898 imperatorem,
659 3839 745 3882 causa
760 3825 882 3882 benedi-

54 3925 164 3981 otonis.
173 3921 359 3980 sanctissimi
370 3919 472 3975 vicarii
488 3917 612 3973 senioris
624 3916 877 3972 llomaedixerunt:

52 4011 273 4083 Subscripsistis
288 4010 318 4066 in
334 4009 409 4064 libro
429 4012 528 4063 contra
543 4005 756 4061 sanctissimum
780 4018 879 4074 papam

54 4101 210 4171 Nicolaum,
222 4099 275 4170 qui
290 4097 419 4154 aPhotio
439 4095 531 4151 lactus
546 4094 610 4150 est‘l
626 4093 767 4164 Georgius
780 4093 876 4149 dixit:

54 4189 137 4246 lhsit.
154 4189 341 4245 sanctissimi
360 4186 459 4242 vicarii
481 4184 604 4241 senioris
616 4185 709 4239 Rome
723 4183 877 4238 dixerunt:

936 3745 1084 3801 catholicae
1107 3748 1136 3799 et
1149 3743 1312 3813 apostolica
1333 3742 1466 3797 Ecclesiae
1483 3741 1628 3811 pacillcam
1644 3741 1765 3797 ordina-

936 3836 1053 3891 tionem.
1070 3833 1164 3888 ileliae
1178 3833 1227 3887 Dei
1243 3831 1337 3887 cultor
1353 3831 1498 3902 presbyter
1513 3835 1540 3886 et
1557 3830 1701 3901 syncellus
1715 3845 1765 3887 se-

935 3925 982 3979 dis
994 3922 1253 3992 Hierosolymorum
1269 3920 1365 3976 dixit:
1390 3921 1488 3992 blagna
1504 3919 1640 3976 benelicia
1659 3934 1763 3977 eonse-

935 4013 995 4069 cuti
1013 4013 1042 4067 in
1057 4011 1246 4081 completione
1259 4015 1363 4065 sancta:
1377 4008 1464 4079 hujus
1479 4014 1507 4064 et
1524 4010 1695 4065 universalis
1711 4025 1762 4080 sy-

934 4102 1002 4157 nodi
1025 4115 1040 4155 a
1060 4113 1125 4155 vero
1149 4101 1204 4154 Deo
1220 4105 1247 4153 et
1260 4098 1403 4153 Salvatore
1430 4103 1527 4154 nostro
1547 4099 1612 4153 lesu
1636 4098 1761 4170 Christo,

936 4203 1051 4260 magnas
1078 4189 1122 4243 illi
1150 4201 1263 4258 quoque
1278 4186 1434 4258 gratiarum
1458 4187 1595 4256 actiones,
1612 4190 1641 4241 et
1662 4187 1760 4258 gloriae

55 4278 84 4332 lit
104 4279 251 4349 quomodo
269 4275 485 4334 descendebatis
509 4275 543 4330 ad
567 4273 666 4329 urbem
685 4273 799 4328 llornanr
811 4272 825 4326 'l
843 4273 878 4329 ad
935 4277 1034 4333 laudes
1049 4277 1153 4332 relerrc
1171 4276 1323 4344 debemus:
1340 4275 1408 4345 quin
1423 4275 1560 4346 dignatus
1582 4281 1626 4331 est
1642 4281 1705 4345 post
1720 4281 1761 4332 tot

56 4367 209 4438 quodopus
224 4363 878 4437 laciendum‘chorgiusdixit:Creditemilri,
893 4355 920 4416 D
936 4373 1060 4437 tempora
1083 4366 1286 4436 patriarchalia
1308 4364 1402 4434 capita
1428 4365 1549 4420 invicem
1571 4365 1698 4420 adunare
1723 4365 1758 4420 ad

56 4457 116 4524 quia
130 4457 236 4528 utquid
251 4455 453 4512 descendebam
478 4455 549 4510 illuc
569 4453 674 4509 nescio.
698 4453 877 4509 sanctissimi
934 4457 1053 4529 gloriam
1080 4455 1267 4527 benignitatis
1290 4468 1358 4526 suae,
1383 4458 1412 4508 ct
1430 4453 1550 4509 salutem
1566 4453 1707 4509 Ecclesiae.
1724 4456 1759 4510 Et

56 4545 148 4602 vicarii
163 4547 292 4603 senioris
311 4546 405 4602 Romae
419 4545 574 4601 dixerunt:
590 4544 736 4613 Quomodo
753 4545 877 4601 tenetis‘l
933 4545 1061 4616 posthoc
1083 4546 1237 4601 ascendens
1260 4543 1420 4613 Stephanus
1439 4544 1578 4599 diaconus
1598 4549 1625 4598 et
1639 4543 1759 4599 devotus

56 4634 188 4709 Georgius
214 4641 245 4693 ct
270 4637 320 4707 qui
341 4649 405 4692 curu
433 4635 495 4704 ipso
509 4634 665 4690 dixerunt:
696 4634 777 4690 Sicut
801 4639 878 4691 tenet
932 4636 1072 4701 notarius,
1089 4634 1187 4690 laudes
1202 4633 1279 4689 dixit
1293 4633 1352 4688 ita:
1370 4634 1474 4691 llultos
1491 4647 1581 4690 annos
1601 4636 1758 4707 imperato-

56 4733 143 4783 rancta
156 4728 209 4782 Dei
228 4726 365 4796 Ecclesia,
386 4731 414 4781 et
425 4723 593 4780 Christiani.
608 4724 789 4780 sanctissimi
802 4724 876 4780 vica-
931 4741 993 4782 rum
1006 4725 1118 4795 Basilii,
1127 4723 1308 4778 Constantini
1320 4728 1348 4777 et
1362 4722 1483 4778 Leonis!
1501 4726 1667 4796 llagnorum
1679 4729 1759 4798 prin-

57 4815 88 4870 rii
97 4817 221 4873 senioris
231 4816 328 4872 llomae
340 4816 496 4871 dixerunt:
514 4814 654 4884 llecipitis
665 4815 737 4869 hanc
748 4819 873 4869 sanctam
928 4815 1024 4884 cipum
1041 4813 1282 4882 etimperatorum
1299 4811 1404 4867 multos
1420 4813 1526 4868 annosi
1543 4815 1679 4872 Eudoxio
1690 4818 1759 4887 piis·

56 4905 210 4974 quodum?
223 4904 366 4976 Georgius
378 4905 466 4976 etqui
477 4918 542 4960 cum
555 4904 616 4973 ipso
627 4903 870 4959 erantdixerunt:
928 4904 1008 4960 sima:
1024 4901 1330 4973 imperatricismultos
1345 4902 1452 4958 annosi
1470 4903 1580 4960 Nicolal
1596 4905 1755 4962 beatissimi

56 4991 124 5050 Sicut
143 5008 207 5050 enm
230 4994 376 5062 recipiunt
400 5007 498 5050 omnes
525 4993 694 5063 Christiani,
718 4993 873 5064 recipimus
929 5008 1006 5064 papae
1018 4992 1136 5048 [tomani
1148 4995 1252 5047 aeterna
1269 4991 1422 5046 memorial
1439 4993 1559 5049 Adriani
1576 4996 1753 5052 sanctissimi

57 5079 123 5140 illam
140 5088 172 5139 et
200 5097 263 5138 uos.
292 5082 472 5138 sanctissimi
501 5082 603 5138 vicarii
630 5083 754 5139 senioris
780 5083 873 5138 nome
929 5097 1007 5153 papa
1031 5082 1149 5137 llomani
1175 5079 1281 5135 multos
1303 5080 1414 5136 annosi
1443 5083 1547 5152 ignatii
1574 5085 1753 5142 sanctissimi

57 5169 179 5228 dixerunt
194 5189 201 5226 :
218 5171 313 5228 Dicite
327 5177 440 5228 tautum
455 5186 514 5243 vos,
531 5173 673 5242 quomodo
687 5187 748 5228 eam
765 5174 874 5242 recipi·
929 5172 1097 5243 patriarcbae
1111 5169 1396 5239 Constantinopoleos
1419 5172 1624 5231 multosannos
1640 5175 1646 5229 i
1661 5176 1756 5230 ortho-

59 5259 106 5316 tixt
128 5262 273 5333 Georgius
296 5266 325 5316 et
351 5260 401 5331 qui
433 5273 497 5315 cum
524 5262 585 5330 ipso
611 5265 693 5316 erant
713 5263 869 5318 dixerunt:
926 5263 1065 5318 doxorum
1082 5259 1310 5330 patriarcharum
1325 5259 1453 5315 Orientis
1468 5262 1572 5318 multos
1587 5263 1755 5318 annoslsa·

60 5345 174 5406 humus
201 5352 272 5421 quia
293 5350 450 5421 recipimus
473 5363 543 5406 earn.
564 5351 743 5407 Sanctissirui
769 5353 871 5408 vicarii
926 5354 968 5410 cri
996 5356 1112 5406 senatus
1141 5349 1245 5404 multos
1271 5349 1384 5404 annos!
1414 5355 1561 5406 sanctaeet
1581 5351 1753 5406 universalis

10 5496 12 5521 Ι
60 5440 163 5497 niori:
175 5441 272 5497 Roma:
286 5440 443 5507 dixerunt:
459 5439 712 5496 nnatbemattzatis
724 5456 796 5512 quos
807 5456 874 5499 aaa·
926 5446 1025 5514 synodi
1037 5448 1142 5497 aterna
1153 5436 1307 5496 memorial

10 5524 13 5551 ¹
62 5523 238 5586 lhtuatiravit
256 5534 355 5586 sancta
370 5528 518 5599 synodus‘l
537 5529 678 5601 Georgius
692 5536 721 5586 et
740 5532 868 5602 quicum
