3876 6090
178 236 260 300 '⁴007
478 240 637 302 'APPEND.
658 245 704 303 th
722 245 803 304 saia.
824 242 1102 306 rx,-suul>t13u.
1121 242 1169 300 nh
1186 241 1330 300 SCRIPTA
1347 240 1481 300 PONTIF.
1501 237 1586 298 nott.
1827 233 1890 295 4008

172 381 239 438 pes
253 381 298 426 res
315 369 481 427 monasterii
496 371 677 430 corbeiensis
695 373 848 431 inviolatas
868 372 1014 431 illibatas-
1025 372 1056 434 A
1068 371 1162 429 clesiae
1186 387 1232 430 res
1247 372 1308 430 illis
1327 373 1465 431 tradendo
1486 369 1683 430 consentiunt.
1700 365 1788 438 Quali
1806 371 1892 425 auum

190 470 245 529 que
259 463 394 528 tanquam
410 473 496 516 sacrae
520 460 684 519 divinitatis
699 464 873 535 custodiant,
890 476 941 518 nec
957 462 1012 533 ipsi
1069 461 1186 532 utrique
1208 460 1350 520 feriantur
1368 462 1512 519 divinitus
1535 460 1646 518 ultione
1668 456 1810 527 superius
1823 456 1893 513 dicta

190 561 238 604 eas
260 547 401 619 tollentes,
423 563 473 606 nec
488 550 523 606 ab
540 550 609 607 allis
623 552 731 609 aulerri
746 553 882 623 sinentes,
904 555 937 610 ut
948 556 1013 608 ante
1068 551 1208 608 sententia
1218 551 1444 622 comprehendit,
1461 565 1523 622 que
1538 548 1666 607 ostendit
1682 558 1733 603 eos
1745 558 1763 601 a
1775 544 1893 603 celastis

189 641 371 708 conspectum
395 639 512 710 superni
537 641 622 714 regis,
644 642 719 712 quod
733 641 872 700 dicuntur
887 641 1012 712 nomine,
1069 640 1168 711 patriae
1182 639 1341 697 stabilitate
1357 639 1560 712 projiciendos,
1573 645 1601 696 ιι
1614 635 1788 708 temporalis
1800 635 1896 692 nobili

189 740 270 798 reges
283 726 385 785 merito
399 735 581 803 censeantur,
596 734 639 801 ut,
655 730 723 787 dum
737 732 930 804 lieoquaesna
944 736 1014 787 sunt
1069 730 1126 785 tate
1153 728 1249 801 lapsos
1273 728 1354 802 quasi
1383 734 1451 787 rotae
1475 728 1616 801 vertigine
1640 723 1890 794 circumferendos,

188 816 367 887 custodiunt,
390 816 433 873 eis
452 830 469 873 a
489 819 588 876 Decet
612 819 717 878 terreni
736 820 815 893 regni
832 819 1013 893 principatus
1069 821 1189 890 postque
1204 818 1353 890 praesentis
1366 820 1520 877 terminum
1538 819 1614 889 vite,
1627 814 1784 873 turbidine
1797 813 1894 872 divine

188 905 370 963 custodiatur
388 909 417 963 et
435 908 615 979 sempiternae
634 909 825 968 beatitudinis
838 922 943 967 corona
956 907 1014 965 tri·
1068 907 1327 965 animadversionis
1347 908 1426 967 velut
1445 907 1582 980 stipulam
1603 903 1759 963 ariditatis
1777 903 1894 962 vanitate

189 992 309 1051 buatur.
1069 995 1243 1054 levissimam
1256 998 1419 1072 rapiendos,
1430 1004 1459 1055 et
1472 995 1739 1055 infructuositatem
1753 999 1894 1051 eorumat

226 1082 405 1155 Quapropter
427 1091 573 1143 monentes
587 1100 636 1144 eos
650 1087 818 1158 hortamur,
835 1092 869 1145 at
882 1090 939 1143 tam
962 1099 1015 1144 sua
1069 1099 1125 1159 que
1141 1086 1304 1158 superbiam
1329 1093 1465 1159 tanquam
1489 1086 1648 1144 silvestrem
1672 1082 1856 1142 sterilitatem
1869 1089 1894 1140 et

193 1184 276 1242 quam
286 1173 414 1242 priorum
424 1174 587 1246 principum
598 1189 731 1234 concessa
748 1177 913 1234 inconvulsa
923 1179 1016 1233 custo
1068 1181 1166 1232 contra
1187 1178 1276 1234 Deum
1301 1175 1378 1233 elatu
1406 1180 1547 1234 tumorem
1567 1182 1661 1244 terra,
1688 1170 1755 1246 igni
1772 1172 1893 1228 damma-

188 1259 310 1331 dlentes,
322 1261 491 1331 positurum
506 1278 620 1336 quoque
635 1270 790 1337 nostraque
812 1265 925 1321 decreta
944 1263 1016 1320 nul·
1070 1278 1125 1335 que
1139 1271 1256 1322 vorante
1279 1264 1498 1322 comburendos.

188 1346 301 1405 latenas
315 1351 543 1426 praevaricantes,
555 1355 728 1412 monasterio
738 1355 891 1426 sepedicto
901 1353 1016 1411 electio·
1104 1348 1895 1426 Uthaneigiturultionisdivinaeseveritatemnonsub

188 1435 235 1492 nis
249 1437 443 1511 privilegium,
456 1445 512 1497 tam
528 1442 591 1499 suis
601 1457 686 1515 quam
701 1441 810 1501 turturis
826 1441 1013 1514 temporibus,
1069 1446 1144 1514 eant,
1160 1442 1294 1500 studeant
1307 1442 1551 1499 christianissimi
1571 1440 1722 1514 principes
1736 1439 1845 1496 Christi
1858 1453 1896 1496 ee·

188 1527 217 1580 et
230 1531 342 1582 servent
358 1531 387 1583 ιι
401 1530 538 1588 servanda
553 1532 711 1589 sanctionis
729 1537 870 1604 perpetue
885 1530 1017 1588 stabilire
1069 1530 1168 1588 clesiis
1182 1532 1332 1589 electionis
1347 1545 1399 1588 sua
1409 1532 1476 1603 jura
1493 1543 1671 1601 conservare,
1692 1532 1724 1585 et
1738 1527 1816 1600 qnod
1831 1527 1895 1585 uni-

187 1613 350 1673 decernant.
365 1618 616 1677 Veritatisstenim
635 1622 852 1680 vocedocemur
866 1621 1011 1694 quoniam,
1069 1634 1156 1678 verse
1179 1620 1299 1678 debetur
1323 1620 1467 1694 Ecclesia,
1491 1619 1656 1677 corbeiensi
1684 1631 1745 1675 non
1771 1616 1896 1675 auferant

188 1704 215 1759 si
229 1704 295 1774 quis
309 1704 339 1761 in
360 1705 434 1762 ovile
454 1708 563 1766 Christi
584 1723 640 1766 non
656 1725 706 1781 per
719 1712 826 1768 ostium
840 1710 1014 1784 ingreditur,
1028 1699 1055 1763 B
1072 1710 1259 1766 monasterio:
1275 1713 1307 1766 ut
1321 1710 1389 1765 dum
1402 1709 1429 1765 ei
1441 1712 1556 1780 propter
1570 1708 1709 1765 bonorem
1727 1705 1779 1763 Del
1790 1707 1896 1777 lusele·

189 1792 237 1849 sed
253 1793 371 1850 aliunde
395 1797 533 1869 ascendit,
555 1798 603 1855 bic
622 1798 671 1855 lur
692 1805 778 1857 estet
797 1801 880 1868 latro,
900 1805 929 1858 ιι
948 1800 1016 1859 talis
1072 1798 1179 1855 cilonis
1203 1799 1388 1861 indulserint,
1411 1803 1440 1854 et
1454 1812 1500 1855 ιιι
1519 1795 1687 1854 monasterii
1707 1795 1896 1853 violentorum

190 1893 246 1938 non
259 1883 403 1938 bominici
418 1886 513 1958 gregis
523 1886 655 1961 salutem,
669 1889 718 1945 sed
737 1903 788 1947 sua
804 1890 893 1960 lucra,
916 1904 973 1947 non
985 1896 1018 1949 ut
1071 1887 1280 1944 ambitionibus
1293 1901 1327 1943 ne
1346 1887 1520 1958 deserviant,
1537 1885 1784 1942 incontaminatas
1803 1897 1896 1942 serva-

188 1969 287 2042 salvet,
305 1971 352 2027 sed
369 1977 402 2028 ut
421 1974 529 2047 perdat,
546 1976 678 2047 requirit.
704 1979 785 2036 Ovile
801 1985 896 2036 autem
907 1979 1015 2036 Christi
1071 1975 1175 2041 verint,
1191 1976 1247 2047 ipsi
1262 1976 1387 2033 coelestis
1402 1976 1482 2048 regni
1498 1989 1562 2032 cum
1576 1973 1693 2031 cbristo
1712 1973 1893 2045 participium

189 2056 251 2115 tore
273 2060 426 2133 collegium
445 2069 575 2122 sanctum
591 2068 805 2142 monachorum,
823 2069 921 2127 nullus
944 2084 1019 2140 pru·
1071 2070 1292 2138 consequantur.
1317 2067 1373 2122 Nec
1397 2065 1471 2122 illud
1496 2064 1653 2136 aliquando
1668 2063 1702 2120 ln
1715 2063 1892 2121 secularium

188 2149 319 2206 dentium
335 2150 459 2207 dubitat.
473 2156 504 2209 ln
518 2154 572 2211 boc
587 2156 661 2213 ovile
674 2159 839 2228 perustium
855 2160 1018 2233 ingreditur
1073 2168 1183 2226 manus,
1210 2160 1260 2211 aut
1274 2154 1441 2211 canonicam
1462 2153 1688 2211 dominationem
1713 2154 1893 2224 permittant3

190 2239 305 2310 quando
324 2253 373 2309 per
387 2241 537 2302 electionis
554 2247 695 2320 ordinem,
721 2250 877 2306 secundum
898 2250 1018 2323 regula·
1072 2245 1148 2316 quod
1168 2243 1362 2302 habitatorum
1384 2258 1496 2301 summa
1510 2243 1670 2300 destructio
1684 2248 1742 2313 est,
1761 2245 1791 2298 ιι
1805 2242 1895 2298 dantis

190 2340 249 2383 rem
262 2330 508 2405 constitutionem,
524 2335 633 2409 aliquis
660 2339 801 2408 pastorale
823 2338 1016 2396 ministerium
1071 2328 1892 2405 siveaccipientissummadamnatio.Namquidesialiud

190 2419 313 2475 sortitur
324 2437 331 2491 3
342 2420 391 2492 qui
407 2435 472 2480 vero
488 2425 566 2498 regia
576 2426 784 2486 dominationis
799 2432 937 2500 potestate
951 2427 1018 2486 sui·
1072 2412 1236 2481 saecularem
1251 2435 1399 2494 personam
1414 2420 1537 2493 pastoris
1548 2421 1610 2477 vice
1621 2418 1821 2476 ecclesiatici
1834 2433 1896 2490 pre

189 2506 291 2579 tultus,
303 2513 332 2565 et
344 2524 399 2568 non
412 2525 463 2583 per
473 2513 625 2574 electionis
639 2517 759 2590 gratiam
777 2533 863 2590 super
883 2518 1018 2576 Domini-
1071 2510 1152 2582 lerri,
1173 2526 1257 2583 quam
1279 2510 1520 2568 abominationem
1534 2507 1727 2566 desolationis
1747 2507 1894 2579 intemplo

190 2610 256 2654 cum
284 2611 394 2671 gregem
419 2602 573 2672 primatum
588 2606 704 2681 arripit,
726 2607 773 2665 hic
792 2621 847 2665 non
863 2614 970 2681 pastor,
986 2608 1015 2666 id
1070 2599 1121 2657 Del
1136 2599 1330 2657 0008000000
1341 2599 1512 2670 Quicunque
1533 2596 1625 2670 080000
1640 2596 1696 2653 000
1710 2594 1834 2666 0000000,
1849 2595 1895 2651 Pi·

190 2690 234 2743 ιιι
245 2687 500 2765 vicariustrlsti,
512 2694 559 2750 sed
572 2693 620 2751 iur
630 2701 659 2752 et
668 2695 741 2753 latro
752 2710 814 2754 esse
822 2698 1014 2773 cognoscitur,
1071 2689 1128 2747 laio
1147 2689 1259 2747 similes
1274 2689 1471 2760 inveniuntur.
1493 2686 1542 2759 titii
1565 2685 1688 2743 0000Γί0
1713 2686 1854 2759 imagin&
1867 2685 1894 2741 in

191 2787 242 2832 nec
256 2781 287 2833 ιιι
307 2778 488 2838 Dominicum
505 2796 616 2855 gregem
638 2785 791 2855 custodiat,
806 2786 854 2844 sed
872 2792 904 2843 ut
917 2787 1016 2858 perdat
1071 2779 1176 2851 0010100
1186 2779 1302 2836 0000οἰ
1322 2778 1426 2835 000000
1438 2777 1621 2833 0000000000
1637 2777 1674 2832 lit
1688 2788 1755 2832 ⁰⁰⁰¹
1774 2773 1895 2846 Aposto-

189 2869 218 2921 ei
229 2864 352 2939 dissipet
372 2869 480 2927 intrare
495 2872 729 2944 deprehenditur.
748 2875 827 2933 Unde
842 2877 976 2950 quisquis
987 2879 1014 2936 ei
1071 2869 1117 2927 lus
1129 2867 1264 2924 trictibus
1275 2867 1414 2939 loquitur,
1428 2866 1544 2923 dicens:
1557 2865 1648 2923 Nolite
1655 2865 1829 2934 conformari
1837 2864 1895 2919 bule

190 2957 341 3025 potestatis
366 2958 454 3030 hujus
478 2960 584 3019 tribuit
610 2963 844 3037 dominationem,
868 2966 904 3023 de
927 2974 1016 3025 morte
1070 2958 1177 3028 80000οι
1202 2956 1251 3012 sed
1272 2956 1461 3024 0000000000
1489 2956 1520 3010 is
1550 2955 1672 3009 0000000
1698 2967 1798 3008 im
1817 2953 1895 3007 vestri

190 3047 337 3105 morarum
355 3049 575 3122 animaremur
593 3053 850 3128 disponeremus
866 3057 1016 3127 juormm-
1030 3043 1055 3107 c
1069 3045 1155 3117 (som.
1172 3058 1226 3109 ιιι,
1250 3042 1299 3117 il:
1323 3044 1373 3115 oui
1395 3041 1560 3100 secularem
1581 3055 1732 3114 personam
1749 3040 1894 3099 monacos

191 3138 240 3191 tur
253 3139 370 3208 quantis
391 3139 448 3213 hic,
465 3154 515 3212 per
530 3143 682 3213 pravitatis
698 3147 837 3218 exempla,
857 3160 944 3204 causa
959 3145 1016 3204 luit
1069 3135 1200 3208 liiaefliiis
1215 3138 1354 3206 quantum
1375 3133 1404 3189 ¹¹¹
1419 3131 1548 3190 000000·
1566 3131 1603 3188 00
1617 3128 1712 3188 000000
1723 3131 1851 3202 Simili
1862 3128 1891 3185 00

191 3225 373 3295 perditionis.
1070 3223 1189 3283 formam
1202 3222 1311 3294 seculi,
1330 3226 1358 3279 et
1371 3222 1407 3279 de
1419 3220 1545 3296 imagine
1564 3219 1676 3277 christi
1692 3219 1729 3277 ad
1743 3219 1893 3294 imaginem

226 3314 286 3385 Qua
296 3316 331 3373 de
341 3331 382 3388 re,
395 3318 514 3390 gloriosi
527 3321 682 3396 principes,
694 3325 866 3384 monasterio
882 3326 951 3384 huic
963 3326 1018 3384 ele·
1069 3314 1175 3371 terreni
1190 3312 1266 3386 00800
1284 3326 1333 3369 000
1347 3309 1481 3383 000000οι
1496 3309 1632 3383 00000000
1653 3308 1755 3367 000000
1769 3307 1893 3366 00000000

189 3405 297 3462 cilonis
308 3410 521 3481 prerogativam
533 3414 690 3483 concedite,
706 3429 798 3486 neque
811 3416 938 3487 aliquam
948 3432 1016 3488 per·
1070 3403 1181 3476 praelati
1195 3401 1242 3461 000
1257 3401 1340 3459 00000
1355 3400 1508 3475 0000800000
1520 3400 1666 3472 sequendo
1680 3399 1806 3457 00000000·
1822 3396 1891 3455 0000

188 3507 288 3551 sonam
303 3502 353 3554 aut
368 3497 481 3572 laicam,
497 3506 547 3557 aut
561 3503 738 3574 canonicam,
752 3518 825 3575 quos
839 3509 938 3562 contra
950 3518 1016 3563 om·
1070 3506 1125 3550 000
1142 3506 1226 3564 parvo
1241 3506 1272 3549 00
1283 3490 1382 3548 00000
1396 3490 1501 3548 0000000
1522 3495 1604 3562 liiii
1618 3488 1741 3562 000000οι
1763 3485 1890 3562 (1000000

189 3597 252 3641 nem
272 3587 498 3646 ecclesiasticum
520 3589 648 3647 ordinem
666 3596 718 3662 est,
739 3599 789 3650 aut
811 3593 897 3650 etiam
914 3608 1015 3651 mona·
1068 3583 1202 3641 000100ῑο
1221 3581 1372 3654 praeponit,
1388 3580 1555 3652 inquorum
1577 3577 1670 3636 000010
1686 3579 1766 3636 Selii
1780 3575 1887 3645 001000,

189 3673 275 3729 chum
293 3688 327 3730 ex
342 3674 401 3732 aiio
419 3679 660 3749 monasteriensi
684 3694 739 3737 non
755 3683 911 3740 secundum
927 3697 1016 3756 regu-
1069 3671 1241 3732 nanChiiiii
1254 3669 1517 3741 0000000000,οω
1528 3667 1696 3741 superbiam
1709 3668 1814 3727 mundi
1825 3677 1888 3740 3¹¹⁰i

189 3758 246 3816 lam
259 3762 489 3836 electum,super
499 3767 572 3824 illud
583 3768 671 3840 regali
681 3770 807 3839 potentia
817 3772 1013 3846 constituatis,
1069 3763 1194 3821 coelmtis
1215 3761 1314 3833 liatriae
1343 3758 1530 3832 desiderium,
1558 3757 1607 3815 000
1632 3756 1886 3831 0000000000οω

190 3861 226 3904 ne
238 3850 341 3908 domus
352 3853 414 3923 bei,
431 3868 494 3925 qum
510 3855 612 3913 domus
624 3858 765 3915 orationis
776 3873 839 3917 esse
856 3861 949 3934 dehet,
966 3875 1015 3932 per
1054 3847 1408 3922 000000000001000000
1422 3850 1573 3920 semperet
1587 3845 1755 3905 0000000000

189 3950 240 3993 vos
264 3937 312 3993 liat
337 3940 472 4010 spelunca
496 3942 648 4003 latronum.
670 3948 766 4019 Neque
787 3949 864 4007 enim
895 3951 1015 4024 ignora-
1103 3940 1183 4012 0000
1199 3939 1391 4013 quiavidetis,
1410 3935 1646 3995 ⁶¹⁰0¹¹⁰¹¹i¹⁸⁵iffl¹
1661 3936 1886 4010 principissae·

188 4027 547 4103 arsoujusmmrpraerams
561 4036 901 4110 esaucoreanusmmr
919 4040 1015 4111 oreis
1069 4031 1256 4089 tutissimum
1277 4027 1346 4095 tois
1362 4029 1415 4085 boc
1429 4027 1588 4099 insistatis
1601 4026 1820 4100 marilegium
1834 4038 1886 4082 m

190 4117 308 4176 tionisa
324 4119 409 4178 domo
423 4123 593 4181 eternitatis
606 4125 705 4183 diuina
723 4141 844 4186 censura
855 4130 1015 4186 exturban-
1068 4120 1193 4178 nasterio
1207 4118 1372 4176 corbeiensi
1388 4116 1540 4189 lii090¹¹¹i⁰
1549 4128 1673 4190 000000οι
1687 4117 1739 4174 000
1754 4130 1807 4175 000
1820 4128 1885 4174 erno

189 4207 252 4280 dos,
263 4214 291 4267 et
304 4210 339 4267 ad
355 4213 499 4283 supplicia
515 4213 637 4273 ultionis
653 4223 794 4289 perpetue
811 4219 1011 4288 deportandos.
1068 4211 1127 4268 nici
1138 4210 1251 4267 ordinis
1260 4220 1408 4280 personam
1418 4218 1505 4277 super
1516 4205 1589 4263 illud
1598 4205 1763 4278 aliqnando
1773 4207 1816 4265 vel
1825 4219 1885 4278 pre·

188 4298 268 4357 Unde
283 4302 702 4372 quaesententiadamnationis
721 4320 738 4362 a
756 4306 1013 4365 nohisestlntales
1068 4299 1193 4371 ponatis,
1214 4296 1257 4355 vel
1274 4296 1400 4369 praeponi
1419 4295 1533 4352 sinatis.
1557 4295 1699 4352 hemores
1717 4299 1811 4354 estote
1823 4292 1882 4368 quoi

188 4393 343 4452 exercenda
368 4393 424 4450 nisi
445 4408 530 4466 qnam
551 4395 678 4467 Spiritus
693 4399 810 4451 sanctus
827 4409 875 4452 ore
888 4398 1055 4468 prophe-1)
1068 4389 1163 4446 Nabad
1179 4394 1207 4445 ιι
1220 4386 1306 4457 dbia,
1327 4385 1396 4458 quia
1411 4385 1505 4458 ignem
1518 4383 1646 4441 alienum
1663 4385 1793 4443 Domino
1806 4386 1834 4443 in
1846 4384 1886 4439 in-

189 4482 247 4539 tico
260 4483 391 4556 protulit,
420 4485 534 4541 dicens:
562 4483 658 4539 Omnes
676 4485 816 4556 principes
846 4501 938 4541 eorum
964 4489 1014 4558 qm·
1067 4493 1184 4536 censum
1209 4476 1385 4547 obtulerunt,
1412 4475 1512 4532 divino
1538 4473 1599 4546 igni
1624 4475 1795 4547 consumpti
1820 4475 1882 4532 sunt

189 4569 340 4627 limmat:
360 4573 525 4628 Hereditote
540 4572 729 4642 possideamus
744 4576 931 4630 sanctuarium
952 4578 1009 4633 Dei.
1067 4572 1161 4642 ignem
1172 4567 1315 4639 siquidem
1328 4565 1454 4623 alienum
1466 4564 1496 4621 in
1508 4565 1659 4621 incensum
1668 4563 1756 4623 offert
1765 4565 1883 4631 Domina,

188 4659 261 4713 Deus
283 4675 368 4722 meus,
388 4676 459 4731 pone
480 4660 543 4716 illos
567 4665 599 4716 ut
617 4665 714 4726 rotam,
741 4667 767 4718 et
787 4663 859 4718 sicut
881 4666 1013 4736 stipulam
1068 4658 1117 4730 qui
1134 4656 1297 4714 monasticar
1310 4653 1581 4727 religiouialiquem
1596 4652 1809 4712 subcanoniea
1825 4665 1882 4725 pro-

189 4749 357 4815 omtetoeiem
370 4752 461 4804 vesu.-
476 4751 546 4805 sicut
564 4751 638 4818 ipsis
649 4753 698 4820 qui
711 4753 844 4809 comburit
863 4753 970 4818 silvam,
988 4760 1014 4811 ιι
1066 4746 1191 4804 sessione
1205 4746 1388 4814 militantem,
1402 4748 1434 4800 ut
1449 4741 1673 4813 pastorisvicem
1689 4743 1887 4813 obtineatque

188 4837 259 4890 sicut
278 4839 388 4905 flamrao
408 4838 564 4895 comburens
581 4847 693 4905 montes,
718 4844 758 4897 ito
776 4847 948 4914 persequeris
970 4859 1013 4900 eos
1067 4842 1157 4909 rogat.
1181 4838 1284 4892 Verum
1311 4834 1361 4906 qui
1377 4832 1448 4890 tales
1468 4831 1579 4889 ultione
1602 4829 1766 4907 leniuntur,
1784 4833 1885 4891 lllornn

189 4926 221 4979 t'a
241 4928 395 4996 tempestate
418 4932 476 5000 tua,
499 4934 525 4984 et
542 4932 573 4985 iu
591 4932 635 4985 ira
650 4936 698 4987 tua
719 4932 843 4988 turbabis
861 4948 904 4988 eos
925 4934 1010 5004 (Psoi.
1068 4927 1163 4999 signat
1179 4925 1325 4996 interitus,
1339 4922 1389 4994 qui
1400 4936 1465 4979 max
1480 4920 1629 4993 presentis
1646 4934 1741 4993 poenae
1755 4918 1886 4994 supplicio

190 5013 438 5085 exinanitioni
454 5020 611 5075 suntenim
628 5021 883 5091 quisanctuurium
899 5022 1012 5079 hetha·
1067 5016 1240 5087 consumpti,
1264 5014 1332 5085 quid
1352 5025 1451 5070 eorum
1473 5011 1634 5068 imitatores
1658 5018 1887 5070 mereantursue

188 5107 309 5162 reditate
320 5108 621 5181 possideredicuntur,
634 5110 691 5165 nisi
709 5110 753 5166 illl
771 5111 819 5182 qui
834 5125 878 5167 res
890 5112 946 5167 neo
960 5113 1015 5169 de-
1067 5104 1262 5160 dimuatlonis
1275 5102 1405 5174 exemplo
1426 5099 1549 5172 posteris
1571 5099 1777 5172 signaverunt.
1796 5102 1887 5159 omnes

188 5197 309 5267 dicatas,
322 5200 350 5251 ιι
362 5196 396 5252 ad
413 5210 483 5253 usus
494 5211 648 5268 pauperum
665 5213 869 5270 servorumque
884 5202 946 5270 ejus
959 5203 1014 5258 001.
1068 5208 1191 5267 quoqne,
1203 5194 1271 5251 licet
1282 5193 1444 5249 monastiea
1456 5193 1516 5247 sint
1526 5188 1732 5263 professionis,
1744 5191 1771 5248 si
1785 5204 1838 5248 non
1847 5201 1888 5261 per

190 5285 272 5358 latas,
296 5284 444 5342 secularis
461 5287 594 5357 potentiae
617 5289 776 5359 dominatu,
792 5301 847 5345 non
864 5288 1013 5349 electionis
1068 5285 1232 5342 electionem
1249 5283 1406 5356 regularem
1422 5278 1572 5339 constituti
1588 5277 1703 5336 fueriti
1717 5277 1887 5340 rechimi-

189 5376 292 5450 gratia,
310 5380 442 5447 querunt
456 5374 606 5431 obtineret
619 5376 767 5447 Principes
785 5382 879 5434 aulem
895 5378 1012 5436 illorum
1067 5377 1131 5432 dem
1141 5373 1323 5443 monasterio,
1337 5373 1439 5442 dequo
1452 5369 1609 5442 loquimur,
1621 5368 1675 5440 qui
1691 5370 1768 5428 tales
1778 5385 1826 5443 per
1838 5381 1888 5424 nm·

189 5471 258 5523 sunt
270 5465 300 5520 bi
316 5464 367 5536 qui
379 5464 452 5521 votis
464 5477 562 5520 eorum
575 5463 710 5537 sutfragia
726 5467 896 5540 prestando,
908 5473 960 5525 aut
973 5483 1015 5527 ec·
1068 5479 1135 5522 nera
1154 5469 1366 5539 cognoscuntur
1383 5460 1515 5533 admissi,
1539 5458 1569 5516 id
1591 5463 1646 5532 est,
1664 5463 1719 5519 aut
1738 5475 1791 5535 per
1809 5471 1887 5532 pecu

223 5560 383 5626 ¹quaatam
397 5556 428 5611 im
437 5554 533 5612 seculo
544 5556 625 5629 Lego,
642 5559 776 5627 quamtum
790 5557 821 5611 ia
837 5571 864 5612 se
874 5561 922 5612 est.
