3876 6090
35 255 91 314 265
436 255 708 312 lnTltllPllltl'h‘tlo
728 251 851 308 sinodi
873 250 917 304 llll
936 250 1191 309 deunitatis·
1209 257 1309 313 antro
1328 255 1373 310 ltl.
1698 256 1753 315 266
1798 244 1800 248 ⁴

39 383 208 451 consistere,
230 398 264 439 ex
276 384 389 440 duabus
404 389 432 440 et
449 384 478 439 in
492 384 604 440 duabus
622 383 735 439 naturis
757 393 872 438 noscen-
885 377 912 434 h
927 387 984 436 tur.
999 384 1058 437 Non
1077 388 1169 438 autem
1187 383 1353 453 refutamus,
1368 386 1415 441 sed
1432 386 1537 455 oppido
1551 389 1753 444 confirmamus

39 474 116 529 dum.
136 475 276 529 l’netcrea
300 480 329 529 et
345 487 464 543 nequam
481 474 615 529 «Nestorii
640 472 822 540 divisionem,
843 473 870 522 et
926 475 953 523 et
968 471 1149 527 admittimus
1162 473 1248 527 etiarn
1265 473 1368 528 locales
1380 479 1493 529 sanctas
1505 476 1637 545 synodos
1653 482 1681 530 et
1695 490 1755 532 eor·

41 562 134 631 ipsum
155 576 272 632 quoque
290 576 356 618 curn
374 562 429 617 sibi
449 563 696 618 consentientibus
716 560 868 616 abdicavit.
927 559 1067 614 rectiones
1082 562 1234 616 carrunlcas
1247 577 1310 631 qum
1324 562 1422 617 divina
1439 568 1506 618 sunt
1520 563 1610 618 abeis
1626 564 1754 633 inspira-

40 651 180 719 llelnceps
197 658 294 705 autem
314 657 343 706 et
360 651 459 721 quinta
477 652 610 707 elrnvenit
629 651 754 721 synodus
771 650 799 704 ιιι
816 650 872 704 do-
928 647 1005 702 t'rone
1020 650 1201 719 deprompta,
1218 656 1304 720 atque
1320 651 1514 721 legislationes
1533 665 1629 707 earum
1644 652 1755 707 animas

43 739 169 794 minante
184 739 366 809 civitatibus
383 747 496 795 cendum
513 740 658 810 sexaginta
675 744 799 809 quatuor
812 752 874 792 san-
929 735 1116 791 illustrantes.
1134 739 1313 807 apostolicas
1328 747 1420 794 antem
1433 740 1563 795 Ecclesiae
1575 740 1755 810 traditiones,

42 834 152 883 ciorum
170 828 289 884 Patrum
307 843 455 885 numerum
470 829 598 884 salvans:
610 843 672 898 quaa
687 828 722 882 ab
739 828 800 897 ipsu
813 841 875 881 san·
930 840 978 894 per
994 840 1064 894 ryuas
1080 826 1218 882 hononore
1233 835 1260 882 et
1272 829 1390 883 adorare
1405 835 1518 884 sanctes
1532 835 1560 884 et
1572 829 1696 885 salutare
1710 830 1758 885 do

44 922 86 972 cto
99 915 218 985 Spiritu
234 922 307 987 acta,
325 922 390 974 ante
405 932 433 972 se
448 918 603 972 celebratas
623 922 735 972 sanctas
751 921 875 985 quatuor

45 1005 167 1074 synodos
183 1005 339 1074 roboravit,
354 1013 382 1061 et
394 1020 492 1062 earum
507 1013 582 1061 rectu
596 1006 728 1077 dogmata
742 1019 873 1074 sequens,

45 1093 299 1150 anathematizavit
315 1096 490 1162 Nestorium,
512 1096 676 1165 Eutychen,
696 1095 875 1151 l'lreodoram

47 1183 229 1252 blopsuestiae
250 1197 315 1239 cum
333 1183 521 1253 blasphemiis
541 1185 621 1239 suis:
636 1183 729 1237 adhuc
747 1182 831 1236 etiarn
849 1186 877 1236 et

48 1268 209 1342 Origeuem,
226 1271 427 1342 etEvagrium,
443 1272 595 1342 didymum
611 1285 725 1341 quoque
740 1275 767 1325 et
782 1269 877 1326 omnia

51 1357 177 1414 labulosa
201 1365 231 1413 et
249 1372 356 1430 pagana
378 1365 463 1430 atquc
483 1360 645 1430 prodigiosa
667 1360 794 1428 ipserum
816 1357 879 1412 elo-

53 1447 124 1518 quia,
139 1462 252 1503 necnon
265 1454 294 1502 et
303 1448 452 1516 epistolam
464 1462 527 1518 quae
541 1448 651 1503 dicitnr
661 1448 714 1502 lbae
727 1448 761 1502 ad
779 1445 878 1500 blarim

54 1537 181 1602 Persam,
196 1542 225 1590 et
247 1537 473 1606 cvrnscriptlcnes
496 1536 663 1592 Theodoreti
687 1551 758 1606 quam
781 1542 879 1590 cotnra

56 1630 123 1679 recta
151 1625 307 1679 duodecim
332 1625 458 1694 capitula
483 1630 587 1680 sauctae
614 1625 756 1679 memoria
778 1621 879 1693 Cyrilli

56 1713 234 1782 meseripsit.

88 1802 244 1871 Postquam
269 1807 366 1857 sancta
391 1807 468 1858 senta
490 1803 615 1872 synodus
643 1801 879 1872 quemadmodum

58 1889 124 1946 alius
135 1890 180 1946 sol
191 1891 324 1960 emicuit,
340 1892 528 1947 ducentorum
544 1892 688 1962 octoginta
702 1904 798 1946 rnorem
812 1904 883 1945 san-

59 1986 162 2036 ctorum
189 1981 316 2039 Patrum.
338 1980 443 2051 regiam
462 1981 559 2036 urhem
582 1981 682 2035 sortita
701 1994 750 2050 pro
774 1979 881 2049 requie,

61 2069 155 2140 inqua
172 2069 327 2135 celebrata,
348 2070 461 2139 eosqui
480 2069 554 2124 duas
575 2069 705 2139 proprias
724 2069 885 2123 voluntates

60 2164 83 2212 et
99 2157 284 2226 operationes
304 2158 334 2212 in
358 2158 572 2226 dispensatione
592 2157 688 2212 carnis
707 2156 813 2211 Christi
834 2155 884 2209 Dei

61 2246 145 2301 nostri
163 2246 316 2316 denegant,
333 2251 362 2301 et
376 2260 459 2301 uuam
482 2246 654 2301 voluntatem
670 2251 698 2300 et
713 2257 795 2299 unam
817 2258 887 2313 por-

61 2339 165 2389 tentose
182 2340 318 2389 asserunt
334 2335 526 2404 operationem
542 2333 697 2388 salvatoris
716 2333 807 2388 nostri
820 2332 888 2386 dei-

60 2424 123 2477 tatis
151 2423 263 2492 pariter
286 2428 313 2478 et
341 2424 538 2491 humanitatis,
566 2421 839 2477 anathematizavit:
857 2419 886 2475 id

61 2518 107 2580 est,
120 2512 266 2583 Sergium,
283 2513 433 2582 Pyrrhum,
451 2513 574 2582 Petrum,
588 2511 700 2580 Cyrum,
719 2510 886 2575 llonorium,

60 2599 238 2654 Theodorum
249 2598 483 2668 pharanitanum,
495 2605 522 2654 et
533 2597 752 2667 Polychronium
764 2596 887 2651 delirum

62 2702 164 2755 anem,
187 2694 275 2757 atquc
294 2701 392 2743 omnes
411 2687 461 2757 qui
479 2686 662 2754 delinierunt,
682 2687 723 2741 vel
741 2684 888 2755 deliniant,

929 928 1036 982 cernue,
1058 916 1233 985 suscipimus
1252 923 1280 971 et
1297 917 1506 987 amplectimur,
1528 925 1692 974 venerantes
1710 932 1759 974 eos

930 1008 963 1059 ut
982 1001 1104 1058 famulos
1119 1013 1146 1059 el
1166 1006 1274 1060 amicos
1294 1012 1379 1075 atquc
1400 1006 1546 1061 ntiasnei.
1570 1008 1665 1062 llouor
1680 1007 1757 1062 enirn

932 1091 980 1161 qm
998 1092 1073 1146 cirea
1089 1094 1204 1149 devotos
1219 1107 1418 1149 conservorum
1434 1095 1541 1166 agitur,
1563 1095 1758 1165 probationem

933 1180 1016 1234 habet
1041 1179 1120 1235 bonae
1147 1182 1303 1237 cularitatis
1329 1196 1393 1252 erga
1420 1197 1598 1238 communem
1624 1182 1761 1239 exhibitae

932 1270 1093 1325 hominurn.
1118 1270 1167 1324 lsti
1188 1270 1264 1324 enlm
1288 1270 1343 1339 ipsi
1359 1270 1474 1326 cellaria
1490 1271 1539 1326 Dei
1555 1276 1583 1326 et
1598 1269 1761 1327 habitacula

935 1359 1049 1424 munda,
1067 1358 1216 1428 sanctique
1235 1359 1363 1428 Spiritus
1387 1360 1541 1429 purissima
1562 1359 1676 1430 specula
1693 1358 1766 1415 iacti-

935 1453 1002 1503 sunt
1031 1446 1103 1516 (Sap.
1131 1449 1182 1518 ιιι).
1208 1448 1259 1502 Sed
1285 1453 1313 1503 et
1338 1448 1464 1517 ipsorum
1491 1449 1593 1505 animae
1623 1449 1651 1503 in
1677 1461 1763 1503 manu
1821 1446 1825 1451 '

934 1536 983 1590 Ilei
1000 1542 1078 1606 sunt,
1095 1542 1126 1591 nt
1141 1538 1279 1606 scripturn
1302 1543 1354 1592 cst.
1373 1538 1443 1592 Cum
1463 1539 1538 1593 enlm
1556 1538 1614 1593 vita
1633 1538 1672 1592 sit
1688 1539 1763 1594 Deus

935 1630 962 1679 et
977 1625 1036 1693 lux,
1053 1631 1081 1679 et
1098 1625 1187 1680 sancti
1210 1640 1321 1696 equoque
1339 1626 1387 1696 qrd
1410 1627 1438 1681 in
1460 1641 1545 1682 manu
1567 1627 1616 1682 Dei
1637 1631 1713 1697 sunt,
1733 1626 1764 1682 in

896 1695 992 1769 Bvila
1007 1718 1035 1768 et
1050 1714 1112 1769 luce
1128 1712 1251 1783 prolecto
1271 1716 1441 1770 consistunt.
1458 1718 1493 1770 Et
1509 1717 1571 1771 ideo
1594 1716 1718 1785 pretiosa
1735 1715 1765 1769 in

936 1809 1088 1872 conspectu
1108 1803 1222 1857 bomini
1240 1819 1317 1859 nrrrrs
1336 1811 1498 1861 sanctorum
1514 1807 1577 1875 ejus
1590 1803 1672 1875 [l'sal.
1690 1803 1764 1877 cxv).

937 1892 986 1946 lsti
1010 1892 1135 1946 viventes
1155 1893 1328 1948 fiducialiter
1348 1894 1404 1949 Deo
1423 1895 1595 1950 astiterunt:
1610 1893 1701 1949 ionoes
1716 1907 1767 1949 sa-

939 1982 1045 2036 lutares
1058 1981 1196 2036 Dominus
1210 1982 1342 2037 Christus
1358 1989 1520 2038 sanctorum
1532 1982 1615 2037 nohis
1629 1982 1767 2051 reliquias

941 2069 1071 2139 praebuit,
1083 2069 1250 2124 multimode
1260 2069 1620 2125 beneficiainllrmautibus
1631 2070 1769 2140 rigantes,

942 2165 1116 2227 unguentum
1142 2157 1294 2213 suavitatis
1316 2164 1488 2227 emanantes,
1506 2163 1533 2213 et
1548 2159 1689 2214 daemones
1710 2157 1770 2213 ahi·

941 2253 1037 2317 gentes
1048 2264 1054 2299 ι
1065 2251 1093 2301 et
1109 2246 1265 2301 sicutdieit
1281 2260 1400 2318 magnus
1416 2246 1551 2318 magister
1561 2252 1588 2302 et
1599 2246 1635 2301 ab
1649 2246 1771 2302 immor-

943 2334 1053 2389 talitate
1076 2336 1319 2405 cognominatusn
1333 2377 1340 2402 ,
1355 2342 1510 2405 martyrum
1532 2349 1596 2391 ossa
1620 2335 1770 2405 languores

943 2421 1052 2495 legant,
1071 2424 1199 2480 infirmos
1213 2430 1325 2489 curant,
1342 2425 1425 2479 cacis
1440 2424 1535 2479 videre
1549 2424 1667 2494 donant,
1684 2422 1773 2493 lepro·

944 2524 990 2565 sos
1014 2513 1163 2583 mundant,
1191 2514 1363 2569 tentationes
1383 2519 1411 2568 et
1431 2525 1564 2568 moerores
1587 2512 1770 2568 dissolvunt:

943 2605 971 2655 et
986 2599 1045 2655 haec
1061 2614 1109 2669 per
1123 2601 1269 2656 Christum
1287 2601 1336 2671 qui
1354 2601 1496 2656 habitavit
1513 2601 1542 2656 in
1561 2601 1631 2656 illis.
1652 2602 1685 2655 lit
1703 2599 1774 2655 bene

946 2688 1096 2744 Psalmista
1125 2690 1231 2744 cecinit
1248 2707 1254 2743 :
1272 2691 1409 2745 Mirarbilv's
1437 2694 1508 2745 Dens
1531 2692 1561 2743 in
1586 2691 1688 2744 sanclis
1716 2691 1774 2744 suis

61 2784 105 2833 aut
120 2777 247 2833 delinire
265 2782 441 2846 praesumunt
459 2790 542 2831 unam
566 2776 738 2831 voluntatem
753 2780 781 2829 et
796 2785 891 2842 opera·
945 2777 1028 2857 (Psal.
1054 2777 1152 2849 turn).
1176 2780 1210 2832 Et
1231 2794 1352 2834 rursus:
1367 2780 1475 2833 Savrvctr's
1494 2782 1543 2848 qui
1564 2783 1628 2832 srvat
1648 2780 1678 2832 in
1701 2782 1775 2832 terra

64 2867 164 2921 tionem
184 2866 214 2920 ιιι
234 2865 347 2921 ‹luarbus
362 2864 469 2920 Christi
486 2866 608 2920 naturis.
626 2864 655 2919 Si
671 2864 757 2932 euim,
779 2868 811 2917 ut
824 2875 892 2931 quo·
946 2866 1016 2932 rjas,
1048 2868 1203 2935 rniriylcacit
1229 2883 1319 2921 ornares
1344 2869 1497 2922 noluntates
1528 2869 1587 2937 ejas
1615 2869 1686 2922 inter
1713 2868 1774 2921 illos

62 2954 121 3009 dam
138 2955 169 3009 in
187 2954 251 3009 loco
270 2954 386 3023 quidam
409 2954 523 3023 sapiens
544 2953 596 3022 ait,
613 2953 676 3007 sine
697 2953 843 3007 voluntate
864 2953 892 3004 cl
947 2955 1029 3036 (Psal.
1052 2954 1107 3026 nr).
1131 2956 1200 3011 Cum
1222 2956 1267 3011 his
1289 2961 1382 3011 autem
1402 2962 1431 3012 ct
1445 2963 1557 3012 sanctus
1575 2961 1606 3013 et
1624 2955 1776 3011 venerahi-

63 3042 121 3098 siue
134 3042 308 3112 operatione
325 3043 476 3097 humanam
496 3041 609 3097 bomini
629 3047 757 3097 naturam
778 3027 931 3094 diense-G
949 3041 989 3096 les
1010 3042 1149 3114 imagines
1168 3044 1319 3099 adorantes
1336 3045 1545 3116 amplectimur,
1570 3045 1667 3114 idest,
1692 3044 1775 3100 Verbi

64 3131 162 3199 rimus,
178 3130 231 3185 uhi
248 3129 448 3199 perlectionem
461 3130 490 3185 in
505 3130 680 3186 humanitate
696 3127 894 3184 salvabimus?
947 3131 1008 3199 bei,
1041 3132 1155 3187 Domini
1189 3133 1322 3188 videlieet
1348 3139 1376 3188 et
1405 3134 1561 3190 Salvatoris
1592 3134 1682 3189 nostri
1710 3134 1777 3188 lesu

64 3220 138 3275 [luas
148 3220 243 3290 igitur
254 3219 416 3275 voluntates
426 3220 535 3274 etduas
548 3219 727 3288 operationes
739 3232 895 3288 congruen-
948 3220 1066 3289 Christi,
1089 3221 1138 3290 qui
1164 3235 1213 3290 pro
1236 3221 1319 3277 nobis
1344 3222 1510 3278 incarnatus
1532 3225 1584 3290 est,
1607 3227 1635 3277 et
1658 3220 1777 3277 sormam

66 3313 104 3362 tes
116 3308 234 3365 duabus
246 3308 354 3362 Christi
372 3307 493 3377 naturis,
509 3313 541 3362 ut
556 3306 698 3362 naturalia
713 3320 810 3362 earum
825 3321 895 3362 coa-
950 3309 1021 3363 servi
1047 3309 1174 3377 suscepit
1192 3307 1319 3379 (Philipp.
1345 3309 1384 3381 ιι).
1407 3310 1495 3379 Cujus
1520 3311 1612 3380 imago
1636 3315 1664 3365 ct
1687 3309 1779 3380 ligura

66 3403 176 3466 plantes
190 3396 340 3467 idiomata,
352 3396 394 3451 sic
410 3410 542 3467 uraguum
556 3396 692 3451 salutaris
706 3395 895 3464 dispensatio
950 3411 1004 3452 non
1020 3388 1148 3467 deitatis,
1164 3411 1227 3467 quae
1245 3398 1412 3453 inconvulse
1434 3398 1607 3453 intemeratae
1621 3397 1700 3451 carni
1716 3398 1779 3465 ejus

67 3485 111 3541 nis
130 3485 301 3556 mysterium
321 3485 894 3554 luculenterexplanaveruntetortho-
951 3487 1032 3542 unita
1055 3492 1107 3556 cst,
1134 3484 1248 3555 praefert
1279 3487 1490 3541 characterem:
1509 3485 1668 3540 invisibilis
1700 3483 1777 3539 enim

67 3575 166 3630 doxam
179 3573 598 3630 lidemomniumecclesiarum
613 3574 662 3627 hei
678 3572 894 3628 sinemlumnia
950 3581 993 3630 est
1015 3580 1043 3629 et
1066 3573 1315 3642 incircumscripta
1333 3582 1360 3629 et
1383 3572 1516 3628 informis
1537 3572 1634 3628 divina
1655 3577 1775 3627 natura:

67 3663 185 3735 sineque
206 3664 390 3719 dubitatione
411 3670 484 3718 recte
503 3662 682 3731 sapientibus
701 3666 893 3717 servaverunt.
949 3666 1033 3717 blacan
1060 3665 1160 3731 quippe
1181 3678 1256 3716 herrm
1282 3663 1352 3717 cidit
1371 3678 1492 3731 aarrqrnnn
1511 3679 1519 3714 ι
1535 3645 1592 3730 ipsc
1620 3661 1778 3727 Unigenitas

66 3750 119 3808 llas
131 3760 247 3809 sanctas
260 3767 308 3808 sex
321 3753 445 3822 synodos
457 3752 533 3807 solas
545 3765 605 3806 esse
619 3750 794 3807 universales
810 3750 895 3805 trevi·
950 3754 1089 3804 ιιιιιιϊιιιιι
1111 3751 1197 3821 (toan.
1216 3751 1313 3823 1):sed
1338 3750 1527 3805 humanitatis
1545 3750 1608 3818 ejus
1631 3747 1779 3804 coloribus

67 3855 136 3914 mus,
152 3843 241 3899 aliam
258 3847 321 3911 post
335 3841 387 3894 has
402 3854 458 3895 non
470 3839 654 3894 admittentes
668 3837 825 3908 synodum:
841 3852 894 3892 ne·
949 3841 1085 3896 iacientes
1099 3842 1209 3896 iconam
1222 3842 1382 3896 adoramus.
1400 3839 1542 3909 Apparuit
1556 3838 1632 3893 enim
1647 3839 1722 3892 Deus
1734 3851 1781 3893 su-

67 3944 118 3999 que
133 3931 210 3987 enim
226 3930 396 3986 derelictum
414 3934 457 3984 est
471 3929 540 3999 quid
559 3929 594 3982 ab
611 3928 779 3997 apostolicis
798 3927 892 3981 tradi-
949 3943 997 3999 per
1013 3935 1115 3984 terram
1131 3930 1216 3984 etiam
1234 3944 1297 3985 curn
1313 3934 1387 3984 esset
1402 3928 1571 3995 invisibilis,
1588 3932 1617 3981 et
1631 3927 1711 3982 visus
1725 3931 1778 3994 est,

69 4018 255 4090 tionibus,vel
265 4019 450 4089 paternlsseu
461 4016 795 4088 legitimiseditionibns,
806 4029 891 4086 egens
947 4024 975 4072 et
989 4033 1053 4072 cum
1075 4018 1241 4073 lrorninibus
1260 4023 1443 4074 corrrcrsatus
1457 4022 1509 4086 est,
1527 4021 1554 4071 et
1570 4015 1706 4085 fatigatus
1723 4019 1775 4085 cst,

69 4108 260 4178 surrectionis,
272 4108 315 4163 vel
326 4105 651 4175 cariuslihctornamenti
666 4118 780 4175 quoquo
798 4105 889 4159 modo.
947 4112 974 4160 et
987 4107 1116 4175 esurivit,
1134 4113 1161 4160 et
1176 4106 1270 4161 sitivit
1286 4107 1346 4176 lege
1362 4111 1465 4161 nostrae
1481 4119 1565 4175 quarn
1581 4104 1709 4174 suscepit
1724 4116 1779 4158 na-

69 4198 166 4252 tlmnes
188 4197 286 4267 itaque
308 4197 381 4251 male
402 4196 556 4251 sentientes
576 4195 733 4264 haereticae,
757 4201 891 4264 tanlquam
948 4195 1317 4250 turaehdoranrusChristi
1332 4195 1451 4262 iconam,
1470 4194 1561 4263 idest,
1575 4205 1777 4263 personaeque

72 4286 167 4340 satoris
178 4285 475 4340 zizaniorumSatanae
488 4284 658 4353 discipulos,
670 4283 891 4338 etauimascor-
949 4284 1115 4340 horninibus
1126 4284 1186 4339 visu
1200 4288 1252 4344 est,
1265 4297 1321 4338 nou
1331 4283 1430 4338 divisae
1441 4283 1476 4337 ab
1488 4283 1539 4337 hae
1555 4280 1697 4337 invisibili
1713 4281 1776 4349 ejus

74 4380 227 4443 rumpentes
240 4374 399 4443 ministros,
411 4373 447 4429 ab
458 4375 558 4430 horum
572 4372 646 4428 malo
657 4373 771 4442 vertice,
783 4357 931 4428 videti-D
947 4372 1118 4429 divinitate:
1134 4373 1229 4443 ahsil3
1245 4373 1292 4428 sed
1317 4372 1404 4427 unice
1427 4372 1495 4427 hnic
1516 4385 1550 4426 ex
1572 4384 1682 4426 summa
1703 4383 1777 4425 cou-

73 4462 232 4519 cetSlmoue
246 4464 337 4535 lllaga,
354 4477 443 4534 usquc
458 4464 492 4518 ad
505 4476 604 4518 eorum
618 4460 813 4516 detestabilem
827 4476 893 4517 cau·
948 4461 1087 4531 ceptione.
1103 4464 1172 4516 Nam
1192 4462 1246 4517 etsi
1261 4461 1334 4516 dicit
1347 4460 1471 4515 ludaeis:
1485 4459 1556 4524 Quid
1570 4459 1653 4512 valtis
1671 4473 1711 4511 mc
1725 4472 1775 4510 oe-

73 4547 145 4606 dem:
160 4557 187 4606 el
205 4559 237 4607 ut
258 4552 434 4622 cornplexlvc
454 4551 596 4622 (licamuS,
612 4557 890 4606 caetcrosomuesex
947 4551 1044 4612 cidara,
1071 4552 1203 4605 borabam
1235 4552 1283 4619 qui
1314 4551 1453 4604 eerv'lutern
1481 4549 1584 4602 locutus
1613 4562 1673 4601 sum
1700 4546 1774 4600 nobis

75 4639 887 4710 tonprorsusanathematizamusanimasimuletmente:

75 4729 183 4785 maxime
210 4730 289 4799 illos,
313 4744 386 4800 quos
405 4729 528 4800 praelata
547 4733 651 4784 sancte
669 4735 697 4783 et
718 4726 892 4784 universales

75 4827 114 4871 sex
136 4819 236 4889 synodi
264 4818 585 4887 anathematizaverunt,
617 4831 673 4872 una
699 4831 764 4873 cum
790 4816 891 4872 Severo

74 4901 268 4976 inpactorum
300 4914 416 4964 auctore
449 4904 541 4981 [duce]
569 4903 609 4980 [id
635 4911 688 4968 est,
716 4920 813 4962 eorum
839 4906 888 4977 tyni

74 4994 204 5053 Christum
236 4998 324 5054 utrius
351 5003 459 5053 naturae
485 5012 546 5053 esse
572 4992 741 5069 l'aaenturq.
762 4997 838 5065 Quin
861 5002 890 5052 et

76 5081 171 5143 Petrum
194 5102 298 5157 respuo
315 5090 501 5158 cognomento
516 5086 656 5156 Cuapheu,
676 5086 725 5154 qui
748 5086 777 5140 ln
799 5085 890 5140 trisa-

76 5172 111 5240 gio
126 5177 229 5247 hymno
244 5182 444 5247 argumentum
463 5171 666 5249 [anglicanum]
685 5189 825 5244 apponere
840 5190 889 5230 aa·

10 5286 12 5293 ·
77 5273 113 5318 sus
128 5270 179 5337 est,
199 5270 228 5321 ct
248 5267 409 5335 passionem
430 5264 602 5334 impassibili
622 5264 765 5333 applicare
785 5265 886 5320 deilall

78 5356 250 5426 lresurupsit,
265 5359 294 5408 et
305 5368 404 5409 omnes
419 5353 468 5424 qui
485 5352 691 5423 blasphemiam
704 5352 766 5420 ejus
781 5357 887 5407 sectan-

76 5461 260 5581 e¹{Glossema
280 5459 425 5517 Anastasii
444 5460 584 5516 insertum
605 5459 695 5515 textui
716 5459 805 5515 estin
825 5460 886 5529 ipso

97 5542 144 5588 nm
159 5548 209 5591 ms.

198 5641 319 5697 Parnon.
340 5639 465 5697 CXlth.

947 4638 1033 4709 (dean.
1055 4639 1140 4712 rull?
1151 4653 1206 4694 non
1223 4643 1284 4694 erat
1299 4638 1382 4694 homo
1401 4643 1520 4706 tantum,
1537 4638 1585 4693 sed
1603 4638 1731 4705 ellicus,
1746 4644 1775 4692 et

946 4729 1063 4783 dicens:
1081 4730 1137 4795 Epo
1158 4733 1182 4782 ct
1212 4730 1293 4782 Pater
1320 4744 1404 4782 aruerat
1431 4742 1524 4781 scarras
1544 4726 1631 4797 (leura.
1656 4726 1773 4798 xltnon

945 4817 1064 4888 denegat
1084 4824 1214 4872 naturam
1238 4822 1362 4871 nostram
1379 4834 1385 4869 :
1402 4817 1526 4871 humano
1551 4815 1656 4887 quippe
1675 4829 1723 4870 ore
1740 4827 1773 4870 ac

945 4907 1079 4979 organica
1098 4906 1155 4960 hrrc
1177 4905 1280 4960 asserit
1302 4905 1409 4976 lingua.
1434 4907 1610 4959 llonoramus
1631 4911 1725 4960 autem
1745 4911 1774 4959 et

943 4998 1096 5052 adoramus
1113 4996 1199 5050 etiam
1220 4995 1393 5050 intemeratae
1415 4994 1477 5062 ejus
1495 4993 1646 5065 imaginem
1667 4999 1772 5049 sarlone

943 5085 992 5139 ltci
1010 5084 1168 5140 lienitricis
1184 5088 1212 5138 et
1225 5083 1414 5138 immaculatae
1430 5082 1553 5137 dominae
1573 5089 1686 5153 nostra,
1708 5097 1771 5151 qum

944 5174 1025 5229 illurn
1049 5172 1232 5228 inellabilitcr
1249 5172 1357 5243 genuit.
1379 5173 1557 5226 llonoramus
1576 5186 1689 5242 quoquc
1708 5184 1772 5225 stn-

941 5268 1051 5318 ctorunr
1067 5262 1271 5332 apostolorum,
1285 5261 1579 5330 p1·ophetarnn.hene
1593 5260 1769 5315 vincentium

942 5358 1107 5421 rrnuvyrun,
1134 5350 1339 5421 enrdessorurn,
1358 5357 1387 5405 et
1400 5351 1544 5418 iustarum
1563 5354 1697 5420 tanquam
1717 5345 1767 5400 llei

976 5475 989 5517 n
1002 5458 1145 5513 hrraslasli
1172 5457 1273 5513 verba:
1290 5458 1324 5511 ld
1343 5461 1381 5510 est
1404 5456 1584 5524 lllnutusv'as,
1610 5450 1769 5509 lrnrnorlalr's

939 5533 1010 5586 enirn
1024 5533 1112 5586 Gracc
1127 5531 1228 5584 dicitnr
1241 5530 1394 5584 athanatos

1608 5630 1625 5684 ll
