3876 6090
112 258 161 320 θὸό
730 267 910 326 ΑΝΑΒΤΑΒΠ
932 268 1201 327 omttommcntm

144 399 244 466 Ὄντως
256 407 329 460 πᾶσι
342 405 359 471 η
371 398 477 471 δύναμις
490 403 541 459 τῶν
558 402 681 480 οὐρανῶν,
702 406 778 460 τοῦτο
796 405 825 462 ού
838 401 918 460 τείθιι
944 395 972 454 Α
984 395 1078 451 omnis
1092 396 1156 451 cauli
1171 397 1263 451 virtus
1276 396 1328 451 boc
1342 395 1413 450 mibi
1428 395 1518 450 lacere
1532 395 1650 450 minime
1661 407 1711 464 pm·

137 510 170 562 με
183 486 345 557 ποιῆσαιτί
362 486 641 569 γὰράταλαρήταραν,
658 492 687 547 od
707 488 776 567 tipo
789 494 827 570 τῷ
842 491 916 569 Θεῷ,
986 488 1037 538 ret.
1057 484 1146 552 Quam
1167 484 1242 540 enim
1268 484 1406 539 rationem
1422 483 1575 551 redderem,
1593 487 1713 537 utnon«

137 571 203 631 θλλδ
216 577 255 656 τῷ
268 576 324 654 ἐρεῖν
343 572 477 648 συνειδότι,
498 572 538 634 ότι
555 572 596 633 διὰ
610 573 685 644 δόξαν
704 574 860 656 draptiaco,
879 579 918 656 τῷ
984 572 1050 642 Deo,
1075 572 1257 627 conscientiae
1273 586 1350 641 meae,
1373 572 1448 642 quod
1471 572 1495 628 si
1517 576 1632 640 propter
1655 571 1713 626 buu

136 660 194 717 κατ’
209 658 291 731 αὐτὴν
302 658 373 742 λόγῳ
390 662 517 738 μηδεμίαν
535 660 646 741 ἔχουσαι
664 657 780 744 θπαρξιν,
802 660 849 736 τὴν
863 659 917 720 εόν-
985 658 1115 729 gloriam,
1133 674 1195 728 quae
1211 661 1366 716 seeundum
1382 661 1428 715 sui
1443 661 1580 716 rationem
1597 658 1709 715 nuliam

135 748 228 815 ζουσαν
241 746 301 814 τοθς
314 746 468 831 στέργοντας
479 747 558 822 αὐτὴν
567 742 655 810 τείσειν
668 747 858 832 &apocopum
985 747 1113 803 salvandi
1126 748 1327 819 substantiam,
1345 748 1427 804 iidem
1438 747 1605 820 abnegarem
1620 747 1713 817 ejusd

985 839 1030 890 vet
1038 848 1098 890 eam
1111 835 1125 888 ‘i

174 954 226 1015 Καὶ
235 957 277 1017 ἐπὶ
285 961 323 1042 τῷ
331 957 404 1043 λόγῳ
412 960 497 1042 τούτῳ
505 959 670 1032 ἀναστάντες,
682 966 763 1040 θοροῦ
771 962 916 1044 αεραςηρή.
1019 960 1053 1014 itt
1066 959 1095 1015 in
1118 973 1245 1016 sermone
1260 960 1315 1018 isto
1326 963 1474 1033 surgentes
1488 972 1585 1015 omnes
1601 956 1700 1015 lurore

134 1063 224 1110 σαντος
239 1051 422 1114 adoratam.
437 1051 540 1126 τιλμοῖς
552 1048 596 1108 καί
608 1049 732 1132 ὠθισμοῖς
743 1047 918 1132 καίσφαιρισ-
984 1045 1056 1102 biles
1072 1047 1188 1119 redditi,
1204 1048 1411 1120 evulsionibtm,
1432 1054 1461 1104 et
1476 1045 1704 1117 impulsionibus

134 1133 193 1205 μοῖς
205 1129 353 1214 παρέλυσαν
366 1134 453 1208 αὐτόν,
468 1134 520 1193 ἀπὸ
533 1136 646 1246 κεφαλῆς
659 1133 707 1202 ἕως
720 1133 820 1215 ὀνύχων
833 1157 916 1194 κοτα-
983 1134 1196 1204 direptionibus
1209 1136 1432 1194 debilitaverunt
1446 1151 1509 1193 cum
1529 1150 1545 1192 a
1560 1135 1655 1204 capite
1670 1148 1713 1192 us<

43 1289 45 1293 ,
132 1212 271 1284 ’θύσαντες
285 1219 361 1280 ortt
379 1224 539 1299 τιτύσμοσιν·
573 1219 915 1303 Ωνπερ,ρέχριςθνέπλύ-
984 1237 1093 1295 ungues
1108 1225 1202 1294 sputis
1220 1227 1349 1281 certatim
1366 1224 1591 1281 madefacientes.
1608 1223 1713 1293 Quurm

132 1305 212 1373 θησαν
233 1304 299 1388 ότερ
313 1307 433 1381 ἐθίὸλητο
445 1308 554 1386 ίμότιιι,
569 1309 698 1370 διεπνίιτο
711 1315 726 1371 ὁ
739 1307 847 1393 βρόμος.
863 1309 917 1370 Καί
984 1325 1097 1382 quequo
1112 1312 1170 1370 lota
1189 1320 1256 1369 sunt
1268 1315 1433 1369 vestimenta
1455 1313 1561 1384 quibus
1573 1314 1713 1368 circumat

132 1389 243 1459 ἀναστὰς
261 1398 276 1454 ὁ
289 1395 428 1464 ἐπίσκοπος
451 1386 537 1455 εἶπεν·
557 1396 649 1466 Ούτως
663 1402 710 1458 οὐκ
724 1395 914 1478 ίδειγτνίσθσιι,
984 1403 1053 1471 erat,
1065 1398 1149 1456 loetor
1161 1401 1275 1473 longius
1288 1402 1445 1458 exhalabat.
1462 1405 1494 1457 Et
1514 1415 1634 1474 surgens
1654 1399 1713 1471 epis

131 1478 189 1537 ἀλλ’
204 1483 316 1544 ἀκαῦσαι
330 1484 407 1563 μόνον
418 1487 477 1565 παρ’
496 1490 576 1547 αὐτοῦ
587 1485 635 1559 rix
648 1487 802 1570 ἀπόκρισιν,
818 1488 862 1549 καί
874 1491 916 1546 ei·
983 1486 1075 1542 dixit:
1092 1491 1152 1544 Non
1164 1489 1310 1559 oportebat
1326 1490 1365 1546 tta
1376 1490 1449 1552 lieri,
1470 1490 1517 1545 soil
1530 1489 1631 1546 outline
1646 1488 1713 1545 abo

131 1566 227 1624 σιλθιῖν
236 1566 386 1650 ἀναγγεῖλαι
395 1576 434 1655 τῷ
443 1571 555 1655 δεσπότῃ
570 1578 645 1654 ἡμῶν
653 1579 693 1658 τῷ
705 1578 805 1658 ἀγαθῷ.
816 1572 859 1635 m
866 1572 916 1657 γὰρ
984 1576 1130 1633 tummodo
1145 1579 1368 1647 responsionem,
1384 1583 1412 1633 et
1434 1578 1556 1650 ingredi,
1570 1581 1597 1633 et
1613 1576 1713 1633 nuntia

131 1652 254 1713 κανονυιὸ
266 1658 419 1739 πράγματα,
435 1658 515 1743 ἑτέρῳ
529 1663 680 1722 διοικοῦνται
690 1662 790 1747 τρόπῳ.
801 1661 856 1722 Καὶ
865 1659 913 1739 μό·
986 1664 1064 1720 mino
1076 1670 1173 1721 nostra
1185 1666 1266 1722 bono.
1281 1665 1430 1721 Canonium
1442 1666 1548 1735 quippe
1563 1680 1608 1721 res
1630 1664 1713 1722 ιι1ίοι

129 1739 170 1806 λις
182 1741 271 1811 πείσας
283 1743 374 1813 αὐτούς
389 1753 404 1808 t
421 1748 558 1816 ἐπίσκοπος
573 1750 716 1830 ἠσυχόσαι,
735 1750 812 1810 πόλιν
829 1749 915 1809 ἐκύθι·
986 1758 1095 1807 nuntur
1105 1754 1197 1809 modo.
1212 1756 1255 1823 Et,
1270 1768 1335 1810 cum
1348 1753 1396 1808 rix
1412 1754 1455 1808 eis
1470 1753 1622 1823 episcopus
1635 1756 1668 1809 ut
1683 1767 1713 1824 tp

131 1850 189 1898 σοιν,
206 1830 251 1889 καί
265 1833 365 1915 μυρίαις
378 1833 467 1916 θύρασι
479 1836 524 1894 καὶ
536 1839 607 1918 ἀραῖς
620 1839 795 1911 ἀνετινοήτοις
810 1835 913 1915 μωρόν·
985 1846 1047 1895 rent
1060 1842 1258 1912 persuasisset,
1280 1857 1381 1898 rursus
1394 1841 1545 1897 sederunt:
1571 1845 1600 1895 et
1613 1840 1700 1897 denis

130 1939 219 1984 σαντες
230 1921 319 1992 αθτδν,
335 1921 545 2002 μιτθθυμσῦκοιὶ
556 1916 794 2006 spargit-necesitate
808 1927 912 1986 ΕΠΙΦ.
984 1926 1038 1984 bus
1064 1929 1182 1998 injuriis
1202 1936 1230 1985 et
1256 1929 1507 1986 maledictionibus
1534 1927 1713 2000 inexcogitali

130 2001 207 2073 utet,
222 2006 371 2089 κακίοχοιτε
381 2008 533 2091 φαγσπόλιε,
543 2015 578 2078 ὡς
588 2011 730 2093 αἱρετικοθς
749 2012 820 2093 ἔχων
833 2017 913 2090 ἡμᾶς,
982 2016 1238 2075 dehonestantibus
1247 2032 1321 2088 eum,
1333 2033 1397 2074 cum
1407 2017 1503 2075 lurore
1514 2017 1604 2074 multo
1614 2023 1642 2073 et
1651 2031 1713 2088 aspt

129 2091 174 2149 καὶ
186 2088 233 2162 τὴν
246 2091 321 2154 πόλιν
334 2100 425 2173 ἡμῶν,
448 2097 494 2158 καί
512 2096 555 2156 τὸν
569 2098 695 2177 βασιλέα,
717 2098 823 2165 τούτους
840 2090 914 2165 εἶπας
982 2105 1058 2160 dixit
1084 2106 1272 2161 Erxrnnmus:
1297 2107 1358 2176 Dic,
1391 2107 1530 2162 malorum
1558 2111 1695 2176 extreme,

128 2175 188 2243 τοθς
200 2176 306 2258 λόγουςς
326 2181 429 2249 Ὄντως
442 2181 531 2242 πλεῖόν
544 2192 591 2243 ’σου
610 2187 756 2267 χριοτισνοό
773 2189 850 2264 ἐσμεν
870 2185 915 2243 καθ
982 2193 1100 2264 civium,
1123 2195 1206 2265 quasi
1223 2208 1274 2251 nos
1286 2200 1313 2250 et
1326 2195 1471 2251 civitatem
1492 2199 1626 2264 nostram,
1640 2193 1713 2251 seda

128 2263 273 2344 θρθόδοξοι·
289 2270 335 2329 καὶ
347 2269 391 2329 τὸν
404 2273 491 2351 κύριον
503 2275 578 2349 ἡμῶν
597 2274 640 2333 καί
653 2274 721 2333 Θεὸν
735 2275 915 2352 ὁμολογοῦμεν
984 2286 1151 2350 peratorem,
1177 2282 1325 2338 haereticos
1352 2282 1464 2352 babeas,
1495 2283 1555 2339 baec
1579 2287 1713 2352 prosccut

128 2347 251 2430 ἔχεινκαὶ
263 2354 348 2428 θεϊκὴν
362 2356 463 2428 θέλησιν
484 2359 530 2416 καί
550 2360 706 2440 ἀνθρωπίνην
722 2361 845 2435 θέλησιν,
868 2359 915 2418 καὶ

127 2436 215 2518 νοσρᾶν
228 2442 327 2522 θοιχήν·
343 2442 440 2503 καθότι
456 2448 528 2503 πᾶσα
542 2443 617 2524 νοερδι
634 2450 722 2527 φύσις,
737 2446 838 2512 πάντως
854 2445 913 2525 ἔχει

129 2520 160 2581 τό
184 2523 264 2586 θίλιιν
286 2533 316 2588 ἐκ
337 2533 449 2613 φύσεως,
473 2532 517 2590 καί
536 2530 567 2589 τό
591 2535 701 2614 ἐνεργεῖν
735 2530 823 2604 ἐπειδὴ
842 2535 912 2603 ζωῆς

126 2608 218 2681 ’ίδιονή
233 2612 340 2687 κίνησις,
354 2617 398 2675 καί
411 2621 454 2675 νοῦ
472 2617 537 2674 ἴδιον
554 2621 571 2688 ἡ
585 2617 704 2690 θόλησις·
720 2619 764 2678 καί
776 2616 910 2689 θελιγιικθν

125 2694 202 2755 αύτὸν
211 2697 325 2779 οίδοιμιν,
337 2704 366 2761 ού
376 2707 477 2773 θεότητι
487 2700 575 2777 μόνον,
590 2704 658 2763 ἀλλὰ
667 2705 711 2764 καί
723 2701 909 2787 όνθρωπότηπι.

133 2781 216 2842 Ἀλλὰ
236 2787 281 2848 καί
302 2787 349 2856 τθς
373 2786 418 2848 δύο
436 2788 550 2863 θιλιίσεις
563 2793 644 2851 ottob
659 2792 703 2853 καί
721 2790 846 2873 ἐνεργείας
865 2794 912 2851 ούκ

125 2868 285 2949 ἀρνούμεθα.

159 3313 215 3377 Καί
223 3311 473 3395 θποκριθιλςὸθθόᾶς
479 3310 654 3382 ΜΑΞ.είπιν·
664 3315 793 3383 mttere
801 3322 906 3384 πιστεύ·

119 3425 172 3477 m,
182 3398 268 3473 καθὼς
277 3403 306 3460 σί
314 3401 400 3485 νοιροθ
411 3403 512 3490 φύσεις,
524 3407 595 3481 καὶὴ
607 3413 653 3469 τοῦ
665 3406 737 3468 Θεοῦ
745 3410 904 3485 Ἐκκλησία,

118 3495 173 3562 πῶς
182 3489 376 3572 μεάναγκόζετε
384 3500 540 3569 κοινωνῆσαι
549 3499 591 3557 ίπι
604 3499 643 3578 τῷ
655 3497 750 3579 Τύπιρ,
769 3502 808 3580 τῷ
825 3498 906 3576 μόνην

117 3576 215 3640 τούτων
225 3576 314 3657 ἔχοντι
333 3578 479 3661 ἀναίρεσινς
500 3583 605 3642 ΕΠΙΦ.
617 3585 651 3641 Δί
667 3582 815 3659 οἰκονομίαν
827 3591 906 3645 τοῦτο

117 3664 231 3745 γύγονεν,
244 3662 286 3723 bs
300 3660 338 3741 μὴ
348 3665 481 3743 βλαὸιῖνσιν
490 3671 515 3727 oi
529 3669 591 3729 λαοί
600 3674 657 3735 ταῖς
668 3673 798 3738 τοιαύταις
811 3672 906 3735 λεπτο-

117 3755 208 3834 μιρίσι
215 3754 322 3834 φωναῖς.
332 3752 388 3812 Καὶ
394 3755 541 3836 ἀποκριθεὶς
551 3760 566 3816 ὁ
576 3755 658 3823 ema<
668 3757 753 3817 ΜΑΞ.
764 3747 904 3821 είπι·Τοθ·

116 3837 226 3911 ναντίον,
240 3846 290 3904 πᾶς
303 3835 435 3920 Μρωπος
447 3841 581 3921 θγιόζιται
590 3840 632 3902 διδ
646 3847 693 3915 τῆς
707 3844 827 3925 ἀκριὸοῦς
838 3849 904 3927 ὁμο-

116 3925 205 4006 λογίας
218 3928 266 3997 τῆς
279 3922 401 4001 πίστεως,
419 3933 450 3991 ού
465 3927 517 4007 μὴν
529 3928 572 3990 διδ
584 3935 631 4003 τῆς
640 3928 806 4013 θναιρόσιως,
815 3938 864 4007 τῆς
878 3939 905 3996 ἐν

116 4015 156 4093 τῷ
168 4012 253 4094 Τύπιρ
261 4008 394 4090 κιιμίνης.
405 4007 525 4076 Kaisias
534 4017 660 4080 mom.
672 4019 726 4080 liat
737 4023 763 4080 ἐν
774 4024 814 4106 τῷ
822 4024 905 4083 παλα·

115 4088 247 4182 elapsionis
258 4122 311 4178 σοι,
321 4097 362 4161 ότι
371 4105 420 4162 σύκ
428 4105 537 4183 ἀνεῖλεν,
547 4104 615 4166 mil
622 4114 841 4186 κατασιγσιοθῆναι
849 4110 905 4171 ἐκό-

116 4190 221 4261 λευσεν,
233 4185 276 4248 bu
285 4187 455 4272 είρηνιύωμεν
463 4192 568 4262 πάντες.
580 4194 634 4255 Καὶ
644 4197 787 4277 ἀποκριθεὶς
798 4202 813 4258 ὁ
824 4196 904 4266 θύὸὁς

117 4275 209 4341 ΜΔΕ.
227 4265 310 4336 εἶπεν·
327 4277 364 4338 ‘H
382 4277 443 4359 σιγὴ
454 4284 506 4342 τῶν
517 4280 604 4361 λόγων
618 4284 744 4363 θναιρισις
755 4286 808 4344 τῶν
819 4283 903 4364 λόγων

21 4419 26 4424 ,
116 4368 186 4427 εστι.
204 4361 255 4424 art
264 4360 314 4448 γὸρ
326 4370 371 4425 τοῦ
381 4368 522 4452 Προφητου
530 4367 561 4430 tt
578 4393 600 4428 ει
614 4368 646 4428 τὸ
657 4370 766 4447 Ηνεῦμα
777 4371 808 4431 τό
817 4372 900 4452 όριαν·
935 4380 961 4441 D
976 4371 1125 4428 verborum
1138 4372 1319 4441 interemptio
1334 4377 1377 4427 est
1393 4371 1553 4427 verborum.
1567 4372 1618 4427 i‘er
1631 4370 1713 4442 Propl

120 4475 132 4509 ι
144 4450 204 4514 ot:
217 4451 375 4524 stoliditati,
390 4452 448 4514 otei
462 4453 546 4534 λόγοι,
557 4481 593 4516 ων
603 4456 663 4536 οθχί
671 4453 806 4518 θυιούονται
816 4464 903 4544 αίφω·

115 4540 161 4601 ναί
173 4542 266 4600 αὐτῶν.
284 4561 297 4587 r
309 4540 413 4600 Οὐκοῦν
427 4545 442 4604 ὁ
456 4541 494 4620 μὴ
503 4544 661 4623 λαλούμενος
670 4540 748 4622 λόγος
758 4543 902 4627 οὐδὲλόγος

118 4627 187 4687 ἐστί.
203 4625 257 4687 Καί
269 4615 326 4685 ιίπε
338 4625 462 4689 ΤΡΩΙΛ.
472 4627 569 4709 Ἔχεέν
582 4654 617 4689 κα
648 4631 673 4715 ίσρ
687 4654 744 4708 σου,
760 4636 796 4703 ὣς
807 4632 902 4702 θίλαις·

116 4713 196 4781 ούδείς
207 4736 238 4774 σε
247 4715 353 4776 κωλύει.
364 4713 399 4775 Ὁ
408 4713 488 4785 eodm
499 4717 590 4780 lile·
600 4743 613 4779 ε
623 4739 680 4779 πεν·
691 4719 765 4780 Ἀλλ’
776 4720 904 4805 comptui-

116 4824 186 4882 ρισεν
201 4799 336 4882 ὁΘεθςι-ηζυ
347 4803 439 4887 καρδίφ
446 4801 494 4877 την
509 4805 573 4880 όλην
583 4805 721 4891 σωτηρίαν,
738 4805 828 4869 αἰπύν·
844 4811 900 4874 ιὈ

115 4891 253 4968 ὁμολογῶν
276 4912 310 4966 pt
329 4888 478 4975 ίμπροστεν
500 4897 553 4957 τῶν
571 4891 725 4976 ἀνθρώπιον,
746 4898 903 4978 ὁμολογήσω

116 4975 194 5038 αθτδν
212 4977 357 5058 ἔμπροσθεν
370 4985 416 5041 τοῦ
436 4980 540 5063 Ηατρός
564 5007 616 5062 μου
635 4989 682 5043 τοῦ
703 4987 869 5068 temperem.
886 5012 898 5045 ν

116 5063 195 5126 Καίὸ
208 5069 274 5131 θεῖος
293 5065 437 5134 ἀπόστολος
451 5068 576 5142 διδάσκει,
589 5067 684 5147 λέγων·
707 5091 722 5128 ιι
735 5074 838 5157 Καρδίορ
855 5072 901 5153 μὲν

114 5155 262 5212 πιστεύεται
275 5155 310 5218 εἰς
322 5154 503 5232 δικαιοσυνὴν,
520 5154 633 5232 στόματι
647 5155 673 5216 δὲ
688 5160 851 5237 ὁμολογεῖται
864 5165 900 5231 είς

115 5238 277 5322 συνιηρίαννν
291 5242 324 5301 iii
331 5232 374 5299 σύν
383 5246 397 5300 ὁ
406 5241 540 5317 ostend
547 5246 571 5303 ai
581 5248 626 5304 τοῦ
636 5244 708 5303 Θεοῦ
716 5250 848 5327 προφῆται
858 5249 902 5310 καί

116 5325 260 5388 ἀπόστολοι
269 5330 417 5389 κελεύουσιν
427 5332 608 5409 ὁμολογεῖσθαι
616 5329 647 5388 τὸ
658 5332 798 5414 μυστήριον
806 5340 902 5416 φωναῖς

114 5415 206 5495 ὁγίων,
224 5415 256 5476 τό
274 5415 343 5495 μίγα
361 5417 406 5478 καί
424 5417 539 5500 φοικτθν,
563 5419 608 5479 καί
622 5419 717 5486 παντὸς
734 5426 780 5480 τοῦ
798 5419 900 5504 κόσμου

116 5503 256 5588 ops-ipim,
275 5508 322 5566 οθκ
337 5508 393 5567 ἔστι
406 5505 481 5591 χριία
491 5507 633 5590 optima
644 5504 732 5593 τρόπῳ
744 5532 900 5590 κατασιγασ·

982 2369 1089 2426 rerba?
1103 2371 1173 2426 Vere
1193 2371 1257 2441 plus
1276 2386 1359 2442 quam
1374 2379 1403 2428 tu
1422 2372 1580 2428 Christiani
1596 2385 1699 2428 sumus

982 2459 1144 2530 orthodoxi,
1161 2461 1623 2518 etitominumuostrumaciieum
1634 2459 1710 2516 cond

982 2547 1085 2604 babere
1097 2555 1125 2604 et
1138 2550 1265 2605 divinam
1289 2551 1461 2607 voluntatem
1483 2555 1512 2606 et
1533 2550 1713 2606 bumanamr

981 2640 1077 2707 tatem,
1102 2643 1129 2694 et
1150 2638 1274 2693 animam
1296 2639 1531 2695 intellectualem:
1563 2645 1592 2693 et
1619 2637 1713 2709 quia<

982 2725 1186 2783 intellectualis
1207 2732 1309 2783 natura
1332 2728 1432 2799 utique
1454 2727 1537 2783 babet
1551 2741 1586 2783 cx
1608 2733 1712 2783 natura

980 2825 1013 2868 ae
1032 2815 1155 2887 operari,
1172 2816 1309 2886 quoniam
1335 2816 1400 2871 rita:
1428 2815 1574 2885 proprium
1591 2821 1687 2872 motus
1708 2832 1713 2868 ι

981 2899 1144 2957 intellectus
1168 2903 1315 2972 proprium
1334 2903 1481 2959 voluntas:
1506 2907 1535 2959 et
1559 2903 1713 2959 voluntatis

940 3023 964 3084 G
979 2989 1163 3058 capacitatem
1178 2991 1319 3058 norimus,
1336 3005 1392 3047 nou
1407 2992 1563 3048 secundum
1582 2990 1713 3048 deitatem

978 3078 1049 3145 tum,
1067 3078 1155 3133 sedet
1176 3078 1331 3134 seeundum
1355 3079 1569 3135 humanitatem.
1597 3078 1675 3147 Quin
1692 3089 1713 3136 et

979 3163 1073 3234 ipsius
1087 3165 1248 3222 voluntates
1262 3172 1290 3222 et
1301 3167 1480 3238 operationes
1492 3181 1547 3223 non
1558 3166 1713 3240 abnegamt

1013 3308 1048 3363 Et
1063 3309 1235 3379 respondens
1249 3309 1320 3365 abba
1341 3313 1415 3365 mxx.
1432 3310 1526 3365 dixit:
1556 3309 1586 3365 Si
1614 3309 1657 3366 ita
1670 3323 1713 3367 cre

979 3397 1216 3469 quemadmodum
1235 3396 1441 3453 intellectuales
1456 3404 1574 3459 naturae,
1587 3411 1620 3454 ac
1634 3398 1687 3454 Dei
1711 3399 1713 3453 3

979 3487 1032 3558 sia,
1048 3487 1188 3556 quomodo
1201 3500 1244 3541 me
1265 3487 1370 3558 cogitis
1382 3487 1593 3543 communicare
1605 3488 1635 3542 in
1655 3487 1713 3559 iyp

978 3574 1065 3631 solam
1077 3589 1174 3630 eorum
1185 3574 1269 3630 habet
1278 3575 1461 3645 divisionem,
1474 3590 1536 3646 quae
1547 3589 1596 3631 vos
1605 3575 1713 3644 promet

976 3664 1011 3719 Et
1022 3662 1098 3718 dixit
1110 3662 1204 3716 Erxen.
1223 3662 1283 3717 :Ob
1297 3663 1539 3731 dispensationem
1560 3661 1668 3719 lactum
1681 3676 1713 3721 es

978 3765 1012 3807 ne
1027 3750 1167 3806 laedantur
1182 3751 1280 3820 populu
1294 3751 1489 3821 hujuscemodi
1507 3751 1713 3808 subtilioribus

976 3839 1039 3895 bus.
1054 3839 1088 3894 Et
1104 3839 1277 3909 respondens
1289 3839 1361 3895 abba
1369 3842 1443 3894 linx.
1455 3839 1549 3895 dixit:
1567 3841 1713 3898 Ecoutrat

978 3929 1061 3985 lrcnro
1076 3928 1272 3985 sanctificatur
1293 3941 1342 3999 per
1362 3928 1523 3984 districtam
1547 3928 1614 3984 iidei
1641 3928 1713 3986 coni

977 4032 1051 4090 nem,
1065 4032 1121 4075 nou
1147 4023 1241 4073 autem
1269 4032 1318 4087 per
1340 4018 1513 4073 divisionem
1529 4032 1592 4088 quae
1617 4018 1646 4073 in
1661 4019 1713 4091 Typ

976 4106 1078 4176 posita.
1095 4107 1129 4161 Et
1142 4105 1322 4161 dixitTnom.
1338 4107 1390 4160 :Et
1403 4107 1431 4159 in
1447 4106 1535 4160 Palati
1568 4104 1632 4160 dixi
1652 4104 1713 4162 tibi

976 4208 1032 4250 non
1055 4194 1209 4264 interemit,
1223 4194 1271 4250 sed
1301 4194 1389 4249 taceri
1402 4195 1499 4264 jussit,
1528 4199 1560 4250 ut
1586 4208 1655 4264 pace
1669 4192 1713 4252 inu

975 4296 1082 4353 omnes,
1098 4284 1132 4338 Et
1153 4284 1325 4353 respondens
1339 4282 1410 4339 abba
1440 4286 1512 4337 linx.
1530 4282 1622 4338 dixit:
1646 4282 1713 4340 Silet

975 4460 1051 4515 euim
1079 4460 1152 4515 dicit
1175 4460 1302 4529 Spiritus
1333 4467 1476 4516 sanetus:
1503 4461 1564 4516 Non
1592 4464 1656 4514 sunt
1677 4460 1713 4530 tog

974 4565 1061 4618 neque
1079 4565 1222 4612 sermones,
1247 4565 1363 4617 quorum
1386 4565 1440 4602 ηοιι
1455 4548 1608 4602 audiuntur
1621 4563 1713 4604 υοσσει

975 4636 1096 4706 (Psutm.
1119 4650 1201 4700 xvim,
1224 4634 1271 4708 3).
1299 4638 1372 4708 Ergo
1396 4649 1488 4692 sermo
1503 4636 1553 4706 qui
1569 4636 1713 4693 locutione

976 4726 1156 4798 predicatur,
1172 4725 1337 4782 nuliatenus
1347 4730 1398 4781 est.
1411 4726 1446 4782 lit
1457 4724 1533 4781 dixit
1545 4726 1640 4780 Tuom
1655 4742 1662 4778 ι
1677 4725 1713 4781 lla

974 4815 1058 4872 corde
1073 4821 1122 4872 tuo
1136 4821 1168 4871 ut
1186 4815 1238 4886 ris,
1266 4829 1347 4871 nemo
1371 4819 1398 4871 te
1413 4814 1553 4885 probibet.
1575 4815 1611 4869 Et
1630 4814 1707 4870 dicit

974 4908 1048 4961 Max.
1064 4923 1070 4959 ι
1087 4905 1138 4960 Sed
1156 4918 1211 4960 nou
1226 4903 1509 4960 circumclusitileus
1521 4902 1607 4958 corde
1622 4906 1711 4958 totam

975 4999 1040 5063 tem,
1053 4993 1169 5049 dicens:
1185 4992 1237 5057 Qut
1248 5006 1302 5045 ιιοιι
1316 4995 1457 5062 confitetur
1470 5007 1511 5045 me
1525 5006 1616 5044 eoram
1633 4990 1713 5045 demit

974 5098 1022 5136 nec
1042 5098 1089 5149 epo
1103 5081 1246 5150 confitebor
1271 5096 1438 5133 cumeorum
1456 5081 1536 5134 Patre
1549 5095 1618 5141 meos.
1644 5080 1713 5147 quir

974 5171 1045 5224 catis
1056 5167 1173 5237 (liutto,
1187 5182 1217 5230 x,
1241 5165 1304 5239 33).
1329 5168 1362 5223 m
1377 5181 1456 5223 sacer
1470 5166 1625 5236 Apostolus
1640 5166 1713 5223 doce

974 5272 1055 5314 cens:
1082 5258 1165 5325 Corde
1186 5259 1256 5311 emim
1281 5257 1401 5311 creditur
1429 5257 1622 5323 adjustitiam
1645 5272 1713 5311 ure«

974 5348 1104 5414 consessio
1113 5349 1144 5415 pt
1153 5346 1190 5399 ad
1204 5347 1319 5400 sulutem
1330 5344 1344 5414 (
1355 5347 1428 5400 Rom.
1442 5358 1471 5408 x,
1488 5341 1549 5412 l0).
1576 5343 1606 5398 Si
1629 5356 1700 5415 ergo

973 5451 1006 5493 ac
1017 5437 1067 5492 lici
1081 5434 1224 5506 propbeta
1240 5439 1326 5503 atquc
1340 5432 1462 5502 apostoli
1479 5432 1581 5501 jubent
1590 5431 1713 5489 conliter

975 5524 1095 5582 sterium
1111 5526 1274 5580 sauctorum
1290 5521 1418 5593 vocibus,
1434 5520 1508 5592 quod
1531 5524 1575 5577 est
1602 5533 1713 5594 magun:
