<?xml version="1.0" encoding="UTF-8"?>
<!DOCTYPE html PUBLIC "-//W3C//DTD XHTML 1.0 Transitional//EN"
    "http://www.w3.org/TR/xhtml1/DTD/xhtml1-transitional.dtd">
<html xmlns="http://www.w3.org/1999/xhtml" xml:lang="en" lang="en">
 <head>
  <title>
</title>
<meta http-equiv="Content-Type" content="text/html;charset=utf-8" />
  <meta name='ocr-system' content='tesseract 3.04.00' />
  <meta name='ocr-capabilities' content='ocr_page ocr_carea ocr_par ocr_line ocrx_word'/>
</head>
<body>
  <div class='ocr_page' id='page_1' title='image "./patrologiaecurs06migngoog_0356.png"; bbox 0 0 3876 6090; ppageno 0'>
   <div class='ocr_carea' id='block_1_1' title="bbox 57 96 1760 191">
    <p class='ocr_par' dir='ltr' id='par_1_1' title="bbox 57 96 1760 191">
     <span class='ocr_line' id='line_1_1' title="bbox 57 96 1760 191; baseline 0.021 -35"><span class='ocrx_word' id='word_1_1' title='bbox 57 96 96 157; x_wconf 82' lang='lat' dir='ltr'><strong>ill</strong></span> <span class='ocrx_word' id='word_1_2' title='bbox 452 106 728 166; x_wconf 72' lang='lat' dir='ltr'><strong>muraenarum</strong></span> <span class='ocrx_word' id='word_1_3' title='bbox 747 109 913 169; x_wconf 77' lang='lat' dir='ltr'><strong>actontltt</strong></span> <span class='ocrx_word' id='word_1_4' title='bbox 930 112 958 169; x_wconf 89' lang='lat' dir='ltr'><strong>S.</strong></span> <span class='ocrx_word' id='word_1_5' title='bbox 978 114 1080 172; x_wconf 78' lang='lat' dir='ltr'><strong>Perat</strong></span> <span class='ocrx_word' id='word_1_6' title='bbox 1097 116 1350 178; x_wconf 74' lang='lat' dir='ltr'><strong>anaxanontem</strong></span> <span class='ocrx_word' id='word_1_7' title='bbox 1390 165 1397 173; x_wconf 93' lang='lat'><strong>.</strong></span> <span class='ocrx_word' id='word_1_8' title='bbox 1702 129 1760 191; x_wconf 72' lang='grc'><strong>702</strong></span> 
     </span>
    </p>
   </div>
   <div class='ocr_carea' id='block_1_2' title="bbox 46 225 1757 322">
    <p class='ocr_par' dir='ltr' id='par_1_2' title="bbox 46 225 1757 322">
     <span class='ocr_line' id='line_1_2' title="bbox 46 225 1757 322; baseline 0.019 -41"><span class='ocrx_word' id='word_1_9' title='bbox 46 225 247 296; x_wconf 82' lang='lat' dir='ltr'><strong>caputcervici</strong></span> <span class='ocrx_word' id='word_1_10' title='bbox 260 232 446 300; x_wconf 89' lang='lat' dir='ltr'><strong>opponentes,</strong></span> <span class='ocrx_word' id='word_1_11' title='bbox 460 239 671 301; x_wconf 90' lang='lat' dir='ltr'><strong>cooperuerunt</strong></span> <span class='ocrx_word' id='word_1_12' title='bbox 684 234 873 299; x_wconf 82' lang='lat' dir='ltr'><strong>sindonibus;</strong></span> <span class='ocrx_word' id='word_1_13' title='bbox 887 237 915 298; x_wconf 87' lang='grc' dir='ltr'>Α</span> <span class='ocrx_word' id='word_1_14' title='bbox 930 238 1000 308; x_wconf 91' lang='lat' dir='ltr'><strong>qnid</strong></span> <span class='ocrx_word' id='word_1_15' title='bbox 1027 238 1119 297; x_wconf 66' lang='lat' dir='ltr'><strong>lamere</strong></span> <span class='ocrx_word' id='word_1_16' title='bbox 1145 241 1308 313; x_wconf 76' lang='lat' dir='ltr'><strong>velletren</strong></span> <span class='ocrx_word' id='word_1_17' title='bbox 1328 245 1421 303; x_wconf 88' lang='lat' dir='ltr'><strong>solum</strong></span> <span class='ocrx_word' id='word_1_18' title='bbox 1446 248 1579 322; x_wconf 87' lang='lat' dir='ltr'><strong>populus,</strong></span> <span class='ocrx_word' id='word_1_19' title='bbox 1603 254 1650 309; x_wconf 87' lang='lat' dir='ltr'><strong>sed</strong></span> <span class='ocrx_word' id='word_1_20' title='bbox 1671 256 1757 313; x_wconf 86' lang='lat' dir='ltr'><strong>etlam</strong></span> 
     </span>
    </p>
   </div>
   <div class='ocr_carea' id='block_1_3' title="bbox 31 318 875 478">
    <p class='ocr_par' dir='ltr' id='par_1_3' title="bbox 31 318 875 478">
     <span class='ocr_line' id='line_1_3' title="bbox 42 318 875 394; baseline 0.014 -26"><span class='ocrx_word' id='word_1_21' title='bbox 42 327 158 370; x_wconf 81' lang='lat' dir='ltr'><strong>sacrum</strong></span> <span class='ocrx_word' id='word_1_22' title='bbox 174 328 243 371; x_wconf 80' lang='lat' dir='ltr'><strong>vero</strong></span> <span class='ocrx_word' id='word_1_23' title='bbox 256 329 386 373; x_wconf 89' lang='lat' dir='ltr'><strong>cruorem</strong></span> <span class='ocrx_word' id='word_1_24' title='bbox 405 318 455 389; x_wconf 94' lang='lat' dir='ltr'><strong>qui</strong></span> <span class='ocrx_word' id='word_1_25' title='bbox 472 333 555 377; x_wconf 88' lang='lat' dir='ltr'><strong>secus</strong></span> <span class='ocrx_word' id='word_1_26' title='bbox 566 320 721 394; x_wconf 86' lang='lat' dir='ltr'><strong>effluxerat,</strong></span> <span class='ocrx_word' id='word_1_27' title='bbox 743 324 875 394; x_wconf 89' lang='lat' dir='ltr'><strong>peniculo</strong></span> 
     </span>
     <span class='ocr_line' id='line_1_4' title="bbox 31 405 447 478; baseline 0.005 -17"><span class='ocrx_word' id='word_1_28' title='bbox 31 410 205 461; x_wconf 74' lang='lat' dir='ltr'><strong>reverenter</strong></span> <span class='ocrx_word' id='word_1_29' title='bbox 223 405 400 478; x_wconf 85' lang='lat' dir='ltr'><strong>collegerunt</strong></span> <span class='ocrx_word' id='word_1_30' title='bbox 412 420 427 448; x_wconf 68' lang='lat' dir='ltr'><strong>e</strong></span> <span class='ocrx_word' id='word_1_31' title='bbox 440 449 447 462; x_wconf 88' lang='lat'><strong>.</strong></span> 
     </span>
    </p>
   </div>
   <div class='ocr_carea' id='block_1_4' title="bbox 927 328 1763 1385">
    <p class='ocr_par' dir='ltr' id='par_1_4' title="bbox 928 328 1762 1023">
     <span class='ocr_line' id='line_1_5' title="bbox 930 328 1757 400; baseline 0.021 -18"><span class='ocrx_word' id='word_1_32' title='bbox 930 328 1025 383; x_wconf 89' lang='lat' dir='ltr'><strong>clerus</strong></span> <span class='ocrx_word' id='word_1_33' title='bbox 1039 342 1164 386; x_wconf 88' lang='lat' dir='ltr'><strong>consona</strong></span> <span class='ocrx_word' id='word_1_34' title='bbox 1176 345 1243 387; x_wconf 86' lang='lat' dir='ltr'><strong>voce</strong></span> <span class='ocrx_word' id='word_1_35' title='bbox 1263 332 1450 391; x_wconf 83' lang='lat' dir='ltr'><strong>inclamantes</strong></span> <span class='ocrx_word' id='word_1_36' title='bbox 1468 338 1619 395; x_wconf 89' lang='lat' dir='ltr'><strong>dixerunt:</strong></span> <span class='ocrx_word' id='word_1_37' title='bbox 1643 341 1711 398; x_wconf 90' lang='lat' dir='ltr'><strong>Sede</strong></span> <span class='ocrx_word' id='word_1_38' title='bbox 1727 345 1757 400; x_wconf 91' lang='lat' dir='ltr'><strong>ia</strong></span> 
     </span>
     <span class='ocr_line' id='line_1_6' title="bbox 929 418 1756 499; baseline 0.021 -29"><span class='ocrx_word' id='word_1_39' title='bbox 929 418 995 471; x_wconf 89' lang='lat' dir='ltr'><strong>sede</strong></span> <span class='ocrx_word' id='word_1_40' title='bbox 1013 422 1100 489; x_wconf 89' lang='lat' dir='ltr'><strong>tua,o</strong></span> <span class='ocrx_word' id='word_1_41' title='bbox 1117 419 1257 489; x_wconf 88' lang='lat' dir='ltr'><strong>episcope.</strong></span> <span class='ocrx_word' id='word_1_42' title='bbox 1270 420 1321 475; x_wconf 92' lang='lat' dir='ltr'><strong>llle</strong></span> <span class='ocrx_word' id='word_1_43' title='bbox 1333 427 1438 493; x_wconf 88' lang='lat' dir='ltr'><strong>autem,</strong></span> <span class='ocrx_word' id='word_1_44' title='bbox 1459 425 1607 494; x_wconf 88' lang='lat' dir='ltr'><strong>cujusdam</strong></span> <span class='ocrx_word' id='word_1_45' title='bbox 1628 432 1756 499; x_wconf 77' lang='lat' dir='ltr'><strong>mysterii</strong></span> 
     </span>
     <span class='ocr_line' id='line_1_7' title="bbox 928 507 1756 586; baseline 0.018 -26"><span class='ocrx_word' id='word_1_46' title='bbox 928 507 1073 578; x_wconf 87' lang='lat' dir='ltr'><strong>cortscius,</strong></span> <span class='ocrx_word' id='word_1_47' title='bbox 1088 507 1249 580; x_wconf 64' lang='lat' dir='ltr'><strong>bocjaudirc</strong></span> <span class='ocrx_word' id='word_1_48' title='bbox 1262 509 1474 582; x_wconf 78' lang='lat' dir='ltr'><strong>dissimulavlt3</strong></span> <span class='ocrx_word' id='word_1_49' title='bbox 1485 513 1609 586; x_wconf 89' lang='lat' dir='ltr'><strong>datoque</strong></span> <span class='ocrx_word' id='word_1_50' title='bbox 1620 519 1756 575; x_wconf 90' lang='lat' dir='ltr'><strong>reticendl</strong></span> 
     </span>
     <span class='ocr_line' id='line_1_8' title="bbox 929 595 1762 675; baseline 0.013 -24"><span class='ocrx_word' id='word_1_51' title='bbox 929 595 1049 669; x_wconf 89' lang='lat' dir='ltr'><strong>iudicio,</strong></span> <span class='ocrx_word' id='word_1_52' title='bbox 1072 598 1261 668; x_wconf 85' lang='lat' dir='ltr'><strong>nequeenim</strong></span> <span class='ocrx_word' id='word_1_53' title='bbox 1290 599 1443 670; x_wconf 87' lang='lat' dir='ltr'><strong>quisquam</strong></span> <span class='ocrx_word' id='word_1_54' title='bbox 1472 601 1611 661; x_wconf 88' lang='lat' dir='ltr'><strong>obsistere</strong></span> <span class='ocrx_word' id='word_1_55' title='bbox 1637 607 1762 675; x_wconf 90' lang='lat' dir='ltr'><strong>pertina-</strong></span> 
     </span>
     <span class='ocr_line' id='line_1_9' title="bbox 928 685 1758 756; baseline 0.011 -17"><span class='ocrx_word' id='word_1_56' title='bbox 928 685 992 740; x_wconf 84' lang='lat' dir='ltr'><strong>cius</strong></span> <span class='ocrx_word' id='word_1_57' title='bbox 1013 685 1144 756; x_wconf 89' lang='lat' dir='ltr'><strong>audebat,</strong></span> <span class='ocrx_word' id='word_1_58' title='bbox 1167 687 1253 744; x_wconf 90' lang='lat' dir='ltr'><strong>silere</strong></span> <span class='ocrx_word' id='word_1_59' title='bbox 1280 703 1378 745; x_wconf 84' lang='lat' dir='ltr'><strong>ornnes</strong></span> <span class='ocrx_word' id='word_1_60' title='bbox 1401 687 1479 755; x_wconf 91' lang='lat' dir='ltr'><strong>fecit,</strong></span> <span class='ocrx_word' id='word_1_61' title='bbox 1512 697 1540 745; x_wconf 88' lang='lat' dir='ltr'><strong>et</strong></span> <span class='ocrx_word' id='word_1_62' title='bbox 1566 690 1758 748; x_wconf 81' lang='lat' dir='ltr'><strong>nihilominus</strong></span> 
     </span>
     <span class='ocr_line' id='line_1_10' title="bbox 928 774 1758 850; baseline 0.007 -21"><span class='ocrx_word' id='word_1_63' title='bbox 928 774 1055 844; x_wconf 88' lang='lat' dir='ltr'><strong>ejusdem</strong></span> <span class='ocrx_word' id='word_1_64' title='bbox 1075 776 1153 832; x_wconf 89' lang='lat' dir='ltr'><strong>sedis</strong></span> <span class='ocrx_word' id='word_1_65' title='bbox 1179 776 1303 833; x_wconf 90' lang='lat' dir='ltr'><strong>scabello</strong></span> <span class='ocrx_word' id='word_1_66' title='bbox 1326 778 1475 847; x_wconf 90' lang='lat' dir='ltr'><strong>subsedit·,</strong></span> <span class='ocrx_word' id='word_1_67' title='bbox 1495 778 1703 850; x_wconf 69' lang='lat' dir='ltr'><strong>celebratisque</strong></span> <span class='ocrx_word' id='word_1_68' title='bbox 1723 793 1758 836; x_wconf 89' lang='lat' dir='ltr'><strong>ex</strong></span> 
     </span>
     <span class='ocr_line' id='line_1_11' title="bbox 929 864 1757 939; baseline 0.007 -22"><span class='ocrx_word' id='word_1_69' title='bbox 929 876 1006 918; x_wconf 89' lang='lat' dir='ltr'><strong>more</strong></span> <span class='ocrx_word' id='word_1_70' title='bbox 1019 864 1171 920; x_wconf 89' lang='lat' dir='ltr'><strong>missarum</strong></span> <span class='ocrx_word' id='word_1_71' title='bbox 1186 865 1346 938; x_wconf 82' lang='lat' dir='ltr'><strong>solemniis,</strong></span> <span class='ocrx_word' id='word_1_72' title='bbox 1363 868 1563 939; x_wconf 87' lang='lat' dir='ltr'><strong>unusquisque</strong></span> <span class='ocrx_word' id='word_1_73' title='bbox 1579 867 1707 924; x_wconf 85' lang='lat' dir='ltr'><strong>bdelium</strong></span> <span class='ocrx_word' id='word_1_74' title='bbox 1722 868 1757 923; x_wconf 92' lang='lat' dir='ltr'><strong>ad</strong></span> 
     </span>
     <span class='ocr_line' id='line_1_12' title="bbox 929 952 1213 1023; baseline 0.011 -18"><span class='ocrx_word' id='word_1_75' title='bbox 929 952 1045 1021; x_wconf 89' lang='lat' dir='ltr'><strong>propria</strong></span> <span class='ocrx_word' id='word_1_76' title='bbox 1060 954 1213 1023; x_wconf 82' lang='lat' dir='ltr'><strong>repedavit.</strong></span> 
     </span>
    </p>

    <p class='ocr_par' dir='ltr' id='par_1_5' title="bbox 927 1039 1763 1385">
     <span class='ocr_line' id='line_1_13' title="bbox 964 1039 1763 1115; baseline 0.01 -20"><span class='ocrx_word' id='word_1_77' title='bbox 964 1039 1014 1107; x_wconf 82' lang='lat' dir='ltr'><strong>l&#39;ir</strong></span> <span class='ocrx_word' id='word_1_78' title='bbox 1028 1049 1120 1097; x_wconf 87' lang='lat' dir='ltr'><strong>autem</strong></span> <span class='ocrx_word' id='word_1_79' title='bbox 1130 1043 1255 1111; x_wconf 86' lang='lat' dir='ltr'><strong>Domini,</strong></span> <span class='ocrx_word' id='word_1_80' title='bbox 1269 1043 1385 1101; x_wconf 90' lang='lat' dir='ltr'><strong>clericis</strong></span> <span class='ocrx_word' id='word_1_81' title='bbox 1394 1045 1553 1115; x_wconf 88' lang='lat' dir='ltr'><strong>accersitis,</strong></span> <span class='ocrx_word' id='word_1_82' title='bbox 1569 1044 1670 1102; x_wconf 91' lang='lat' dir='ltr'><strong>intima</strong></span> <span class='ocrx_word' id='word_1_83' title='bbox 1686 1061 1763 1103; x_wconf 88' lang='lat' dir='ltr'><strong>sere-</strong></span> 
     </span>
     <span class='ocr_line' id='line_1_14' title="bbox 928 1129 1758 1207; baseline 0.012 -24"><span class='ocrx_word' id='word_1_84' title='bbox 928 1129 1017 1184; x_wconf 89' lang='lat' dir='ltr'><strong>nitate</strong></span> <span class='ocrx_word' id='word_1_85' title='bbox 1035 1130 1221 1200; x_wconf 89' lang='lat' dir='ltr'><strong>tranquillus,</strong></span> <span class='ocrx_word' id='word_1_86' title='bbox 1234 1145 1356 1205; x_wconf 87' lang='lat' dir='ltr'><strong>arguens</strong></span> <span class='ocrx_word' id='word_1_87' title='bbox 1373 1146 1421 1190; x_wconf 91' lang='lat' dir='ltr'><strong>eos</strong></span> <span class='ocrx_word' id='word_1_88' title='bbox 1434 1135 1616 1199; x_wconf 83' lang='lat' dir='ltr'><strong>temeritatis,</strong></span> <span class='ocrx_word' id='word_1_89' title='bbox 1631 1136 1697 1207; x_wconf 78' lang='lat' dir='ltr'><strong>Cur,</strong></span> <span class='ocrx_word' id='word_1_90' title='bbox 1716 1137 1758 1193; x_wconf 89' lang='lat' dir='ltr'><strong>iu·</strong></span> 
     </span>
     <span class='ocr_line' id='line_1_15' title="bbox 927 1218 1757 1297; baseline 0.01 -23"><span class='ocrx_word' id='word_1_91' title='bbox 927 1218 1001 1288; x_wconf 90' lang='lat' dir='ltr'><strong>quit,</strong></span> <span class='ocrx_word' id='word_1_92' title='bbox 1028 1219 1166 1275; x_wconf 91' lang='lat' dir='ltr'><strong>laicorum</strong></span> <span class='ocrx_word' id='word_1_93' title='bbox 1191 1222 1309 1277; x_wconf 87' lang='lat' dir='ltr'><strong>vocibus</strong></span> <span class='ocrx_word' id='word_1_94' title='bbox 1329 1222 1445 1277; x_wconf 88' lang='lat' dir='ltr'><strong>admisti</strong></span> <span class='ocrx_word' id='word_1_95' title='bbox 1471 1237 1514 1278; x_wconf 92' lang='lat' dir='ltr'><strong>me</strong></span> <span class='ocrx_word' id='word_1_96' title='bbox 1535 1224 1686 1297; x_wconf 86' lang='lat' dir='ltr'><strong>objurgare</strong></span> <span class='ocrx_word' id='word_1_97' title='bbox 1702 1240 1757 1282; x_wconf 89' lang='lat' dir='ltr'><strong>uon</strong></span> 
     </span>
     <span class='ocr_line' id='line_1_16' title="bbox 927 1307 1758 1385; baseline 0.01 -22"><span class='ocrx_word' id='word_1_98' title='bbox 927 1307 1111 1364; x_wconf 78' lang='lat' dir='ltr'><strong>erubuistis?</strong></span> <span class='ocrx_word' id='word_1_99' title='bbox 1126 1309 1256 1364; x_wconf 75' lang='lat' dir='ltr'><strong>Attamen</strong></span> <span class='ocrx_word' id='word_1_100' title='bbox 1278 1311 1346 1380; x_wconf 90' lang='lat' dir='ltr'><strong>quia</strong></span> <span class='ocrx_word' id='word_1_101' title='bbox 1374 1311 1441 1367; x_wconf 92' lang='lat' dir='ltr'><strong>talis</strong></span> <span class='ocrx_word' id='word_1_102' title='bbox 1458 1311 1621 1385; x_wconf 77' lang='lat' dir='ltr'><strong>obiurgatio</strong></span> <span class='ocrx_word' id='word_1_103' title='bbox 1643 1329 1700 1370; x_wconf 92' lang='lat' dir='ltr'><strong>non</strong></span> <span class='ocrx_word' id='word_1_104' title='bbox 1723 1316 1758 1371; x_wconf 89' lang='lat' dir='ltr'><strong>de</strong></span> 
     </span>
    </p>
   </div>
   <div class='ocr_carea' id='block_1_5' title="bbox 8 538 875 1333">
    <p class='ocr_par' dir='ltr' id='par_1_6' title="bbox 8 538 875 1333">
     <span class='ocr_line' id='line_1_17' title="bbox 79 538 872 620; baseline 0.019 -26"><span class='ocrx_word' id='word_1_105' title='bbox 79 538 239 596; x_wconf 77' lang='lat' dir='ltr'><strong>convolans</strong></span> <span class='ocrx_word' id='word_1_106' title='bbox 267 541 375 598; x_wconf 91' lang='lat' dir='ltr'><strong>interea</strong></span> <span class='ocrx_word' id='word_1_107' title='bbox 401 557 435 600; x_wconf 85' lang='lat' dir='ltr'><strong>ex</strong></span> <span class='ocrx_word' id='word_1_108' title='bbox 458 546 594 617; x_wconf 90' lang='lat' dir='ltr'><strong>populosa</strong></span> <span class='ocrx_word' id='word_1_109' title='bbox 617 548 685 604; x_wconf 90' lang='lat' dir='ltr'><strong>urbe</strong></span> <span class='ocrx_word' id='word_1_110' title='bbox 715 550 872 620; x_wconf 89' lang='lat' dir='ltr'><strong>promiscui</strong></span> 
     </span>
     <span class='ocr_line' id='line_1_18' title="bbox 8 628 875 708; baseline 0.012 -22"><span class='ocrx_word' id='word_1_111' title='bbox 8 642 129 687; x_wconf 82' lang='lat' dir='ltr'><strong>sexus</strong></span> <span class='ocrx_word' id='word_1_112' title='bbox 142 628 354 687; x_wconf 80' lang='lat' dir='ltr'><strong>innumerabile</strong></span> <span class='ocrx_word' id='word_1_113' title='bbox 368 632 482 705; x_wconf 84' lang='lat' dir='ltr'><strong>vulgus,</strong></span> <span class='ocrx_word' id='word_1_114' title='bbox 498 636 612 705; x_wconf 89' lang='lat' dir='ltr'><strong>plorans</strong></span> <span class='ocrx_word' id='word_1_115' title='bbox 626 645 655 693; x_wconf 91' lang='lat' dir='ltr'><strong>cl</strong></span> <span class='ocrx_word' id='word_1_116' title='bbox 668 639 780 708; x_wconf 81' lang='lat' dir='ltr'><strong>ejulans</strong></span> <span class='ocrx_word' id='word_1_117' title='bbox 795 639 875 696; x_wconf 91' lang='lat' dir='ltr'><strong>invi-</strong></span> 
     </span>
     <span class='ocr_line' id='line_1_19' title="bbox 8 717 875 795; baseline 0.012 -20"><span class='ocrx_word' id='word_1_118' title='bbox 8 729 101 775; x_wconf 62' lang='grc' dir='ltr'><strong>σθω</strong></span> <span class='ocrx_word' id='word_1_119' title='bbox 115 728 147 771; x_wconf 91' lang='lat' dir='ltr'><strong>sc</strong></span> <span class='ocrx_word' id='word_1_120' title='bbox 165 717 370 776; x_wconf 80' lang='lat' dir='ltr'><strong>sciscitabatur</strong></span> <span class='ocrx_word' id='word_1_121' title='bbox 390 721 525 793; x_wconf 85' lang='lat' dir='ltr'><strong>ignorans</strong></span> <span class='ocrx_word' id='word_1_122' title='bbox 545 724 671 795; x_wconf 89' lang='lat' dir='ltr'><strong>qualiter</strong></span> <span class='ocrx_word' id='word_1_123' title='bbox 685 727 738 783; x_wconf 91' lang='lat' dir='ltr'><strong>boc</strong></span> <span class='ocrx_word' id='word_1_124' title='bbox 758 730 875 785; x_wconf 91' lang='lat' dir='ltr'><strong>evenis-</strong></span> 
     </span>
     <span class='ocr_line' id='line_1_20' title="bbox 8 804 873 885; baseline 0.02 -27"><span class='ocrx_word' id='word_1_125' title='bbox 8 807 94 864; x_wconf 73' lang='lat' dir='ltr'><strong>set.</strong></span> <span class='ocrx_word' id='word_1_126' title='bbox 121 804 229 861; x_wconf 89' lang='lat' dir='ltr'><strong>ltevera</strong></span> <span class='ocrx_word' id='word_1_127' title='bbox 252 808 329 863; x_wconf 91' lang='lat' dir='ltr'><strong>enim</strong></span> <span class='ocrx_word' id='word_1_128' title='bbox 352 823 369 864; x_wconf 94' lang='lat' dir='ltr'><strong>a</strong></span> <span class='ocrx_word' id='word_1_129' title='bbox 394 810 514 868; x_wconf 90' lang='lat' dir='ltr'><strong>minimo</strong></span> <span class='ocrx_word' id='word_1_130' title='bbox 543 816 691 885; x_wconf 86' lang='lat' dir='ltr'><strong>usquead</strong></span> <span class='ocrx_word' id='word_1_131' title='bbox 716 818 873 874; x_wconf 72' lang='lat' dir='ltr'><strong>marimum</strong></span> 
     </span>
     <span class='ocr_line' id='line_1_21' title="bbox 8 892 875 977; baseline 0.012 -26"><span class='ocrx_word' id='word_1_132' title='bbox 8 892 296 951; x_wconf 70' lang='lat' dir='ltr'><strong>acerrimusllelus</strong></span> <span class='ocrx_word' id='word_1_133' title='bbox 308 910 406 953; x_wconf 88' lang='lat' dir='ltr'><strong>omnes</strong></span> <span class='ocrx_word' id='word_1_134' title='bbox 415 900 535 971; x_wconf 76' lang='lat' dir='ltr'><strong>rigabat.</strong></span> <span class='ocrx_word' id='word_1_135' title='bbox 548 904 682 959; x_wconf 85' lang='lat' dir='ltr'><strong>Priumrii</strong></span> <span class='ocrx_word' id='word_1_136' title='bbox 699 918 821 977; x_wconf 89' lang='lat' dir='ltr'><strong>namque</strong></span> <span class='ocrx_word' id='word_1_137' title='bbox 835 906 875 962; x_wconf 92' lang='lat' dir='ltr'><strong>ci-</strong></span> 
     </span>
     <span class='ocr_line' id='line_1_22' title="bbox 8 980 874 1052; baseline 0.015 -13"><span class='ocrx_word' id='word_1_138' title='bbox 8 980 217 1039; x_wconf 78' lang='lat' dir='ltr'><strong>ritatiscum</strong></span> <span class='ocrx_word' id='word_1_139' title='bbox 241 991 389 1042; x_wconf 90' lang='lat' dir='ltr'><strong>cernerent</strong></span> <span class='ocrx_word' id='word_1_140' title='bbox 404 989 604 1048; x_wconf 91' lang='lat' dir='ltr'><strong>multitudinis</strong></span> <span class='ocrx_word' id='word_1_141' title='bbox 624 994 797 1050; x_wconf 87' lang='lat' dir='ltr'><strong>laudabilem</strong></span> <span class='ocrx_word' id='word_1_142' title='bbox 815 996 874 1052; x_wconf 91' lang='lat' dir='ltr'><strong>im-</strong></span> 
     </span>
     <span class='ocr_line' id='line_1_23' title="bbox 8 1070 871 1153; baseline 0.023 -31"><span class='ocrx_word' id='word_1_143' title='bbox 8 1070 261 1144; x_wconf 62' lang='lat' dir='ltr'><strong>portunitatem.</strong></span> <span class='ocrx_word' id='word_1_144' title='bbox 277 1073 327 1143; x_wconf 92' lang='lat' dir='ltr'><strong>qui</strong></span> <span class='ocrx_word' id='word_1_145' title='bbox 350 1089 446 1133; x_wconf 89' lang='lat' dir='ltr'><strong>sacras</strong></span> <span class='ocrx_word' id='word_1_146' title='bbox 467 1080 529 1148; x_wconf 75' lang='lat' dir='ltr'><strong>eius</strong></span> <span class='ocrx_word' id='word_1_147' title='bbox 552 1083 670 1139; x_wconf 86' lang='lat' dir='ltr'><strong>extrvias</strong></span> <span class='ocrx_word' id='word_1_148' title='bbox 695 1083 871 1153; x_wconf 78' lang='lat' dir='ltr'><strong>lipsanorum</strong></span> 
     </span>
     <span class='ocr_line' id='line_1_24' title="bbox 8 1159 872 1244; baseline 0.023 -32"><span class='ocrx_word' id='word_1_149' title='bbox 8 1159 133 1235; x_wconf 70' lang='lat' dir='ltr'><strong>gratia</strong></span> <span class='ocrx_word' id='word_1_150' title='bbox 143 1160 275 1217; x_wconf 88' lang='lat' dir='ltr'><strong>scindere</strong></span> <span class='ocrx_word' id='word_1_151' title='bbox 290 1165 466 1233; x_wconf 78' lang='lat' dir='ltr'><strong>satagebant,</strong></span> <span class='ocrx_word' id='word_1_152' title='bbox 482 1168 656 1227; x_wconf 85' lang='lat' dir='ltr'><strong>involventes</strong></span> <span class='ocrx_word' id='word_1_153' title='bbox 666 1186 730 1228; x_wconf 90' lang='lat' dir='ltr'><strong>eum</strong></span> <span class='ocrx_word' id='word_1_154' title='bbox 747 1174 872 1244; x_wconf 90' lang='lat' dir='ltr'><strong>pellibus</strong></span> 
     </span>
     <span class='ocr_line' id='line_1_25' title="bbox 9 1247 873 1333; baseline 0.024 -35"><span class='ocrx_word' id='word_1_155' title='bbox 9 1251 127 1316; x_wconf 74' lang='lat' dir='ltr'><strong>nque</strong></span> <span class='ocrx_word' id='word_1_156' title='bbox 141 1247 315 1305; x_wconf 83' lang='lat' dir='ltr'><strong>sindonibus</strong></span> <span class='ocrx_word' id='word_1_157' title='bbox 325 1251 386 1307; x_wconf 89' lang='lat' dir='ltr'><strong>illis</strong></span> <span class='ocrx_word' id='word_1_158' title='bbox 398 1255 491 1311; x_wconf 90' lang='lat' dir='ltr'><strong>tutius</strong></span> <span class='ocrx_word' id='word_1_159' title='bbox 504 1260 742 1326; x_wconf 82' lang='lat' dir='ltr'><strong>perstrinxerunt.</strong></span> <span class='ocrx_word' id='word_1_160' title='bbox 757 1263 873 1333; x_wconf 87' lang='lat' dir='ltr'><strong>Semper</strong></span> 
     </span>
    </p>
   </div>
   <div class='ocr_carea' id='block_1_6' title="bbox 9 1333 1758 1502">
    <p class='ocr_par' dir='ltr' id='par_1_7' title="bbox 9 1333 1758 1502">
     <span class='ocr_line' id='line_1_26' title="bbox 9 1333 1613 1416; baseline 0.014 -23"><span class='ocrx_word' id='word_1_161' title='bbox 9 1333 116 1393; x_wconf 68' lang='lat' dir='ltr'><strong>„urim</strong></span> <span class='ocrx_word' id='word_1_162' title='bbox 136 1336 339 1394; x_wconf 88' lang='lat' dir='ltr'><strong>sanctissimus</strong></span> <span class='ocrx_word' id='word_1_163' title='bbox 358 1341 406 1396; x_wconf 86' lang='lat' dir='ltr'><strong>Ilei</strong></span> <span class='ocrx_word' id='word_1_164' title='bbox 429 1344 562 1401; x_wconf 89' lang='lat' dir='ltr'><strong>minister</strong></span> <span class='ocrx_word' id='word_1_165' title='bbox 578 1352 669 1403; x_wconf 87' lang='lat' dir='ltr'><strong>vestes</strong></span> <span class='ocrx_word' id='word_1_166' title='bbox 683 1350 873 1407; x_wconf 82' lang='lat' dir='ltr'><strong>sacerdotales</strong></span> <span class='ocrx_word' id='word_1_167' title='bbox 930 1397 936 1408; x_wconf 92' lang='lat'><strong>.</strong></span> <span class='ocrx_word' id='word_1_168' title='bbox 1038 1398 1043 1409; x_wconf 93' lang='lat'><strong>.</strong></span> <span class='ocrx_word' id='word_1_169' title='bbox 1564 1402 1613 1416; x_wconf 93' lang='lat'><strong>..</strong></span> 
     </span>
     <span class='ocr_line' id='line_1_27' title="bbox 9 1400 1758 1502; baseline 0.018 -23"><span class='ocrx_word' id='word_1_170' title='bbox 9 1420 97 1479; x_wconf 80' lang='lat' dir='ltr'><strong>nbi</strong></span> <span class='ocrx_word' id='word_1_171' title='bbox 114 1421 223 1478; x_wconf 88' lang='lat' dir='ltr'><strong>coloris</strong></span> <span class='ocrx_word' id='word_1_172' title='bbox 244 1432 306 1481; x_wconf 90' lang='lat' dir='ltr'><strong>erat</strong></span> <span class='ocrx_word' id='word_1_173' title='bbox 319 1429 451 1502; x_wconf 74' lang='lat' dir='ltr'><strong>sillictus,</strong></span> <span class='ocrx_word' id='word_1_174' title='bbox 472 1432 524 1488; x_wconf 91' lang='lat' dir='ltr'><strong>boc</strong></span> <span class='ocrx_word' id='word_1_175' title='bbox 543 1439 586 1489; x_wconf 86' lang='lat' dir='ltr'><strong>est</strong></span> <span class='ocrx_word' id='word_1_176' title='bbox 600 1437 726 1492; x_wconf 86' lang='lat' dir='ltr'><strong>tunicam</strong></span> <span class='ocrx_word' id='word_1_177' title='bbox 749 1444 777 1493; x_wconf 91' lang='lat' dir='ltr'><strong>et</strong></span> <span class='ocrx_word' id='word_1_178' title='bbox 790 1438 873 1494; x_wconf 94' lang='lat' dir='ltr'><strong>colo-</strong></span> <span class='ocrx_word' id='word_1_179' title='bbox 925 1403 1070 1466; x_wconf 50' lang='lat' dir='ltr'><strong>mmmm</strong></span> <span class='ocrx_word' id='word_1_180' title='bbox 1093 1411 1207 1453; x_wconf 71' lang='lat' dir='ltr'><strong>⁰oe⁰⁰⁵⁰</strong></span> <span class='ocrx_word' id='word_1_181' title='bbox 1233 1403 1369 1470; x_wconf 51' lang='lat' dir='ltr'><strong>1⁰me</strong></span> <span class='ocrx_word' id='word_1_182' title='bbox 1389 1400 1436 1455; x_wconf 57' lang='lat' dir='ltr'><strong>sed</strong></span> <span class='ocrx_word' id='word_1_183' title='bbox 1456 1401 1492 1456; x_wconf 59' lang='lat' dir='ltr'><strong>de</strong></span> <span class='ocrx_word' id='word_1_184' title='bbox 1507 1416 1663 1471; x_wconf 54' lang='lat' dir='ltr'><strong>p⁰r¹⁵⁵¹m⁰</strong></span> <span class='ocrx_word' id='word_1_185' title='bbox 1680 1402 1758 1460; x_wconf 57' lang='lat' dir='ltr'><strong>smne</strong></span> 
     </span>
    </p>
   </div>
   <div class='ocr_carea' id='block_1_7' title="bbox 9 1485 1757 1598">
    <p class='ocr_par' dir='ltr' id='par_1_8' title="bbox 9 1485 1757 1598">
     <span class='ocr_line' id='line_1_28' title="bbox 9 1485 1757 1598; baseline 0 -49"><span class='ocrx_word' id='word_1_186' title='bbox 9 1509 121 1567; x_wconf 65' lang='lat' dir='ltr'>bium</span> <span class='ocrx_word' id='word_1_187' title='bbox 135 1522 245 1568; x_wconf 60' lang='lat' dir='ltr'><strong>necno„</strong></span> <span class='ocrx_word' id='word_1_188' title='bbox 261 1517 288 1568; x_wconf 64' lang='lat' dir='ltr'><strong>eq</strong></span> <span class='ocrx_word' id='word_1_189' title='bbox 303 1517 514 1586; x_wconf 36' lang='lat' dir='ltr'><strong>omophorium·</strong></span> <span class='ocrx_word' id='word_1_190' title='bbox 541 1522 606 1579; x_wconf 55' lang='lat' dir='ltr'><strong>Post</strong></span> <span class='ocrx_word' id='word_1_191' title='bbox 626 1523 684 1580; x_wconf 48' lang='grc' dir='ltr'><strong>Μ,</strong></span> <span class='ocrx_word' id='word_1_192' title='bbox 705 1525 796 1598; x_wconf 56' lang='lat' dir='ltr'><strong>igitur</strong></span> <span class='ocrx_word' id='word_1_193' title='bbox 810 1533 872 1582; x_wconf 58' lang='lat' dir='ltr'><strong>om</strong></span> <span class='ocrx_word' id='word_1_194' title='bbox 926 1485 1093 1542; x_wconf 86' lang='lat' dir='ltr'><strong>dilectionis</strong></span> <span class='ocrx_word' id='word_1_195' title='bbox 1119 1487 1253 1557; x_wconf 91' lang='lat' dir='ltr'><strong>manavit,</strong></span> <span class='ocrx_word' id='word_1_196' title='bbox 1277 1488 1403 1557; x_wconf 89' lang='lat' dir='ltr'><strong>aperiam</strong></span> <span class='ocrx_word' id='word_1_197' title='bbox 1426 1488 1507 1544; x_wconf 90' lang='lat' dir='ltr'><strong>vobis</strong></span> <span class='ocrx_word' id='word_1_198' title='bbox 1527 1490 1614 1561; x_wconf 88' lang='lat' dir='ltr'><strong>bujus</strong></span> <span class='ocrx_word' id='word_1_199' title='bbox 1628 1493 1757 1563; x_wconf 79' lang='lat' dir='ltr'><strong>mysterii</strong></span> 
     </span>
    </p>
   </div>
   <div class='ocr_carea' id='block_1_8' title="bbox 9 1565 1758 1684">
    <p class='ocr_par' dir='ltr' id='par_1_9' title="bbox 9 1565 1758 1684">
     <span class='ocr_line' id='line_1_29' title="bbox 9 1565 1758 1684; baseline 0.016 -73"><span class='ocrx_word' id='word_1_200' title='bbox 9 1598 171 1656; x_wconf 44' lang='lat' dir='ltr'><strong>&amp;unm</strong></span> <span class='ocrx_word' id='word_1_201' title='bbox 183 1613 232 1657; x_wconf 58' lang='lat' dir='ltr'><strong>eos</strong></span> <span class='ocrx_word' id='word_1_202' title='bbox 246 1615 302 1659; x_wconf 68' lang='lat' dir='ltr'><strong>non</strong></span> <span class='ocrx_word' id='word_1_203' title='bbox 321 1618 404 1673; x_wconf 60' lang='lat' dir='ltr'><strong>pam</strong></span> <span class='ocrx_word' id='word_1_204' title='bbox 421 1611 578 1683; x_wconf 45' lang='lat' dir='ltr'><strong>commum</strong></span> <span class='ocrx_word' id='word_1_205' title='bbox 598 1614 713 1684; x_wconf 57' lang='lat' dir='ltr'><strong>quidam</strong></span> <span class='ocrx_word' id='word_1_206' title='bbox 732 1617 807 1672; x_wconf 62' lang='lat' dir='ltr'>enim</span> <span class='ocrx_word' id='word_1_207' title='bbox 822 1631 872 1673; x_wconf 44' lang='lat' dir='ltr'><strong>sa—</strong></span> <span class='ocrx_word' id='word_1_208' title='bbox 888 1565 914 1625; x_wconf 91' lang='lat' dir='ltr'>B</span> <span class='ocrx_word' id='word_1_209' title='bbox 928 1581 1077 1631; x_wconf 89' lang='lat' dir='ltr'><strong>secretum.</strong></span> <span class='ocrx_word' id='word_1_210' title='bbox 1095 1576 1265 1646; x_wconf 87' lang='lat' dir='ltr'><strong>Plerumque</strong></span> <span class='ocrx_word' id='word_1_211' title='bbox 1279 1577 1355 1633; x_wconf 91' lang='lat' dir='ltr'><strong>euim</strong></span> <span class='ocrx_word' id='word_1_212' title='bbox 1371 1592 1437 1637; x_wconf 82' lang='lat' dir='ltr'><strong>cum</strong></span> <span class='ocrx_word' id='word_1_213' title='bbox 1449 1579 1551 1636; x_wconf 92' lang='lat' dir='ltr'><strong>tbrono</strong></span> <span class='ocrx_word' id='word_1_214' title='bbox 1568 1581 1612 1636; x_wconf 92' lang='lat' dir='ltr'><strong>illi</strong></span> <span class='ocrx_word' id='word_1_215' title='bbox 1626 1584 1758 1652; x_wconf 89' lang='lat' dir='ltr'><strong>approxi·</strong></span> 
     </span>
    </p>
   </div>
   <div class='ocr_carea' id='block_1_9' title="bbox 9 1664 1755 1773">
    <p class='ocr_par' dir='ltr' id='par_1_10' title="bbox 9 1664 1755 1773">
     <span class='ocr_line' id='line_1_30' title="bbox 9 1664 1755 1773; baseline 0.019 -28"><span class='ocrx_word' id='word_1_216' title='bbox 9 1687 221 1745; x_wconf 75' lang='lat' dir='ltr'><strong>eratissimos</strong></span> <span class='ocrx_word' id='word_1_217' title='bbox 230 1695 312 1748; x_wconf 91' lang='lat' dir='ltr'><strong>artus</strong></span> <span class='ocrx_word' id='word_1_218' title='bbox 327 1694 357 1749; x_wconf 92' lang='lat' dir='ltr'><strong>in</strong></span> <span class='ocrx_word' id='word_1_219' title='bbox 372 1696 521 1753; x_wconf 90' lang='lat' dir='ltr'><strong>ecclesiam</strong></span> <span class='ocrx_word' id='word_1_220' title='bbox 533 1715 617 1771; x_wconf 90' lang='lat' dir='ltr'><strong>quam</strong></span> <span class='ocrx_word' id='word_1_221' title='bbox 635 1704 695 1773; x_wconf 90' lang='lat' dir='ltr'><strong>ipse</strong></span> <span class='ocrx_word' id='word_1_222' title='bbox 709 1705 872 1762; x_wconf 82' lang='lat' dir='ltr'><strong>aedificave-</strong></span> <span class='ocrx_word' id='word_1_223' title='bbox 928 1676 1004 1718; x_wconf 61' lang='lat' dir='ltr'><strong>mam</strong></span> <span class='ocrx_word' id='word_1_224' title='bbox 1025 1664 1099 1734; x_wconf 39' lang='lat'>‘¹⁰¹⁰&#39;</span> <span class='ocrx_word' id='word_1_225' title='bbox 1112 1665 1195 1721; x_wconf 56' lang='lat'><strong>”⁰³⁰</strong></span> <span class='ocrx_word' id='word_1_226' title='bbox 1208 1665 1359 1735; x_wconf 58' lang='lat' dir='ltr'>quamdam</span> <span class='ocrx_word' id='word_1_227' title='bbox 1376 1667 1405 1721; x_wconf 59' lang='lat' dir='ltr'><strong>in</strong></span> <span class='ocrx_word' id='word_1_228' title='bbox 1418 1680 1451 1723; x_wconf 70' lang='lat'><strong>⁰⁰</strong></span> <span class='ocrx_word' id='word_1_229' title='bbox 1468 1669 1565 1724; x_wconf 57' lang='lat' dir='ltr'><strong>mm</strong></span> <span class='ocrx_word' id='word_1_230' title='bbox 1580 1670 1715 1727; x_wconf 56' lang='lat' dir='ltr'><strong>Vinum</strong></span> <span class='ocrx_word' id='word_1_231' title='bbox 1733 1673 1755 1739; x_wconf 55' lang='lat'><strong>⁶¹</strong></span> 
     </span>
    </p>
   </div>
   <div class='ocr_carea' id='block_1_10' title="bbox 9 1750 1764 2217">
    <p class='ocr_par' dir='ltr' id='par_1_11' title="bbox 9 1750 1764 2217">
     <span class='ocr_line' id='line_1_31' title="bbox 9 1750 1759 1865; baseline -0.002 -46"><span class='ocrx_word' id='word_1_232' title='bbox 9 1780 93 1844; x_wconf 51' lang='lat' dir='ltr'><strong>mr,</strong></span> <span class='ocrx_word' id='word_1_233' title='bbox 112 1776 162 1832; x_wconf 68' lang='lat' dir='ltr'><strong>uqa</strong></span> <span class='ocrx_word' id='word_1_234' title='bbox 178 1782 207 1833; x_wconf 55' lang='grc' dir='ltr'><strong>θ(</strong></span> <span class='ocrx_word' id='word_1_235' title='bbox 225 1793 302 1836; x_wconf 66' lang='lat' dir='ltr'>„unc</span> <span class='ocrx_word' id='word_1_236' title='bbox 324 1784 489 1858; x_wconf 48' lang='lat' dir='ltr'><strong>mmmmm</strong></span> <span class='ocrx_word' id='word_1_237' title='bbox 515 1788 662 1847; x_wconf 52' lang='lat' dir='ltr'>advectare</span> <span class='ocrx_word' id='word_1_238' title='bbox 683 1794 869 1865; x_wconf 45' lang='lat' dir='ltr'><strong>satagebam</strong></span> <span class='ocrx_word' id='word_1_239' title='bbox 926 1751 1037 1852; x_wconf 77' lang='lat' dir='ltr'><strong>fulgore</strong></span> <span class='ocrx_word' id='word_1_240' title='bbox 1054 1750 1174 1807; x_wconf 90' lang='lat' dir='ltr'><strong>luminis</strong></span> <span class='ocrx_word' id='word_1_241' title='bbox 1188 1752 1340 1808; x_wconf 89' lang='lat' dir='ltr'><strong>admodum</strong></span> <span class='ocrx_word' id='word_1_242' title='bbox 1353 1754 1519 1811; x_wconf 87' lang='lat' dir='ltr'><strong>radiantem.</strong></span> <span class='ocrx_word' id='word_1_243' title='bbox 1535 1757 1673 1829; x_wconf 84' lang='lat' dir='ltr'><strong>bloxergo</strong></span> <span class='ocrx_word' id='word_1_244' title='bbox 1684 1758 1759 1815; x_wconf 90' lang='lat' dir='ltr'><strong>inter</strong></span> 
     </span>
     <span class='ocr_line' id='line_1_32' title="bbox 9 1839 1758 1952; baseline 0.005 -30"><span class='ocrx_word' id='word_1_245' title='bbox 9 1863 92 1922; x_wconf 80' lang='lat' dir='ltr'><strong>alli</strong></span> <span class='ocrx_word' id='word_1_246' title='bbox 107 1869 204 1922; x_wconf 86' lang='lat' dir='ltr'><strong>autem</strong></span> <span class='ocrx_word' id='word_1_247' title='bbox 219 1868 254 1924; x_wconf 89' lang='lat' dir='ltr'><strong>ad</strong></span> <span class='ocrx_word' id='word_1_248' title='bbox 266 1874 462 1930; x_wconf 88' lang='lat' dir='ltr'><strong>sanctuarium</strong></span> <span class='ocrx_word' id='word_1_249' title='bbox 473 1880 663 1952; x_wconf 74' lang='lat' dir='ltr'><strong>evangelistae,</strong></span> <span class='ocrx_word' id='word_1_250' title='bbox 684 1882 733 1938; x_wconf 92' lang='lat' dir='ltr'><strong>ubi</strong></span> <span class='ocrx_word' id='word_1_251' title='bbox 748 1889 776 1939; x_wconf 89' lang='lat' dir='ltr'><strong>et</strong></span> <span class='ocrx_word' id='word_1_252' title='bbox 792 1896 871 1939; x_wconf 90' lang='lat' dir='ltr'><strong>mar·</strong></span> <span class='ocrx_word' id='word_1_253' title='bbox 927 1839 1064 1939; x_wconf 48' lang='lat' dir='ltr'><strong>gauqun</strong></span> <span class='ocrx_word' id='word_1_254' title='bbox 1088 1846 1115 1894; x_wconf 48' lang='grc' dir='ltr'><strong>εἰ</strong></span> <span class='ocrx_word' id='word_1_255' title='bbox 1131 1853 1264 1941; x_wconf 51' lang='lat' dir='ltr'><strong>mmm.</strong></span> <span class='ocrx_word' id='word_1_256' title='bbox 1277 1855 1455 1945; x_wconf 51' lang='lat' dir='ltr'><strong>summust,</strong></span> <span class='ocrx_word' id='word_1_257' title='bbox 1466 1856 1589 1943; x_wconf 47' lang='lat'><strong>33⁰⁰⁵⁰⁰</strong></span> <span class='ocrx_word' id='word_1_258' title='bbox 1614 1859 1657 1947; x_wconf 65' lang='lat'><strong>{¹¹⁰</strong></span> <span class='ocrx_word' id='word_1_259' title='bbox 1672 1850 1758 1947; x_wconf 52' lang='grc' dir='ltr'><strong>ΨΜ</strong></span> 
     </span>
     <span class='ocr_line' id='line_1_33' title="bbox 11 1929 1761 2035; baseline 0.012 -26"><span class='ocrx_word' id='word_1_260' title='bbox 11 1953 109 2024; x_wconf 70' lang='lat' dir='ltr'><strong>tyrii</strong></span> <span class='ocrx_word' id='word_1_261' title='bbox 127 1961 231 2013; x_wconf 86' lang='lat' dir='ltr'><strong>metam</strong></span> <span class='ocrx_word' id='word_1_262' title='bbox 246 1960 409 2034; x_wconf 87' lang='lat' dir='ltr'><strong>complevit,</strong></span> <span class='ocrx_word' id='word_1_263' title='bbox 433 1963 542 2023; x_wconf 90' lang='lat' dir='ltr'><strong>deferre</strong></span> <span class='ocrx_word' id='word_1_264' title='bbox 555 1968 738 2026; x_wconf 88' lang='lat' dir='ltr'><strong>nitebantur:</strong></span> <span class='ocrx_word' id='word_1_265' title='bbox 758 1977 786 2027; x_wconf 91' lang='lat' dir='ltr'><strong>et</strong></span> <span class='ocrx_word' id='word_1_266' title='bbox 800 1973 868 2028; x_wconf 91' lang='lat' dir='ltr'><strong>dum</strong></span> <span class='ocrx_word' id='word_1_267' title='bbox 926 1942 1065 2028; x_wconf 44' lang='lat'><strong>⁸5⁵⁵¹⁰¹¹¹⁸</strong></span> <span class='ocrx_word' id='word_1_268' title='bbox 1076 1942 1193 2030; x_wconf 25' lang='lat' dir='ltr'><strong>prmius</strong></span> <span class='ocrx_word' id='word_1_269' title='bbox 1205 1929 1355 2029; x_wconf 47' lang='lat' dir='ltr'>¹¹¹d¹ff¹¹¹¹m</span> <span class='ocrx_word' id='word_1_270' title='bbox 1368 1948 1375 1999; x_wconf 85' lang='lat'>3</span> <span class='ocrx_word' id='word_1_271' title='bbox 1391 1936 1484 1987; x_wconf 57' lang='lat' dir='ltr'><strong>⁰¹n¹⁵¹</strong></span> <span class='ocrx_word' id='word_1_272' title='bbox 1498 1932 1624 2032; x_wconf 41' lang='lat' dir='ltr'><strong>manda„</strong></span> <span class='ocrx_word' id='word_1_273' title='bbox 1639 1946 1761 2035; x_wconf 68' lang='lat'>⁵⁸⁰¹¹¹¹.³&#39;</span> 
     </span>
     <span class='ocr_line' id='line_1_34' title="bbox 9 2015 1757 2131; baseline 0.01 -32"><span class='ocrx_word' id='word_1_274' title='bbox 9 2044 140 2103; x_wconf 81' lang='lat' dir='ltr'><strong>neutra</strong></span> <span class='ocrx_word' id='word_1_275' title='bbox 166 2057 233 2114; x_wconf 82' lang='lat' dir='ltr'><strong>pars</strong></span> <span class='ocrx_word' id='word_1_276' title='bbox 252 2047 337 2105; x_wconf 83' lang='lat' dir='ltr'><strong>alteri</strong></span> <span class='ocrx_word' id='word_1_277' title='bbox 359 2052 499 2125; x_wconf 87' lang='lat' dir='ltr'><strong>oederent,</strong></span> <span class='ocrx_word' id='word_1_278' title='bbox 529 2057 681 2129; x_wconf 82' lang='lat' dir='ltr'><strong>religionis</strong></span> <span class='ocrx_word' id='word_1_279' title='bbox 700 2059 868 2131; x_wconf 87' lang='lat' dir='ltr'><strong>obsequium</strong></span> <span class='ocrx_word' id='word_1_280' title='bbox 927 2015 1757 2120; x_wconf 42' lang='lat' dir='ltr'><strong>qupum&#39;nferrefnumssem&#39;haqddumumqum</strong></span> 
     </span>
     <span class='ocr_line' id='line_1_35' title="bbox 17 2105 1764 2217; baseline -0.003 -46"><span class='ocrx_word' id='word_1_281' title='bbox 17 2136 149 2188; x_wconf 60' lang='lat' dir='ltr'><strong>wrm</strong></span> <span class='ocrx_word' id='word_1_282' title='bbox 160 2138 348 2205; x_wconf 57' lang='lat' dir='ltr'><strong>memmi„</strong></span> <span class='ocrx_word' id='word_1_283' title='bbox 360 2143 607 2217; x_wconf 55' lang='lat' dir='ltr'><strong>pugnaelmgium</strong></span> <span class='ocrx_word' id='word_1_284' title='bbox 622 2146 814 2216; x_wconf 55' lang='lat' dir='ltr'>Quorumdam</span> <span class='ocrx_word' id='word_1_285' title='bbox 830 2150 870 2205; x_wconf 39' lang='lat' dir='ltr'><strong>in·</strong></span> <span class='ocrx_word' id='word_1_286' title='bbox 926 2118 977 2159; x_wconf 93' lang='lat' dir='ltr'><strong>nec</strong></span> <span class='ocrx_word' id='word_1_287' title='bbox 998 2120 1053 2175; x_wconf 84' lang='lat' dir='ltr'><strong>rpst</strong></span> <span class='ocrx_word' id='word_1_288' title='bbox 1074 2105 1198 2162; x_wconf 89' lang='lat' dir='ltr'><strong>scabello</strong></span> <span class='ocrx_word' id='word_1_289' title='bbox 1212 2106 1339 2162; x_wconf 89' lang='lat' dir='ltr'><strong>asstdere</strong></span> <span class='ocrx_word' id='word_1_290' title='bbox 1361 2119 1450 2164; x_wconf 89' lang='lat' dir='ltr'><strong>ausus</strong></span> <span class='ocrx_word' id='word_1_291' title='bbox 1474 2107 1603 2165; x_wconf 74' lang='lat' dir='ltr'><strong>fuissem.</strong></span> <span class='ocrx_word' id='word_1_292' title='bbox 1624 2110 1764 2182; x_wconf 74' lang='lat' dir='ltr'><strong>lndcest,</strong></span> 
     </span>
    </p>
   </div>
   <div class='ocr_carea' id='block_1_11' title="bbox 25 2195 1758 2308">
    <p class='ocr_par' dir='ltr' id='par_1_12' title="bbox 25 2195 1758 2308">
     <span class='ocr_line' id='line_1_36' title="bbox 25 2195 1758 2308; baseline 0.012 -72"><span class='ocrx_word' id='word_1_293' title='bbox 25 2226 117 2279; x_wconf 55' lang='lat' dir='ltr'><strong>tem</strong></span> <span class='ocrx_word' id='word_1_294' title='bbox 135 2228 299 2282; x_wconf 60' lang='lat' dir='ltr'><strong>mamm</strong></span> <span class='ocrx_word' id='word_1_295' title='bbox 321 2229 450 2286; x_wconf 58' lang='lat' dir='ltr'>animosa</span> <span class='ocrx_word' id='word_1_296' title='bbox 475 2232 610 2304; x_wconf 42' lang='lat' dir='ltr'><strong>phalanx,</strong></span> <span class='ocrx_word' id='word_1_297' title='bbox 624 2250 658 2290; x_wconf 44' lang='lat' dir='ltr'><strong>ex</strong></span> <span class='ocrx_word' id='word_1_298' title='bbox 672 2236 718 2292; x_wconf 62' lang='lat' dir='ltr'><strong>his</strong></span> <span class='ocrx_word' id='word_1_299' title='bbox 734 2238 783 2308; x_wconf 64' lang='lat' dir='ltr'><strong>qui</strong></span> <span class='ocrx_word' id='word_1_300' title='bbox 800 2254 871 2294; x_wconf 45' lang='lat' dir='ltr'>cur.</span> <span class='ocrx_word' id='word_1_301' title='bbox 926 2195 1092 2251; x_wconf 81' lang='lat' dir='ltr'><strong>clrarissimi</strong></span> <span class='ocrx_word' id='word_1_302' title='bbox 1103 2195 1168 2263; x_wconf 89' lang='lat' dir='ltr'><strong>lllii,</strong></span> <span class='ocrx_word' id='word_1_303' title='bbox 1184 2196 1258 2266; x_wconf 90' lang='lat' dir='ltr'><strong>quod</strong></span> <span class='ocrx_word' id='word_1_304' title='bbox 1273 2195 1354 2251; x_wconf 92' lang='lat' dir='ltr'><strong>vobis</strong></span> <span class='ocrx_word' id='word_1_305' title='bbox 1366 2197 1394 2251; x_wconf 91' lang='lat' dir='ltr'><strong>in</strong></span> <span class='ocrx_word' id='word_1_306' title='bbox 1407 2197 1460 2252; x_wconf 92' lang='lat' dir='ltr'><strong>boc</strong></span> <span class='ocrx_word' id='word_1_307' title='bbox 1473 2199 1664 2268; x_wconf 88' lang='lat' dir='ltr'><strong>pontificalem</strong></span> <span class='ocrx_word' id='word_1_308' title='bbox 1677 2213 1758 2271; x_wconf 80' lang='lat' dir='ltr'><strong>regu·</strong></span> 
     </span>
    </p>
   </div>
   <div class='ocr_carea' id='block_1_12' title="bbox 27 2308 876 2742">
    <p class='ocr_par' dir='ltr' id='par_1_13' title="bbox 27 2308 876 2742">
     <span class='ocr_line' id='line_1_37' title="bbox 27 2308 873 2395; baseline 0.015 -25"><span class='ocrx_word' id='word_1_309' title='bbox 27 2308 136 2385; x_wconf 76' lang='lat' dir='ltr'><strong>snsb,</strong></span> <span class='ocrx_word' id='word_1_310' title='bbox 156 2321 304 2388; x_wconf 79' lang='lat' dir='ltr'><strong>vocantur,</strong></span> <span class='ocrx_word' id='word_1_311' title='bbox 319 2318 449 2375; x_wconf 88' lang='lat' dir='ltr'><strong>videntes</strong></span> <span class='ocrx_word' id='word_1_312' title='bbox 471 2336 533 2390; x_wconf 81' lang='lat' dir='ltr'><strong>que</strong></span> <span class='ocrx_word' id='word_1_313' title='bbox 556 2324 728 2395; x_wconf 89' lang='lat' dir='ltr'><strong>acciderant,</strong></span> <span class='ocrx_word' id='word_1_314' title='bbox 746 2341 808 2381; x_wconf 91' lang='lat' dir='ltr'><strong>uam</strong></span> <span class='ocrx_word' id='word_1_315' title='bbox 824 2342 873 2383; x_wconf 91' lang='lat' dir='ltr'><strong>sc-</strong></span> 
     </span>
     <span class='ocr_line' id='line_1_38' title="bbox 36 2409 873 2486; baseline 0.016 -27"><span class='ocrx_word' id='word_1_316' title='bbox 36 2416 97 2460; x_wconf 82' lang='lat' dir='ltr'><strong>cus</strong></span> <span class='ocrx_word' id='word_1_317' title='bbox 119 2416 194 2459; x_wconf 91' lang='lat' dir='ltr'><strong>mare</strong></span> <span class='ocrx_word' id='word_1_318' title='bbox 224 2409 316 2474; x_wconf 89' lang='lat' dir='ltr'><strong>erant,</strong></span> <span class='ocrx_word' id='word_1_319' title='bbox 352 2416 523 2476; x_wconf 88' lang='lat' dir='ltr'><strong>paraverunt</strong></span> <span class='ocrx_word' id='word_1_320' title='bbox 544 2412 687 2481; x_wconf 85' lang='lat' dir='ltr'><strong>scapham,</strong></span> <span class='ocrx_word' id='word_1_321' title='bbox 718 2414 873 2486; x_wconf 90' lang='lat' dir='ltr'><strong>subitoque</strong></span> 
     </span>
     <span class='ocr_line' id='line_1_39' title="bbox 28 2491 871 2573; baseline 0.012 -24"><span class='ocrx_word' id='word_1_322' title='bbox 28 2491 212 2566; x_wconf 45' lang='lat' dir='ltr'><strong>„arripientes</strong></span> <span class='ocrx_word' id='word_1_323' title='bbox 224 2498 338 2549; x_wconf 89' lang='lat' dir='ltr'><strong>sanctas</strong></span> <span class='ocrx_word' id='word_1_324' title='bbox 351 2494 490 2566; x_wconf 88' lang='lat' dir='ltr'><strong>reliquias</strong></span> <span class='ocrx_word' id='word_1_325' title='bbox 506 2494 706 2571; x_wconf 89' lang='lat' dir='ltr'><strong>imposuerunt</strong></span> <span class='ocrx_word' id='word_1_326' title='bbox 723 2503 871 2573; x_wconf 73' lang='lat' dir='ltr'><strong>naviculae,</strong></span> 
     </span>
     <span class='ocr_line' id='line_1_40' title="bbox 47 2579 875 2658; baseline 0.018 -25"><span class='ocrx_word' id='word_1_327' title='bbox 47 2584 79 2635; x_wconf 90' lang='lat' dir='ltr'><strong>et</strong></span> <span class='ocrx_word' id='word_1_328' title='bbox 100 2579 278 2637; x_wconf 67' lang='lat' dir='ltr'><strong>emendentes</strong></span> <span class='ocrx_word' id='word_1_329' title='bbox 302 2588 377 2639; x_wconf 90' lang='lat' dir='ltr'><strong>retro</strong></span> <span class='ocrx_word' id='word_1_330' title='bbox 399 2585 532 2657; x_wconf 86' lang='lat' dir='ltr'><strong>Pharum,</strong></span> <span class='ocrx_word' id='word_1_331' title='bbox 559 2603 608 2658; x_wconf 90' lang='lat' dir='ltr'><strong>per</strong></span> <span class='ocrx_word' id='word_1_332' title='bbox 631 2590 723 2646; x_wconf 94' lang='lat' dir='ltr'><strong>locum</strong></span> <span class='ocrx_word' id='word_1_333' title='bbox 745 2592 792 2647; x_wconf 89' lang='lat' dir='ltr'><strong>cui</strong></span> <span class='ocrx_word' id='word_1_334' title='bbox 808 2593 875 2648; x_wconf 83' lang='lat' dir='ltr'><strong>leu-</strong></span> 
     </span>
     <span class='ocr_line' id='line_1_41' title="bbox 51 2668 876 2742; baseline 0.017 -19"><span class='ocrx_word' id='word_1_335' title='bbox 51 2668 113 2724; x_wconf 87' lang='lat' dir='ltr'><strong>cado</strong></span> <span class='ocrx_word' id='word_1_336' title='bbox 129 2669 299 2728; x_wconf 85' lang='lat' dir='ltr'><strong>vocabulum</strong></span> <span class='ocrx_word' id='word_1_337' title='bbox 317 2680 370 2742; x_wconf 73' lang='lat' dir='ltr'><strong>cst,</strong></span> <span class='ocrx_word' id='word_1_338' title='bbox 393 2683 532 2732; x_wconf 89' lang='lat' dir='ltr'><strong>venerunt</strong></span> <span class='ocrx_word' id='word_1_339' title='bbox 554 2677 583 2733; x_wconf 90' lang='lat' dir='ltr'><strong>iu</strong></span> <span class='ocrx_word' id='word_1_340' title='bbox 600 2679 749 2735; x_wconf 87' lang='lat' dir='ltr'><strong>ecclesiam</strong></span> <span class='ocrx_word' id='word_1_341' title='bbox 772 2681 876 2737; x_wconf 88' lang='lat' dir='ltr'><strong>beatis·</strong></span> 
     </span>
    </p>
   </div>
   <div class='ocr_carea' id='block_1_13' title="bbox 59 2756 937 2928">
    <p class='ocr_par' dir='ltr' id='par_1_14' title="bbox 59 2756 937 2928">
     <span class='ocr_line' id='line_1_42' title="bbox 59 2756 937 2841; baseline 0.009 -23"><span class='ocrx_word' id='word_1_342' title='bbox 59 2763 121 2821; x_wconf 82' lang='lat' dir='ltr'><strong>sina</strong></span> <span class='ocrx_word' id='word_1_343' title='bbox 151 2766 200 2821; x_wconf 86' lang='lat' dir='ltr'><strong>Dei</strong></span> <span class='ocrx_word' id='word_1_344' title='bbox 226 2756 378 2837; x_wconf 81' lang='lat' dir='ltr'><strong>genitricis</strong></span> <span class='ocrx_word' id='word_1_345' title='bbox 405 2778 573 2837; x_wconf 89' lang='lat' dir='ltr'><strong>semperque</strong></span> <span class='ocrx_word' id='word_1_346' title='bbox 609 2768 736 2840; x_wconf 87' lang='lat' dir='ltr'><strong>virginis</strong></span> <span class='ocrx_word' id='word_1_347' title='bbox 766 2771 872 2841; x_wconf 85' lang='lat' dir='ltr'><strong>llariae,</strong></span> <span class='ocrx_word' id='word_1_348' title='bbox 931 2815 937 2827; x_wconf 94' lang='lat'><strong>.</strong></span> 
     </span>
     <span class='ocr_line' id='line_1_43' title="bbox 62 2851 913 2928; baseline 0.009 -20"><span class='ocrx_word' id='word_1_349' title='bbox 62 2867 137 2925; x_wconf 87' lang='lat' dir='ltr'><strong>quan,</strong></span> <span class='ocrx_word' id='word_1_350' title='bbox 152 2861 185 2912; x_wconf 89' lang='lat' dir='ltr'><strong>ut</strong></span> <span class='ocrx_word' id='word_1_351' title='bbox 195 2851 292 2909; x_wconf 89' lang='lat' dir='ltr'><strong>dicere</strong></span> <span class='ocrx_word' id='word_1_352' title='bbox 309 2865 494 2924; x_wconf 76' lang='lat' dir='ltr'><strong>ceperamus,</strong></span> <span class='ocrx_word' id='word_1_353' title='bbox 517 2854 578 2925; x_wconf 87' lang='lat' dir='ltr'><strong>ipse</strong></span> <span class='ocrx_word' id='word_1_354' title='bbox 594 2855 630 2911; x_wconf 92' lang='lat' dir='ltr'><strong>ob</strong></span> <span class='ocrx_word' id='word_1_355' title='bbox 651 2863 807 2928; x_wconf 75' lang='lat' dir='ltr'><strong>martyrum</strong></span> <span class='ocrx_word' id='word_1_356' title='bbox 822 2861 913 2924; x_wconf 75' lang='lat' dir='ltr'><strong>cmc</strong></span> 
     </span>
    </p>
   </div>
   <div class='ocr_carea' id='block_1_14' title="bbox 10 2936 874 3634">
    <p class='ocr_par' dir='ltr' id='par_1_15' title="bbox 10 2936 874 3634">
     <span class='ocr_line' id='line_1_44' title="bbox 67 2936 859 3017; baseline 0.01 -21"><span class='ocrx_word' id='word_1_357' title='bbox 67 2941 415 3000; x_wconf 87' lang='lat' dir='ltr'><strong>ueteriaadoccidentalem</strong></span> <span class='ocrx_word' id='word_1_358' title='bbox 426 2936 859 3017; x_wconf 82' lang='lat' dir='ltr'><strong>partemiuquodamprosatloc</strong></span> 
     </span>
     <span class='ocr_line' id='line_1_45' title="bbox 10 3032 873 3107; baseline 0.009 -22"><span class='ocrx_word' id='word_1_359' title='bbox 10 3032 14 3071; x_wconf 71' lang='lat'><strong>&#39;¹</strong></span> <span class='ocrx_word' id='word_1_360' title='bbox 67 3037 247 3089; x_wconf 81' lang='lat' dir='ltr'><strong>construxerat.</strong></span> <span class='ocrx_word' id='word_1_361' title='bbox 261 3033 339 3086; x_wconf 87' lang='lat' dir='ltr'><strong>Tunc</strong></span> <span class='ocrx_word' id='word_1_362' title='bbox 349 3032 519 3102; x_wconf 89' lang='lat' dir='ltr'><strong>populorum</strong></span> <span class='ocrx_word' id='word_1_363' title='bbox 530 3035 646 3105; x_wconf 81' lang='lat' dir='ltr'><strong>agmina</strong></span> <span class='ocrx_word' id='word_1_364' title='bbox 659 3050 710 3091; x_wconf 90' lang='lat' dir='ltr'><strong>ceu</strong></span> <span class='ocrx_word' id='word_1_365' title='bbox 724 3043 805 3107; x_wconf 88' lang='lat' dir='ltr'><strong>raptu</strong></span> <span class='ocrx_word' id='word_1_366' title='bbox 814 3038 873 3093; x_wconf 91' lang='lat' dir='ltr'><strong>sibi</strong></span> 
     </span>
     <span class='ocr_line' id='line_1_46' title="bbox 10 3117 874 3198; baseline 0.012 -24"><span class='ocrx_word' id='word_1_367' title='bbox 10 3117 14 3155; x_wconf 88' lang='grc'><strong>·’</strong></span> <span class='ocrx_word' id='word_1_368' title='bbox 69 3121 146 3178; x_wconf 81' lang='lat' dir='ltr'><strong>calesti</strong></span> <span class='ocrx_word' id='word_1_369' title='bbox 161 3122 307 3189; x_wconf 86' lang='lat' dir='ltr'><strong>thesauro,</strong></span> <span class='ocrx_word' id='word_1_370' title='bbox 323 3119 374 3176; x_wconf 88' lang='lat' dir='ltr'><strong>alil</strong></span> <span class='ocrx_word' id='word_1_371' title='bbox 388 3134 436 3190; x_wconf 88' lang='lat' dir='ltr'><strong>per</strong></span> <span class='ocrx_word' id='word_1_372' title='bbox 448 3121 563 3190; x_wconf 84' lang='lat' dir='ltr'><strong>itinera,</strong></span> <span class='ocrx_word' id='word_1_373' title='bbox 575 3124 626 3179; x_wconf 88' lang='lat' dir='ltr'><strong>alii</strong></span> <span class='ocrx_word' id='word_1_374' title='bbox 645 3140 694 3194; x_wconf 92' lang='lat' dir='ltr'><strong>per</strong></span> <span class='ocrx_word' id='word_1_375' title='bbox 708 3126 790 3182; x_wconf 91' lang='lat' dir='ltr'><strong>devia</strong></span> <span class='ocrx_word' id='word_1_376' title='bbox 800 3142 874 3198; x_wconf 74' lang='lat' dir='ltr'><strong>quae·</strong></span> 
     </span>
     <span class='ocr_line' id='line_1_47' title="bbox 10 3209 873 3283; baseline 0.012 -21"><span class='ocrx_word' id='word_1_377' title='bbox 10 3210 13 3237; x_wconf 73' lang='lat'><em>*</em></span> <span class='ocrx_word' id='word_1_378' title='bbox 70 3222 106 3277; x_wconf 88' lang='lat' dir='ltr'><strong>que</strong></span> <span class='ocrx_word' id='word_1_379' title='bbox 116 3210 241 3281; x_wconf 90' lang='lat' dir='ltr'><strong>properis</strong></span> <span class='ocrx_word' id='word_1_380' title='bbox 253 3209 389 3265; x_wconf 89' lang='lat' dir='ltr'><strong>cursibus</strong></span> <span class='ocrx_word' id='word_1_381' title='bbox 404 3210 608 3280; x_wconf 90' lang='lat' dir='ltr'><strong>insequuntur.</strong></span> <span class='ocrx_word' id='word_1_382' title='bbox 624 3213 678 3283; x_wconf 87' lang='lat' dir='ltr'><strong>Qui</strong></span> <span class='ocrx_word' id='word_1_383' title='bbox 695 3214 808 3270; x_wconf 74' lang='lat' dir='ltr'><strong>nudem</strong></span> <span class='ocrx_word' id='word_1_384' title='bbox 822 3230 873 3272; x_wconf 87' lang='lat' dir='ltr'><strong>ve-</strong></span> 
     </span>
     <span class='ocr_line' id='line_1_48' title="bbox 71 3295 871 3373; baseline 0.015 -24"><span class='ocrx_word' id='word_1_385' title='bbox 71 3295 153 3356; x_wconf 85' lang='lat' dir='ltr'><strong>nientes</strong></span> <span class='ocrx_word' id='word_1_386' title='bbox 169 3312 227 3357; x_wconf 90' lang='lat' dir='ltr'><strong>nou</strong></span> <span class='ocrx_word' id='word_1_387' title='bbox 244 3300 303 3369; x_wconf 88' lang='lat' dir='ltr'><strong>jam</strong></span> <span class='ocrx_word' id='word_1_388' title='bbox 327 3298 375 3354; x_wconf 92' lang='lat' dir='ltr'><strong>ubi</strong></span> <span class='ocrx_word' id='word_1_389' title='bbox 401 3304 554 3368; x_wconf 84' lang='lat' dir='ltr'><strong>poneretur</strong></span> <span class='ocrx_word' id='word_1_390' title='bbox 580 3300 800 3373; x_wconf 86' lang='lat' dir='ltr'><strong>altercabantur,</strong></span> <span class='ocrx_word' id='word_1_391' title='bbox 824 3304 871 3360; x_wconf 88' lang='lat' dir='ltr'><strong>sed</strong></span> 
     </span>
     <span class='ocr_line' id='line_1_49' title="bbox 71 3388 872 3462; baseline 0.009 -19"><span class='ocrx_word' id='word_1_392' title='bbox 71 3389 184 3444; x_wconf 84' lang='lat' dir='ltr'><strong>uanum</strong></span> <span class='ocrx_word' id='word_1_393' title='bbox 213 3396 241 3444; x_wconf 91' lang='lat' dir='ltr'><strong>et</strong></span> <span class='ocrx_word' id='word_1_394' title='bbox 271 3402 327 3444; x_wconf 92' lang='lat' dir='ltr'><strong>uon</strong></span> <span class='ocrx_word' id='word_1_395' title='bbox 343 3388 531 3458; x_wconf 89' lang='lat' dir='ltr'><strong>improbando</strong></span> <span class='ocrx_word' id='word_1_396' title='bbox 556 3392 689 3459; x_wconf 86' lang='lat' dir='ltr'><strong>consilio,</strong></span> <span class='ocrx_word' id='word_1_397' title='bbox 707 3392 789 3462; x_wconf 86' lang='lat' dir='ltr'><strong>prius</strong></span> <span class='ocrx_word' id='word_1_398' title='bbox 807 3407 872 3450; x_wconf 89' lang='lat' dir='ltr'><strong>enm</strong></span> 
     </span>
     <span class='ocr_line' id='line_1_50' title="bbox 70 3472 872 3549; baseline 0.015 -23"><span class='ocrx_word' id='word_1_399' title='bbox 70 3472 227 3534; x_wconf 77' lang='lat' dir='ltr'><strong>deraserunt</strong></span> <span class='ocrx_word' id='word_1_400' title='bbox 247 3477 277 3532; x_wconf 91' lang='lat' dir='ltr'><strong>in</strong></span> <span class='ocrx_word' id='word_1_401' title='bbox 292 3490 343 3532; x_wconf 88' lang='lat' dir='ltr'><strong>sua</strong></span> <span class='ocrx_word' id='word_1_402' title='bbox 360 3478 494 3533; x_wconf 86' lang='lat' dir='ltr'><strong>cathedra</strong></span> <span class='ocrx_word' id='word_1_403' title='bbox 516 3490 629 3549; x_wconf 89' lang='lat' dir='ltr'><strong>ponere,</strong></span> <span class='ocrx_word' id='word_1_404' title='bbox 648 3486 675 3536; x_wconf 92' lang='lat' dir='ltr'><strong>et</strong></span> <span class='ocrx_word' id='word_1_405' title='bbox 695 3481 737 3537; x_wconf 90' lang='lat' dir='ltr'><strong>sic</strong></span> <span class='ocrx_word' id='word_1_406' title='bbox 759 3483 872 3538; x_wconf 93' lang='lat' dir='ltr'><strong>demum</strong></span> 
     </span>
     <span class='ocr_line' id='line_1_51' title="bbox 71 3566 334 3634; baseline 0.008 -17"><span class='ocrx_word' id='word_1_407' title='bbox 71 3566 197 3634; x_wconf 75' lang='lat' dir='ltr'><strong>sepulturae</strong></span> <span class='ocrx_word' id='word_1_408' title='bbox 211 3567 334 3622; x_wconf 90' lang='lat' dir='ltr'><strong>tradere.</strong></span> 
     </span>
    </p>
   </div>
   <div class='ocr_carea' id='block_1_15' title="bbox 94 3697 876 3775">
    <p class='ocr_par' dir='ltr' id='par_1_16' title="bbox 94 3697 876 3775">
     <span class='ocr_line' id='line_1_52' title="bbox 94 3697 876 3775; baseline 0.013 -23"><span class='ocrx_word' id='word_1_409' title='bbox 94 3697 119 3754; x_wconf 87' lang='lat' dir='ltr'><strong>n</strong></span> <span class='ocrx_word' id='word_1_410' title='bbox 130 3699 189 3769; x_wconf 91' lang='lat' dir='ltr'><strong>boc,</strong></span> <span class='ocrx_word' id='word_1_411' title='bbox 207 3698 433 3769; x_wconf 86' lang='lat' dir='ltr'><strong>prudentissime</strong></span> <span class='ocrx_word' id='word_1_412' title='bbox 449 3700 546 3762; x_wconf 82' lang='lat' dir='ltr'><strong>lector.</strong></span> <span class='ocrx_word' id='word_1_413' title='bbox 565 3701 630 3759; x_wconf 93' lang='lat' dir='ltr'><strong>uolo</strong></span> <span class='ocrx_word' id='word_1_414' title='bbox 644 3709 780 3775; x_wconf 87' lang='lat' dir='ltr'><strong>tanquam</strong></span> <span class='ocrx_word' id='word_1_415' title='bbox 796 3706 876 3762; x_wconf 92' lang='lat' dir='ltr'><strong>otio-</strong></span> 
     </span>
    </p>
   </div>
   <div class='ocr_carea' id='block_1_16' title="bbox 927 2283 1827 3776">
    <p class='ocr_par' dir='ltr' id='par_1_17' title="bbox 927 2283 1827 3061">
     <span class='ocr_line' id='line_1_53' title="bbox 929 2283 1759 2360; baseline 0.007 -21"><span class='ocrx_word' id='word_1_416' title='bbox 929 2283 985 2339; x_wconf 89' lang='lat' dir='ltr'><strong>lam</strong></span> <span class='ocrx_word' id='word_1_417' title='bbox 999 2285 1133 2340; x_wconf 82' lang='lat' dir='ltr'><strong>excedere</strong></span> <span class='ocrx_word' id='word_1_418' title='bbox 1144 2285 1251 2340; x_wconf 92' lang='lat' dir='ltr'><strong>videor.</strong></span> <span class='ocrx_word' id='word_1_419' title='bbox 1268 2287 1466 2342; x_wconf 88' lang='lat' dir='ltr'><strong>l&#39;erumtamen</strong></span> <span class='ocrx_word' id='word_1_420' title='bbox 1482 2288 1630 2345; x_wconf 89' lang='lat' dir='ltr'><strong>multoties</strong></span> <span class='ocrx_word' id='word_1_421' title='bbox 1645 2289 1759 2360; x_wconf 90' lang='lat' dir='ltr'><strong>quando</strong></span> 
     </span>
     <span class='ocr_line' id='line_1_54' title="bbox 929 2372 1757 2449; baseline 0.006 -23"><span class='ocrx_word' id='word_1_422' title='bbox 929 2385 990 2427; x_wconf 81' lang='lat' dir='ltr'><strong>cam</strong></span> <span class='ocrx_word' id='word_1_423' title='bbox 1015 2377 1159 2428; x_wconf 88' lang='lat' dir='ltr'><strong>vacantem</strong></span> <span class='ocrx_word' id='word_1_424' title='bbox 1193 2372 1313 2444; x_wconf 89' lang='lat' dir='ltr'><strong>aspicio,</strong></span> <span class='ocrx_word' id='word_1_425' title='bbox 1346 2374 1423 2430; x_wconf 92' lang='lat' dir='ltr'><strong>sicut</strong></span> <span class='ocrx_word' id='word_1_426' title='bbox 1449 2375 1505 2444; x_wconf 91' lang='lat' dir='ltr'><strong>ipsi</strong></span> <span class='ocrx_word' id='word_1_427' title='bbox 1531 2380 1617 2431; x_wconf 89' lang='lat' dir='ltr'><strong>testes</strong></span> <span class='ocrx_word' id='word_1_428' title='bbox 1640 2376 1757 2449; x_wconf 88' lang='lat' dir='ltr'><strong>adestis,</strong></span> 
     </span>
     <span class='ocr_line' id='line_1_55' title="bbox 930 2460 1761 2533; baseline 0.004 -18"><span class='ocrx_word' id='word_1_429' title='bbox 930 2474 1008 2516; x_wconf 85' lang='lat' dir='ltr'><strong>more</strong></span> <span class='ocrx_word' id='word_1_430' title='bbox 1036 2460 1123 2516; x_wconf 90' lang='lat' dir='ltr'><strong>solito</strong></span> <span class='ocrx_word' id='word_1_431' title='bbox 1137 2461 1234 2516; x_wconf 90' lang='lat' dir='ltr'><strong>sedere</strong></span> <span class='ocrx_word' id='word_1_432' title='bbox 1257 2462 1286 2516; x_wconf 91' lang='lat' dir='ltr'><strong>in</strong></span> <span class='ocrx_word' id='word_1_433' title='bbox 1303 2460 1352 2517; x_wconf 93' lang='lat' dir='ltr'><strong>illa</strong></span> <span class='ocrx_word' id='word_1_434' title='bbox 1374 2475 1429 2517; x_wconf 91' lang='lat' dir='ltr'><strong>non</strong></span> <span class='ocrx_word' id='word_1_435' title='bbox 1458 2463 1561 2518; x_wconf 90' lang='lat' dir='ltr'><strong>abnuo.</strong></span> <span class='ocrx_word' id='word_1_436' title='bbox 1583 2463 1761 2533; x_wconf 86' lang='lat' dir='ltr'><strong>Quapropter</strong></span> 
     </span>
     <span class='ocr_line' id='line_1_56' title="bbox 930 2549 1759 2623; baseline 0.005 -19"><span class='ocrx_word' id='word_1_437' title='bbox 930 2549 1096 2617; x_wconf 85' lang='lat' dir='ltr'><strong>hujusmodi</strong></span> <span class='ocrx_word' id='word_1_438' title='bbox 1113 2550 1236 2606; x_wconf 90' lang='lat' dir='ltr'><strong>scientes</strong></span> <span class='ocrx_word' id='word_1_439' title='bbox 1252 2564 1398 2621; x_wconf 77' lang='lat' dir='ltr'><strong>arcanum,</strong></span> <span class='ocrx_word' id='word_1_440' title='bbox 1415 2556 1443 2606; x_wconf 90' lang='lat' dir='ltr'><strong>et</strong></span> <span class='ocrx_word' id='word_1_441' title='bbox 1456 2565 1507 2621; x_wconf 92' lang='lat' dir='ltr'><strong>pro</strong></span> <span class='ocrx_word' id='word_1_442' title='bbox 1520 2559 1597 2607; x_wconf 88' lang='lat' dir='ltr'><strong>certo</strong></span> <span class='ocrx_word' id='word_1_443' title='bbox 1611 2556 1759 2623; x_wconf 88' lang='lat' dir='ltr'><strong>expertum</strong></span> 
     </span>
     <span class='ocr_line' id='line_1_57' title="bbox 931 2637 1761 2710; baseline 0.005 -18"><span class='ocrx_word' id='word_1_444' title='bbox 931 2637 1077 2707; x_wconf 89' lang='lat' dir='ltr'><strong>babentes,</strong></span> <span class='ocrx_word' id='word_1_445' title='bbox 1091 2639 1158 2709; x_wconf 89' lang='lat' dir='ltr'><strong>quia</strong></span> <span class='ocrx_word' id='word_1_446' title='bbox 1170 2639 1194 2694; x_wconf 88' lang='lat' dir='ltr'><strong>si</strong></span> <span class='ocrx_word' id='word_1_447' title='bbox 1206 2639 1276 2693; x_wconf 92' lang='lat' dir='ltr'><strong>mibi</strong></span> <span class='ocrx_word' id='word_1_448' title='bbox 1289 2638 1376 2694; x_wconf 93' lang='lat' dir='ltr'><strong>fuerit</strong></span> <span class='ocrx_word' id='word_1_449' title='bbox 1393 2640 1548 2709; x_wconf 92' lang='lat' dir='ltr'><strong>indultum,</strong></span> <span class='ocrx_word' id='word_1_450' title='bbox 1562 2641 1665 2697; x_wconf 87' lang='lat' dir='ltr'><strong>sedebo</strong></span> <span class='ocrx_word' id='word_1_451' title='bbox 1675 2655 1761 2710; x_wconf 91' lang='lat' dir='ltr'><strong>super</strong></span> 
     </span>
     <span class='ocr_line' id='line_1_58' title="bbox 929 2728 1761 2801; baseline 0.006 -21"><span class='ocrx_word' id='word_1_452' title='bbox 929 2739 1001 2797; x_wconf 92' lang='lat' dir='ltr'><strong>eam,</strong></span> <span class='ocrx_word' id='word_1_453' title='bbox 1016 2742 1072 2783; x_wconf 90' lang='lat' dir='ltr'><strong>non</strong></span> <span class='ocrx_word' id='word_1_454' title='bbox 1089 2728 1298 2796; x_wconf 85' lang='lat' dir='ltr'><strong>parvipendens</strong></span> <span class='ocrx_word' id='word_1_455' title='bbox 1311 2729 1424 2784; x_wconf 87' lang='lat' dir='ltr'><strong>ordinis</strong></span> <span class='ocrx_word' id='word_1_456' title='bbox 1438 2729 1619 2801; x_wconf 80' lang='lat' dir='ltr'><strong>dignitatem,</strong></span> <span class='ocrx_word' id='word_1_457' title='bbox 1635 2730 1761 2786; x_wconf 89' lang='lat' dir='ltr'><strong>omittite</strong></span> 
     </span>
     <span class='ocr_line' id='line_1_59' title="bbox 927 2815 1761 2885; baseline 0.004 -15"><span class='ocrx_word' id='word_1_458' title='bbox 927 2828 983 2885; x_wconf 76' lang='lat' dir='ltr'><strong>pam</strong></span> <span class='ocrx_word' id='word_1_459' title='bbox 995 2815 1184 2884; x_wconf 87' lang='lat' dir='ltr'><strong>popularibus</strong></span> <span class='ocrx_word' id='word_1_460' title='bbox 1194 2815 1317 2871; x_wconf 89' lang='lat' dir='ltr'><strong>ulterius</strong></span> <span class='ocrx_word' id='word_1_461' title='bbox 1326 2815 1688 2873; x_wconf 87' lang='lat' dir='ltr'><strong>favereinclamationibus.</strong></span> <span class='ocrx_word' id='word_1_462' title='bbox 1697 2819 1761 2874; x_wconf 79' lang='lat' dir='ltr'><strong>llaec</strong></span> 
     </span>
     <span class='ocr_line' id='line_1_60' title="bbox 929 2902 1827 2970; baseline 0.004 -13"><span class='ocrx_word' id='word_1_463' title='bbox 929 2902 1068 2958; x_wconf 91' lang='lat' dir='ltr'><strong>nimirum</strong></span> <span class='ocrx_word' id='word_1_464' title='bbox 1084 2904 1166 2958; x_wconf 88' lang='lat' dir='ltr'><strong>Pater</strong></span> <span class='ocrx_word' id='word_1_465' title='bbox 1187 2903 1389 2960; x_wconf 89' lang='lat' dir='ltr'><strong>sanctissimus</strong></span> <span class='ocrx_word' id='word_1_466' title='bbox 1402 2904 1470 2959; x_wconf 92' lang='lat' dir='ltr'><strong>dum</strong></span> <span class='ocrx_word' id='word_1_467' title='bbox 1492 2905 1586 2960; x_wconf 89' lang='lat' dir='ltr'><strong>adbuc</strong></span> <span class='ocrx_word' id='word_1_468' title='bbox 1604 2906 1711 2961; x_wconf 85' lang='lat' dir='ltr'><strong>viveret</strong></span> <span class='ocrx_word' id='word_1_469' title='bbox 1725 2905 1759 2962; x_wconf 91' lang='lat' dir='ltr'><strong>ad</strong></span> <span class='ocrx_word' id='word_1_470' title='bbox 1818 2958 1827 2970; x_wconf 84' lang='lat'>‚</span> 
     </span>
     <span class='ocr_line' id='line_1_61' title="bbox 928 2992 1455 3061; baseline 0.006 -16"><span class='ocrx_word' id='word_1_471' title='bbox 928 3005 1040 3048; x_wconf 90' lang='lat' dir='ltr'><strong>sacrum</strong></span> <span class='ocrx_word' id='word_1_472' title='bbox 1057 2993 1163 3048; x_wconf 89' lang='lat' dir='ltr'><strong>clerum</strong></span> <span class='ocrx_word' id='word_1_473' title='bbox 1180 2996 1295 3047; x_wconf 90' lang='lat' dir='ltr'><strong>coactus</strong></span> <span class='ocrx_word' id='word_1_474' title='bbox 1314 2992 1455 3061; x_wconf 89' lang='lat' dir='ltr'><strong>exposuit.</strong></span> 
     </span>
    </p>

    <p class='ocr_par' dir='ltr' id='par_1_18' title="bbox 928 3080 1763 3776">
     <span class='ocr_line' id='line_1_62' title="bbox 964 3080 1760 3151; baseline 0.003 -15"><span class='ocrx_word' id='word_1_475' title='bbox 964 3083 1069 3137; x_wconf 85' lang='lat' dir='ltr'><strong>florum</strong></span> <span class='ocrx_word' id='word_1_476' title='bbox 1090 3094 1157 3151; x_wconf 89' lang='lat' dir='ltr'><strong>ergo</strong></span> <span class='ocrx_word' id='word_1_477' title='bbox 1169 3080 1278 3136; x_wconf 87' lang='lat' dir='ltr'><strong>Christi</strong></span> <span class='ocrx_word' id='word_1_478' title='bbox 1300 3080 1397 3135; x_wconf 91' lang='lat' dir='ltr'><strong>lldeles</strong></span> <span class='ocrx_word' id='word_1_479' title='bbox 1412 3081 1458 3150; x_wconf 89' lang='lat' dir='ltr'><strong>pia</strong></span> <span class='ocrx_word' id='word_1_480' title='bbox 1475 3082 1625 3138; x_wconf 89' lang='lat' dir='ltr'><strong>devotione</strong></span> <span class='ocrx_word' id='word_1_481' title='bbox 1645 3082 1760 3138; x_wconf 74' lang='lat' dir='ltr'><strong>mmini-</strong></span> 
     </span>
     <span class='ocr_line' id='line_1_63' title="bbox 930 3169 1763 3240; baseline -0.002 -13"><span class='ocrx_word' id='word_1_482' title='bbox 930 3179 1049 3238; x_wconf 87' lang='lat' dir='ltr'><strong>sceules,</strong></span> <span class='ocrx_word' id='word_1_483' title='bbox 1069 3169 1198 3225; x_wconf 88' lang='lat' dir='ltr'><strong>tulerunt</strong></span> <span class='ocrx_word' id='word_1_484' title='bbox 1212 3170 1274 3238; x_wconf 88' lang='lat' dir='ltr'><strong>ejus</strong></span> <span class='ocrx_word' id='word_1_485' title='bbox 1289 3169 1516 3224; x_wconf 90' lang='lat' dir='ltr'><strong>sacratissimum</strong></span> <span class='ocrx_word' id='word_1_486' title='bbox 1532 3184 1646 3240; x_wconf 81' lang='lat' dir='ltr'><strong>corpus.</strong></span> <span class='ocrx_word' id='word_1_487' title='bbox 1662 3176 1689 3226; x_wconf 95' lang='lat' dir='ltr'><strong>et</strong></span> <span class='ocrx_word' id='word_1_488' title='bbox 1704 3171 1763 3240; x_wconf 90' lang='lat' dir='ltr'><strong>epi·</strong></span> 
     </span>
     <span class='ocr_line' id='line_1_64' title="bbox 928 3255 1762 3330; baseline -0.002 -15"><span class='ocrx_word' id='word_1_489' title='bbox 928 3259 1036 3330; x_wconf 87' lang='lat' dir='ltr'><strong>scopali</strong></span> <span class='ocrx_word' id='word_1_490' title='bbox 1062 3258 1133 3314; x_wconf 90' lang='lat' dir='ltr'><strong>solis</strong></span> <span class='ocrx_word' id='word_1_491' title='bbox 1155 3257 1339 3328; x_wconf 88' lang='lat' dir='ltr'><strong>supersedere</strong></span> <span class='ocrx_word' id='word_1_492' title='bbox 1362 3255 1500 3312; x_wconf 91' lang='lat' dir='ltr'><strong>fecerunt.</strong></span> <span class='ocrx_word' id='word_1_493' title='bbox 1523 3259 1610 3313; x_wconf 82' lang='lat' dir='ltr'><strong>lanta</strong></span> <span class='ocrx_word' id='word_1_494' title='bbox 1637 3258 1762 3329; x_wconf 87' lang='lat' dir='ltr'><strong>denique</strong></span> 
     </span>
     <span class='ocr_line' id='line_1_65' title="bbox 928 3333 1760 3417; baseline -0.005 -12"><span class='ocrx_word' id='word_1_495' title='bbox 928 3333 1030 3405; x_wconf 80' lang='lat' dir='ltr'><strong>letitia</strong></span> <span class='ocrx_word' id='word_1_496' title='bbox 1041 3353 1177 3417; x_wconf 90' lang='lat' dir='ltr'><strong>tantaque</strong></span> <span class='ocrx_word' id='word_1_497' title='bbox 1186 3344 1341 3402; x_wconf 80' lang='lat' dir='ltr'><strong>exsultatio</strong></span> <span class='ocrx_word' id='word_1_498' title='bbox 1351 3344 1467 3401; x_wconf 87' lang='lat' dir='ltr'><strong>coelitus</strong></span> <span class='ocrx_word' id='word_1_499' title='bbox 1479 3346 1584 3417; x_wconf 91' lang='lat' dir='ltr'><strong>populo</strong></span> <span class='ocrx_word' id='word_1_500' title='bbox 1594 3346 1697 3402; x_wconf 90' lang='lat' dir='ltr'><strong>collata</strong></span> <span class='ocrx_word' id='word_1_501' title='bbox 1706 3349 1760 3412; x_wconf 86' lang='lat' dir='ltr'><strong>est,</strong></span> 
     </span>
     <span class='ocr_line' id='line_1_66' title="bbox 928 3434 1762 3495; baseline -0.002 -1"><span class='ocrx_word' id='word_1_502' title='bbox 928 3453 961 3495; x_wconf 90' lang='lat' dir='ltr'><strong>ac</strong></span> <span class='ocrx_word' id='word_1_503' title='bbox 973 3438 997 3493; x_wconf 91' lang='lat' dir='ltr'><strong>si</strong></span> <span class='ocrx_word' id='word_1_504' title='bbox 1008 3451 1074 3493; x_wconf 91' lang='lat' dir='ltr'><strong>eum</strong></span> <span class='ocrx_word' id='word_1_505' title='bbox 1086 3435 1244 3491; x_wconf 87' lang='lat' dir='ltr'><strong>animatum</strong></span> <span class='ocrx_word' id='word_1_506' title='bbox 1255 3448 1287 3489; x_wconf 90' lang='lat' dir='ltr'><strong>ac</strong></span> <span class='ocrx_word' id='word_1_507' title='bbox 1300 3434 1440 3489; x_wconf 87' lang='lat' dir='ltr'><strong>viventem</strong></span> <span class='ocrx_word' id='word_1_508' title='bbox 1453 3434 1640 3491; x_wconf 87' lang='lat' dir='ltr'><strong>attenderent.</strong></span> <span class='ocrx_word' id='word_1_509' title='bbox 1653 3435 1762 3492; x_wconf 84' lang='lat' dir='ltr'><strong>Deinde</strong></span> 
     </span>
     <span class='ocr_line' id='line_1_67' title="bbox 929 3523 1763 3595; baseline -0.005 -11"><span class='ocrx_word' id='word_1_510' title='bbox 929 3526 1085 3595; x_wconf 75' lang='lat' dir='ltr'><strong>odoriferis</strong></span> <span class='ocrx_word' id='word_1_511' title='bbox 1096 3525 1262 3582; x_wconf 89' lang='lat' dir='ltr'><strong>condientes</strong></span> <span class='ocrx_word' id='word_1_512' title='bbox 1274 3523 1452 3580; x_wconf 89' lang='lat' dir='ltr'><strong>aromatibus</strong></span> <span class='ocrx_word' id='word_1_513' title='bbox 1463 3524 1619 3581; x_wconf 90' lang='lat' dir='ltr'><strong>induerunt</strong></span> <span class='ocrx_word' id='word_1_514' title='bbox 1631 3524 1763 3582; x_wconf 88' lang='lat' dir='ltr'><strong>illumse·</strong></span> 
     </span>
     <span class='ocr_line' id='line_1_68' title="bbox 931 3613 1761 3685; baseline -0.004 -12"><span class='ocrx_word' id='word_1_515' title='bbox 931 3613 1761 3685; x_wconf 87' lang='lat' dir='ltr'><strong>ricisindumentis;unusquisqueenimquodanticipare</strong></span> 
     </span>
     <span class='ocr_line' id='line_1_69' title="bbox 932 3702 1760 3776; baseline -0.005 -13"><span class='ocrx_word' id='word_1_516' title='bbox 932 3702 1760 3776; x_wconf 88' lang='lat' dir='ltr'><strong>ferendopoterat,bocsibimaximumlucrumdeputabat.</strong></span> 
     </span>
    </p>
   </div>
   <div class='ocr_carea' id='block_1_17' title="bbox 72 3788 1768 4934">
    <p class='ocr_par' dir='ltr' id='par_1_19' title="bbox 72 3788 1768 4934">
     <span class='ocr_line' id='line_1_70' title="bbox 72 3788 1763 3862; baseline 0.005 -24"><span class='ocrx_word' id='word_1_517' title='bbox 72 3798 115 3842; x_wconf 85' lang='lat' dir='ltr'><strong>suu</strong></span> <span class='ocrx_word' id='word_1_518' title='bbox 136 3788 355 3845; x_wconf 88' lang='lat' dir='ltr'><strong>deliramentum</strong></span> <span class='ocrx_word' id='word_1_519' title='bbox 379 3790 529 3856; x_wconf 77' lang='lat' dir='ltr'><strong>attendas3</strong></span> <span class='ocrx_word' id='word_1_520' title='bbox 555 3793 690 3858; x_wconf 89' lang='lat' dir='ltr'><strong>quoniam</strong></span> <span class='ocrx_word' id='word_1_521' title='bbox 716 3792 740 3850; x_wconf 92' lang='lat' dir='ltr'><strong>si</strong></span> <span class='ocrx_word' id='word_1_522' title='bbox 761 3809 876 3850; x_wconf 81' lang='lat' dir='ltr'><strong>causam</strong></span> <span class='ocrx_word' id='word_1_523' title='bbox 931 3797 1001 3852; x_wconf 90' lang='lat' dir='ltr'><strong>Tum</strong></span> <span class='ocrx_word' id='word_1_524' title='bbox 1021 3793 1153 3848; x_wconf 87' lang='lat' dir='ltr'><strong>victricia</strong></span> <span class='ocrx_word' id='word_1_525' title='bbox 1168 3791 1250 3861; x_wconf 87' lang='lat' dir='ltr'><strong>signa</strong></span> <span class='ocrx_word' id='word_1_526' title='bbox 1267 3791 1376 3861; x_wconf 91' lang='lat' dir='ltr'><strong>palmas</strong></span> <span class='ocrx_word' id='word_1_527' title='bbox 1394 3797 1533 3862; x_wconf 77' lang='lat' dir='ltr'><strong>gerentes,</strong></span> <span class='ocrx_word' id='word_1_528' title='bbox 1550 3792 1763 3849; x_wconf 89' lang='lat' dir='ltr'><strong>flammantibus</strong></span> 
     </span>
     <span class='ocr_line' id='line_1_71' title="bbox 73 3871 1761 3954; baseline 0.005 -28"><span class='ocrx_word' id='word_1_529' title='bbox 73 3871 164 3944; x_wconf 83' lang='lat' dir='ltr'><strong>bajusee</strong></span> <span class='ocrx_word' id='word_1_530' title='bbox 180 3877 319 3932; x_wconf 77' lang='lat' dir='ltr'><strong>novimas</strong></span> <span class='ocrx_word' id='word_1_531' title='bbox 338 3877 487 3949; x_wconf 89' lang='lat' dir='ltr'><strong>didiceris,</strong></span> <span class='ocrx_word' id='word_1_532' title='bbox 514 3879 622 3935; x_wconf 90' lang='lat' dir='ltr'><strong>mirans</strong></span> <span class='ocrx_word' id='word_1_533' title='bbox 641 3881 813 3939; x_wconf 89' lang='lat' dir='ltr'><strong>laudabilem</strong></span> <span class='ocrx_word' id='word_1_534' title='bbox 831 3899 879 3954; x_wconf 90' lang='lat' dir='ltr'><strong>po·</strong></span> <span class='ocrx_word' id='word_1_535' title='bbox 933 3884 1033 3951; x_wconf 89' lang='lat' dir='ltr'><strong>cereis,</strong></span> <span class='ocrx_word' id='word_1_536' title='bbox 1049 3879 1289 3949; x_wconf 89' lang='lat' dir='ltr'><strong>concrepantibus</strong></span> <span class='ocrx_word' id='word_1_537' title='bbox 1305 3880 1428 3950; x_wconf 91' lang='lat' dir='ltr'><strong>bymnis,</strong></span> <span class='ocrx_word' id='word_1_538' title='bbox 1445 3880 1761 3952; x_wconf 80' lang='lat' dir='ltr'><strong>flagrantibusquetby·</strong></span> 
     </span>
     <span class='ocr_line' id='line_1_72' title="bbox 74 3963 1765 4039; baseline 0.005 -23"><span class='ocrx_word' id='word_1_539' title='bbox 74 3963 116 4029; x_wconf 88' lang='lat' dir='ltr'><strong>puli</strong></span> <span class='ocrx_word' id='word_1_540' title='bbox 133 3966 221 4022; x_wconf 81' lang='lat' dir='ltr'><strong>zelum</strong></span> <span class='ocrx_word' id='word_1_541' title='bbox 240 3963 404 4037; x_wconf 87' lang='lat' dir='ltr'><strong>factumque</strong></span> <span class='ocrx_word' id='word_1_542' title='bbox 431 3966 575 4036; x_wconf 90' lang='lat' dir='ltr'><strong>probabis.</strong></span> <span class='ocrx_word' id='word_1_543' title='bbox 598 3968 649 4024; x_wconf 93' lang='lat' dir='ltr'><strong>llic</strong></span> <span class='ocrx_word' id='word_1_544' title='bbox 676 3971 752 4027; x_wconf 91' lang='lat' dir='ltr'><strong>enim</strong></span> <span class='ocrx_word' id='word_1_545' title='bbox 778 3973 879 4030; x_wconf 89' lang='lat' dir='ltr'><strong>beatus</strong></span> <span class='ocrx_word' id='word_1_546' title='bbox 934 3969 1129 4039; x_wconf 88' lang='lat' dir='ltr'><strong>miamatibus,</strong></span> <span class='ocrx_word' id='word_1_547' title='bbox 1148 3968 1274 4024; x_wconf 87' lang='lat' dir='ltr'><strong>ctelestis</strong></span> <span class='ocrx_word' id='word_1_548' title='bbox 1288 3967 1416 4024; x_wconf 73' lang='lat' dir='ltr'><strong>victoriae</strong></span> <span class='ocrx_word' id='word_1_549' title='bbox 1428 3969 1608 4038; x_wconf 86' lang='lat' dir='ltr'><strong>triumphum</strong></span> <span class='ocrx_word' id='word_1_550' title='bbox 1621 3969 1765 4025; x_wconf 89' lang='lat' dir='ltr'><strong>celebrau-</strong></span> 
     </span>
     <span class='ocr_line' id='line_1_73' title="bbox 74 4053 1763 4129; baseline 0.008 -28"><span class='ocrx_word' id='word_1_551' title='bbox 74 4053 167 4111; x_wconf 82' lang='lat' dir='ltr'><strong>autistes</strong></span> <span class='ocrx_word' id='word_1_552' title='bbox 180 4056 295 4127; x_wconf 89' lang='lat' dir='ltr'><strong>quando</strong></span> <span class='ocrx_word' id='word_1_553' title='bbox 310 4055 403 4111; x_wconf 89' lang='lat' dir='ltr'><strong>divini</strong></span> <span class='ocrx_word' id='word_1_554' title='bbox 418 4056 546 4126; x_wconf 85' lang='lat' dir='ltr'><strong>mysterii</strong></span> <span class='ocrx_word' id='word_1_555' title='bbox 567 4064 742 4115; x_wconf 88' lang='lat' dir='ltr'><strong>sacramenta</strong></span> <span class='ocrx_word' id='word_1_556' title='bbox 758 4061 882 4118; x_wconf 89' lang='lat' dir='ltr'><strong>celebra.</strong></span> <span class='ocrx_word' id='word_1_557' title='bbox 935 4066 987 4123; x_wconf 81' lang='lat' dir='ltr'><strong>tes,</strong></span> <span class='ocrx_word' id='word_1_558' title='bbox 998 4059 1193 4128; x_wconf 90' lang='lat' dir='ltr'><strong>deposuerunt</strong></span> <span class='ocrx_word' id='word_1_559' title='bbox 1205 4057 1476 4127; x_wconf 77' lang='lat' dir='ltr'><strong>sauctasreliqulas3</strong></span> <span class='ocrx_word' id='word_1_560' title='bbox 1491 4064 1519 4113; x_wconf 91' lang='lat' dir='ltr'><strong>et</strong></span> <span class='ocrx_word' id='word_1_561' title='bbox 1531 4058 1763 4129; x_wconf 89' lang='lat' dir='ltr'><strong>sepelieruuteas</strong></span> 
     </span>
     <span class='ocr_line' id='line_1_74' title="bbox 75 4134 1764 4219; baseline 0.005 -26"><span class='ocrx_word' id='word_1_562' title='bbox 75 4134 115 4209; x_wconf 82' lang='lat' dir='ltr'><strong>bal,</strong></span> <span class='ocrx_word' id='word_1_563' title='bbox 133 4156 194 4215; x_wconf 92' lang='lat' dir='ltr'><strong>uon,</strong></span> <span class='ocrx_word' id='word_1_564' title='bbox 211 4145 288 4200; x_wconf 92' lang='lat' dir='ltr'><strong>sicut</strong></span> <span class='ocrx_word' id='word_1_565' title='bbox 310 4143 524 4200; x_wconf 88' lang='lat' dir='ltr'><strong>ecclesiasticus</strong></span> <span class='ocrx_word' id='word_1_566' title='bbox 540 4159 601 4201; x_wconf 90' lang='lat' dir='ltr'><strong>mos</strong></span> <span class='ocrx_word' id='word_1_567' title='bbox 614 4145 708 4217; x_wconf 90' lang='lat' dir='ltr'><strong>babet,</strong></span> <span class='ocrx_word' id='word_1_568' title='bbox 725 4148 755 4204; x_wconf 90' lang='lat' dir='ltr'><strong>in</strong></span> <span class='ocrx_word' id='word_1_569' title='bbox 768 4152 882 4219; x_wconf 87' lang='lat' dir='ltr'><strong>pouttu-</strong></span> <span class='ocrx_word' id='word_1_570' title='bbox 936 4151 966 4206; x_wconf 90' lang='lat' dir='ltr'><strong>in</strong></span> <span class='ocrx_word' id='word_1_571' title='bbox 988 4147 1160 4216; x_wconf 72' lang='lat' dir='ltr'><strong>camelario,</strong></span> <span class='ocrx_word' id='word_1_572' title='bbox 1185 4146 1259 4216; x_wconf 94' lang='lat' dir='ltr'><strong>quod</strong></span> <span class='ocrx_word' id='word_1_573' title='bbox 1275 4146 1383 4201; x_wconf 92' lang='lat' dir='ltr'><strong>dudum</strong></span> <span class='ocrx_word' id='word_1_574' title='bbox 1399 4146 1434 4201; x_wconf 90' lang='lat' dir='ltr'><strong>ab</strong></span> <span class='ocrx_word' id='word_1_575' title='bbox 1455 4160 1488 4202; x_wconf 93' lang='lat' dir='ltr'><strong>eo</strong></span> <span class='ocrx_word' id='word_1_576' title='bbox 1509 4145 1603 4202; x_wconf 88' lang='lat' dir='ltr'><strong>fuerat</strong></span> <span class='ocrx_word' id='word_1_577' title='bbox 1626 4153 1764 4202; x_wconf 89' lang='lat' dir='ltr'><strong>constru-</strong></span> 
     </span>
     <span class='ocr_line' id='line_1_75' title="bbox 76 4225 1764 4314; baseline 0.008 -36"><span class='ocrx_word' id='word_1_578' title='bbox 76 4226 114 4281; x_wconf 85' lang='lat' dir='ltr'><strong>all</strong></span> <span class='ocrx_word' id='word_1_579' title='bbox 125 4230 231 4296; x_wconf 86' lang='lat' dir='ltr'><strong>throno,</strong></span> <span class='ocrx_word' id='word_1_580' title='bbox 247 4233 297 4289; x_wconf 88' lang='lat' dir='ltr'><strong>sed</strong></span> <span class='ocrx_word' id='word_1_581' title='bbox 314 4233 343 4289; x_wconf 91' lang='lat' dir='ltr'><strong>in</strong></span> <span class='ocrx_word' id='word_1_582' title='bbox 354 4233 417 4302; x_wconf 82' lang='lat' dir='ltr'><strong>ejus</strong></span> <span class='ocrx_word' id='word_1_583' title='bbox 432 4232 615 4303; x_wconf 90' lang='lat' dir='ltr'><strong>subpedaneo</strong></span> <span class='ocrx_word' id='word_1_584' title='bbox 633 4235 758 4293; x_wconf 89' lang='lat' dir='ltr'><strong>scabello</strong></span> <span class='ocrx_word' id='word_1_585' title='bbox 778 4240 882 4314; x_wconf 45' lang='lat' dir='ltr'><strong>reside·</strong></span> <span class='ocrx_word' id='word_1_586' title='bbox 895 4225 923 4286; x_wconf 86' lang='lat' dir='ltr'>D</span> <span class='ocrx_word' id='word_1_587' title='bbox 936 4246 1026 4308; x_wconf 89' lang='lat' dir='ltr'><strong>ctum,</strong></span> <span class='ocrx_word' id='word_1_588' title='bbox 1042 4237 1090 4293; x_wconf 93' lang='lat' dir='ltr'><strong>ubi</strong></span> <span class='ocrx_word' id='word_1_589' title='bbox 1104 4251 1137 4291; x_wconf 88' lang='lat' dir='ltr'><strong>cx</strong></span> <span class='ocrx_word' id='word_1_590' title='bbox 1158 4243 1226 4291; x_wconf 90' lang='lat' dir='ltr'><strong>tnnc</strong></span> <span class='ocrx_word' id='word_1_591' title='bbox 1241 4240 1269 4289; x_wconf 90' lang='lat' dir='ltr'><strong>et</strong></span> <span class='ocrx_word' id='word_1_592' title='bbox 1280 4247 1370 4305; x_wconf 90' lang='lat' dir='ltr'><strong>usque</strong></span> <span class='ocrx_word' id='word_1_593' title='bbox 1382 4235 1411 4289; x_wconf 92' lang='lat' dir='ltr'><strong>in</strong></span> <span class='ocrx_word' id='word_1_594' title='bbox 1429 4234 1597 4290; x_wconf 89' lang='lat' dir='ltr'><strong>botliernum</strong></span> <span class='ocrx_word' id='word_1_595' title='bbox 1611 4236 1685 4291; x_wconf 88' lang='lat' dir='ltr'><strong>diem</strong></span> <span class='ocrx_word' id='word_1_596' title='bbox 1704 4236 1764 4291; x_wconf 94' lang='lat' dir='ltr'><strong>mi-</strong></span> 
     </span>
     <span class='ocr_line' id='line_1_76' title="bbox 76 4310 1764 4401; baseline 0.008 -36"><span class='ocrx_word' id='word_1_597' title='bbox 76 4310 207 4390; x_wconf 65' lang='lat' dir='ltr'><strong>batqquod</strong></span> <span class='ocrx_word' id='word_1_598' title='bbox 227 4322 327 4392; x_wconf 90' lang='lat' dir='ltr'><strong>populi</strong></span> <span class='ocrx_word' id='word_1_599' title='bbox 345 4321 528 4391; x_wconf 87' lang='lat' dir='ltr'><strong>aspicientes,</strong></span> <span class='ocrx_word' id='word_1_600' title='bbox 553 4336 627 4393; x_wconf 77' lang='lat' dir='ltr'><strong>aegre</strong></span> <span class='ocrx_word' id='word_1_601' title='bbox 645 4326 833 4399; x_wconf 80' lang='lat' dir='ltr'><strong>metplebam,</strong></span> <span class='ocrx_word' id='word_1_602' title='bbox 854 4345 883 4401; x_wconf 68' lang='lat' dir='ltr'><strong>oq</strong></span> <span class='ocrx_word' id='word_1_603' title='bbox 938 4327 1100 4384; x_wconf 88' lang='lat' dir='ltr'><strong>raculorum</strong></span> <span class='ocrx_word' id='word_1_604' title='bbox 1122 4325 1244 4379; x_wconf 88' lang='lat' dir='ltr'><strong>virtutes</strong></span> <span class='ocrx_word' id='word_1_605' title='bbox 1260 4324 1321 4379; x_wconf 87' lang='lat' dir='ltr'><strong>lieri</strong></span> <span class='ocrx_word' id='word_1_606' title='bbox 1345 4337 1400 4379; x_wconf 91' lang='lat' dir='ltr'><strong>uon</strong></span> <span class='ocrx_word' id='word_1_607' title='bbox 1421 4323 1568 4378; x_wconf 90' lang='lat' dir='ltr'><strong>deliciunt.</strong></span> <span class='ocrx_word' id='word_1_608' title='bbox 1595 4325 1644 4379; x_wconf 88' lang='lat' dir='ltr'><strong>Pla</strong></span> <span class='ocrx_word' id='word_1_609' title='bbox 1659 4325 1764 4379; x_wconf 89' lang='lat' dir='ltr'><strong>etenim</strong></span> 
     </span>
     <span class='ocr_line' id='line_1_77' title="bbox 77 4409 1767 4486; baseline 0.002 -22"><span class='ocrx_word' id='word_1_610' title='bbox 77 4413 253 4476; x_wconf 67' lang='lat' dir='ltr'><strong>diruerentes</strong></span> <span class='ocrx_word' id='word_1_611' title='bbox 267 4409 476 4466; x_wconf 89' lang='lat' dir='ltr'><strong>acclamabant:</strong></span> <span class='ocrx_word' id='word_1_612' title='bbox 494 4411 621 4482; x_wconf 89' lang='lat' dir='ltr'><strong>Oportet,</strong></span> <span class='ocrx_word' id='word_1_613' title='bbox 642 4428 659 4470; x_wconf 95' lang='lat' dir='ltr'><strong>o</strong></span> <span class='ocrx_word' id='word_1_614' title='bbox 680 4415 771 4486; x_wconf 87' lang='lat' dir='ltr'><strong>Pater,</strong></span> <span class='ocrx_word' id='word_1_615' title='bbox 786 4418 815 4473; x_wconf 92' lang='lat' dir='ltr'><strong>in</strong></span> <span class='ocrx_word' id='word_1_616' title='bbox 832 4424 882 4477; x_wconf 81' lang='lat' dir='ltr'><strong>tua</strong></span> <span class='ocrx_word' id='word_1_617' title='bbox 936 4423 1000 4472; x_wconf 88' lang='lat' dir='ltr'><strong>vota</strong></span> <span class='ocrx_word' id='word_1_618' title='bbox 1016 4414 1092 4470; x_wconf 86' lang='lat' dir='ltr'><strong>felici</strong></span> <span class='ocrx_word' id='word_1_619' title='bbox 1119 4413 1303 4469; x_wconf 82' lang='lat' dir='ltr'><strong>exauditione</strong></span> <span class='ocrx_word' id='word_1_620' title='bbox 1323 4413 1466 4482; x_wconf 72' lang='lat' dir='ltr'><strong>laetantur,</strong></span> <span class='ocrx_word' id='word_1_621' title='bbox 1486 4413 1695 4469; x_wconf 81' lang='lat' dir='ltr'><strong>iulirtnantium</strong></span> <span class='ocrx_word' id='word_1_622' title='bbox 1715 4425 1767 4468; x_wconf 86' lang='lat' dir='ltr'><strong>sa-</strong></span> 
     </span>
     <span class='ocr_line' id='line_1_78' title="bbox 79 4496 1768 4577; baseline 0.002 -25"><span class='ocrx_word' id='word_1_623' title='bbox 79 4496 197 4554; x_wconf 77' lang='lat' dir='ltr'><strong>ltsedere</strong></span> <span class='ocrx_word' id='word_1_624' title='bbox 214 4499 367 4569; x_wconf 83' lang='lat' dir='ltr'><strong>ratbedra3</strong></span> <span class='ocrx_word' id='word_1_625' title='bbox 383 4504 490 4554; x_wconf 90' lang='lat' dir='ltr'><strong>etcum</strong></span> <span class='ocrx_word' id='word_1_626' title='bbox 506 4500 605 4556; x_wconf 91' lang='lat' dir='ltr'><strong>crebro</strong></span> <span class='ocrx_word' id='word_1_627' title='bbox 623 4502 650 4558; x_wconf 93' lang='lat' dir='ltr'><strong>id</strong></span> <span class='ocrx_word' id='word_1_628' title='bbox 669 4503 762 4573; x_wconf 87' lang='lat' dir='ltr'><strong>ipsum</strong></span> <span class='ocrx_word' id='word_1_629' title='bbox 779 4514 884 4577; x_wconf 88' lang='lat' dir='ltr'><strong>repete·</strong></span> <span class='ocrx_word' id='word_1_630' title='bbox 939 4507 1043 4561; x_wconf 87' lang='lat' dir='ltr'><strong>uitales</strong></span> <span class='ocrx_word' id='word_1_631' title='bbox 1052 4501 1670 4571; x_wconf 78' lang='lat' dir='ltr'><strong>restaurantur-‚expulsionesimmundorum</strong></span> <span class='ocrx_word' id='word_1_632' title='bbox 1680 4501 1768 4572; x_wconf 91' lang='lat' dir='ltr'><strong>spirl-</strong></span> 
     </span>
     <span class='ocr_line' id='line_1_79' title="bbox 81 4587 1766 4665; baseline 0.009 -34"><span class='ocrx_word' id='word_1_633' title='bbox 81 4587 132 4652; x_wconf 88' lang='lat' dir='ltr'><strong>teat,</strong></span> <span class='ocrx_word' id='word_1_634' title='bbox 153 4600 270 4659; x_wconf 80' lang='lat' dir='ltr'><strong>surgens</strong></span> <span class='ocrx_word' id='word_1_635' title='bbox 293 4587 407 4643; x_wconf 91' lang='lat' dir='ltr'><strong>Domini</strong></span> <span class='ocrx_word' id='word_1_636' title='bbox 437 4589 569 4645; x_wconf 86' lang='lat' dir='ltr'><strong>minister</strong></span> <span class='ocrx_word' id='word_1_637' title='bbox 591 4591 733 4661; x_wconf 91' lang='lat' dir='ltr'><strong>ejusmodi</strong></span> <span class='ocrx_word' id='word_1_638' title='bbox 748 4596 880 4665; x_wconf 88' lang='lat' dir='ltr'><strong>querelas</strong></span> <span class='ocrx_word' id='word_1_639' title='bbox 937 4607 1029 4663; x_wconf 81' lang='lat' dir='ltr'><strong>tuurn,</strong></span> <span class='ocrx_word' id='word_1_640' title='bbox 1046 4591 1180 4662; x_wconf 80' lang='lat' dir='ltr'><strong>martyris</strong></span> <span class='ocrx_word' id='word_1_641' title='bbox 1193 4590 1325 4645; x_wconf 82' lang='lat' dir='ltr'><strong>rnerilum</strong></span> <span class='ocrx_word' id='word_1_642' title='bbox 1340 4590 1540 4646; x_wconf 87' lang='lat' dir='ltr'><strong>testificantur.</strong></span> <span class='ocrx_word' id='word_1_643' title='bbox 1557 4592 1621 4646; x_wconf 75' lang='lat' dir='ltr'><strong>llaec</strong></span> <span class='ocrx_word' id='word_1_644' title='bbox 1637 4604 1766 4661; x_wconf 89' lang='lat' dir='ltr'><strong>munera,</strong></span> 
     </span>
     <span class='ocr_line' id='line_1_80' title="bbox 82 4670 1768 4751; baseline 0.004 -22"><span class='ocrx_word' id='word_1_645' title='bbox 82 4670 207 4743; x_wconf 73' lang='lat' dir='ltr'><strong>tranquilla</strong></span> <span class='ocrx_word' id='word_1_646' title='bbox 229 4690 298 4732; x_wconf 86' lang='lat' dir='ltr'><strong>voce</strong></span> <span class='ocrx_word' id='word_1_647' title='bbox 317 4677 442 4748; x_wconf 90' lang='lat' dir='ltr'><strong>sedabat,</strong></span> <span class='ocrx_word' id='word_1_648' title='bbox 464 4684 492 4733; x_wconf 90' lang='lat' dir='ltr'><strong>et</strong></span> <span class='ocrx_word' id='word_1_649' title='bbox 516 4679 620 4735; x_wconf 89' lang='lat' dir='ltr'><strong>iterum</strong></span> <span class='ocrx_word' id='word_1_650' title='bbox 644 4681 673 4736; x_wconf 94' lang='lat' dir='ltr'><strong>in</strong></span> <span class='ocrx_word' id='word_1_651' title='bbox 700 4682 797 4738; x_wconf 91' lang='lat' dir='ltr'><strong>eodem</strong></span> <span class='ocrx_word' id='word_1_652' title='bbox 824 4700 884 4742; x_wconf 82' lang='lat' dir='ltr'><strong>sca.</strong></span> <span class='ocrx_word' id='word_1_653' title='bbox 936 4682 1142 4749; x_wconf 87' lang='lat' dir='ltr'><strong>Domiuelesu,</strong></span> <span class='ocrx_word' id='word_1_654' title='bbox 1158 4685 1206 4734; x_wconf 89' lang='lat' dir='ltr'><strong>tua</strong></span> <span class='ocrx_word' id='word_1_655' title='bbox 1219 4685 1296 4748; x_wconf 85' lang='lat' dir='ltr'><strong>suut,</strong></span> <span class='ocrx_word' id='word_1_656' title='bbox 1310 4678 1589 4736; x_wconf 88' lang='lat' dir='ltr'><strong>cuicousuetudinis</strong></span> <span class='ocrx_word' id='word_1_657' title='bbox 1604 4687 1647 4736; x_wconf 91' lang='lat' dir='ltr'><strong>est</strong></span> <span class='ocrx_word' id='word_1_658' title='bbox 1664 4685 1768 4751; x_wconf 84' lang='lat' dir='ltr'><strong>marty-</strong></span> 
     </span>
     <span class='ocr_line' id='line_1_81' title="bbox 82 4751 1764 4845; baseline 0.005 -31"><span class='ocrx_word' id='word_1_659' title='bbox 82 4751 135 4814; x_wconf 79' lang='lat' dir='ltr'><strong>bello</strong></span> <span class='ocrx_word' id='word_1_660' title='bbox 154 4765 300 4821; x_wconf 79' lang='lat' dir='ltr'><strong>residebat.</strong></span> <span class='ocrx_word' id='word_1_661' title='bbox 326 4766 444 4822; x_wconf 81' lang='lat' dir='ltr'><strong>Cunctis</strong></span> <span class='ocrx_word' id='word_1_662' title='bbox 468 4774 562 4824; x_wconf 90' lang='lat' dir='ltr'><strong>autem</strong></span> <span class='ocrx_word' id='word_1_663' title='bbox 592 4770 769 4827; x_wconf 91' lang='lat' dir='ltr'><strong>bumilitatis</strong></span> <span class='ocrx_word' id='word_1_664' title='bbox 789 4775 883 4845; x_wconf 84' lang='lat' dir='ltr'><strong>gratia</strong></span> <span class='ocrx_word' id='word_1_665' title='bbox 938 4775 1057 4827; x_wconf 88' lang='lat' dir='ltr'><strong>restuos</strong></span> <span class='ocrx_word' id='word_1_666' title='bbox 1068 4773 1132 4839; x_wconf 89' lang='lat' dir='ltr'><strong>post</strong></span> <span class='ocrx_word' id='word_1_667' title='bbox 1146 4767 1426 4823; x_wconf 89' lang='lat' dir='ltr'><strong>mortisexitiumsic</strong></span> <span class='ocrx_word' id='word_1_668' title='bbox 1437 4768 1620 4839; x_wconf 85' lang='lat' dir='ltr'><strong>magnificare</strong></span> <span class='ocrx_word' id='word_1_669' title='bbox 1631 4767 1764 4839; x_wconf 75' lang='lat' dir='ltr'><strong>felicius,</strong></span> 
     </span>
     <span class='ocr_line' id='line_1_82' title="bbox 83 4838 1766 4934; baseline 0.004 -29"><span class='ocrx_word' id='word_1_670' title='bbox 83 4838 165 4921; x_wconf 78' lang='lat' dir='ltr'><strong>locagl</strong></span> <span class='ocrx_word' id='word_1_671' title='bbox 175 4853 332 4909; x_wconf 85' lang='lat' dir='ltr'><strong>ridebatur.</strong></span> <span class='ocrx_word' id='word_1_672' title='bbox 345 4855 472 4923; x_wconf 78' lang='lat' dir='ltr'><strong>Quodam</strong></span> <span class='ocrx_word' id='word_1_673' title='bbox 485 4863 580 4913; x_wconf 89' lang='lat' dir='ltr'><strong>autem</strong></span> <span class='ocrx_word' id='word_1_674' title='bbox 597 4871 705 4930; x_wconf 84' lang='lat' dir='ltr'><strong>maguae</strong></span> <span class='ocrx_word' id='word_1_675' title='bbox 715 4858 884 4920; x_wconf 78' lang='lat' dir='ltr'><strong>festivitatis</strong></span> <span class='ocrx_word' id='word_1_676' title='bbox 938 4863 1066 4934; x_wconf 89' lang='lat' dir='ltr'><strong>quicum</strong></span> <span class='ocrx_word' id='word_1_677' title='bbox 1082 4861 1163 4915; x_wconf 83' lang='lat' dir='ltr'><strong>l‘atre</strong></span> <span class='ocrx_word' id='word_1_678' title='bbox 1174 4861 1202 4911; x_wconf 91' lang='lat' dir='ltr'><strong>ot</strong></span> <span class='ocrx_word' id='word_1_679' title='bbox 1211 4855 1452 4911; x_wconf 88' lang='lat' dir='ltr'><strong>consubstantiali</strong></span> <span class='ocrx_word' id='word_1_680' title='bbox 1463 4861 1561 4911; x_wconf 90' lang='lat' dir='ltr'><strong>sancto</strong></span> <span class='ocrx_word' id='word_1_681' title='bbox 1568 4857 1680 4925; x_wconf 91' lang='lat' dir='ltr'><strong>Spiritu</strong></span> <span class='ocrx_word' id='word_1_682' title='bbox 1691 4857 1766 4912; x_wconf 90' lang='lat' dir='ltr'><strong>vivis</strong></span> 
     </span>
    </p>
   </div>
   <div class='ocr_carea' id='block_1_18' title="bbox 82 4928 882 5019">
    <p class='ocr_par' dir='ltr' id='par_1_20' title="bbox 82 4928 882 5019">
     <span class='ocr_line' id='line_1_83' title="bbox 82 4928 882 5019; baseline 0.023 -29"><span class='ocrx_word' id='word_1_683' title='bbox 82 4928 115 4986; x_wconf 78' lang='lat' dir='ltr'><strong>lie</strong></span> <span class='ocrx_word' id='word_1_684' title='bbox 130 4950 185 4995; x_wconf 88' lang='lat' dir='ltr'><strong>cum</strong></span> <span class='ocrx_word' id='word_1_685' title='bbox 207 4956 288 4997; x_wconf 83' lang='lat' dir='ltr'><strong>sacra</strong></span> <span class='ocrx_word' id='word_1_686' title='bbox 311 4943 463 4999; x_wconf 88' lang='lat' dir='ltr'><strong>missarum</strong></span> <span class='ocrx_word' id='word_1_687' title='bbox 490 4945 628 5001; x_wconf 88' lang='lat' dir='ltr'><strong>solemnia</strong></span> <span class='ocrx_word' id='word_1_688' title='bbox 657 4954 762 5019; x_wconf 83' lang='lat' dir='ltr'><strong>ageret,</strong></span> <span class='ocrx_word' id='word_1_689' title='bbox 781 4956 808 5006; x_wconf 91' lang='lat' dir='ltr'><strong>et</strong></span> <span class='ocrx_word' id='word_1_690' title='bbox 827 4953 882 5010; x_wconf 86' lang='lat' dir='ltr'><strong>tale</strong></span> 
     </span>
    </p>
   </div>
   <div class='ocr_carea' id='block_1_19' title="bbox 937 4943 1733 5022">
    <p class='ocr_par' dir='ltr' id='par_1_21' title="bbox 937 4943 1733 5022">
     <span class='ocr_line' id='line_1_84' title="bbox 937 4943 1733 5022; baseline -0.011 -14"><span class='ocrx_word' id='word_1_691' title='bbox 937 4959 964 5008; x_wconf 90' lang='lat' dir='ltr'><strong>et</strong></span> <span class='ocrx_word' id='word_1_692' title='bbox 980 4964 1080 5022; x_wconf 86' lang='lat' dir='ltr'><strong>regnas</strong></span> <span class='ocrx_word' id='word_1_693' title='bbox 1094 4962 1142 5018; x_wconf 91' lang='lat' dir='ltr'><strong>per</strong></span> <span class='ocrx_word' id='word_1_694' title='bbox 1160 4944 1273 5002; x_wconf 82' lang='lat' dir='ltr'><strong>iutirrita</strong></span> <span class='ocrx_word' id='word_1_695' title='bbox 1291 4944 1395 5001; x_wconf 79' lang='lat' dir='ltr'><strong>secula</strong></span> <span class='ocrx_word' id='word_1_696' title='bbox 1409 4943 1590 5000; x_wconf 77' lang='lat' dir='ltr'><strong>saeculorum.</strong></span> <span class='ocrx_word' id='word_1_697' title='bbox 1609 4945 1733 5001; x_wconf 75' lang='lat' dir='ltr'><strong>.lmen.⁰</strong></span> 
     </span>
    </p>
   </div>
   <div class='ocr_carea' id='block_1_20' title="bbox 107 5023 1407 5104">
    <p class='ocr_par' dir='ltr' id='par_1_22' title="bbox 107 5023 1407 5104">
     <span class='ocr_line' id='line_1_85' title="bbox 107 5023 1407 5104; baseline 0.006 -22"><span class='ocrx_word' id='word_1_698' title='bbox 107 5023 157 5080; x_wconf 79' lang='lat' dir='ltr'><strong>&#39;Eu</strong></span> <span class='ocrx_word' id='word_1_699' title='bbox 170 5041 270 5087; x_wconf 84' lang='lat' dir='ltr'><strong>novum</strong></span> <span class='ocrx_word' id='word_1_700' title='bbox 296 5032 492 5088; x_wconf 89' lang='lat' dir='ltr'><strong>testimonium</strong></span> <span class='ocrx_word' id='word_1_701' title='bbox 511 5034 547 5089; x_wconf 93' lang='lat' dir='ltr'><strong>de</strong></span> <span class='ocrx_word' id='word_1_702' title='bbox 566 5040 692 5091; x_wconf 87' lang='lat' dir='ltr'><strong>veterum</strong></span> <span class='ocrx_word' id='word_1_703' title='bbox 707 5038 884 5096; x_wconf 83' lang='lat' dir='ltr'><strong>Christiano</strong></span> <span class='ocrx_word' id='word_1_704' title='bbox 972 5038 1181 5104; x_wconf 83' lang='lat' dir='ltr'><strong>cGreclsmus,</strong></span> <span class='ocrx_word' id='word_1_705' title='bbox 1198 5049 1248 5104; x_wconf 92' lang='lat' dir='ltr'><strong>pro</strong></span> <span class='ocrx_word' id='word_1_706' title='bbox 1269 5033 1407 5087; x_wconf 79' lang='lat' dir='ltr'><strong>sarlotrbio.</strong></span> 
     </span>
    </p>
   </div>
   <div class='ocr_carea' id='block_1_21' title="bbox 85 5101 881 5185">
    <p class='ocr_par' dir='ltr' id='par_1_23' title="bbox 85 5101 881 5185">
     <span class='ocr_line' id='line_1_86' title="bbox 85 5101 881 5185; baseline 0.028 -39"><span class='ocrx_word' id='word_1_707' title='bbox 85 5101 129 5147; x_wconf 86' lang='lat' dir='ltr'><strong>mn</strong></span> <span class='ocrx_word' id='word_1_708' title='bbox 141 5111 202 5156; x_wconf 89' lang='lat' dir='ltr'><strong>cura</strong></span> <span class='ocrx_word' id='word_1_709' title='bbox 216 5103 316 5158; x_wconf 79' lang='lat' dir='ltr'><strong>devota</strong></span> <span class='ocrx_word' id='word_1_710' title='bbox 329 5103 497 5174; x_wconf 80' lang='lat' dir='ltr'><strong>sauguinem</strong></span> <span class='ocrx_word' id='word_1_711' title='bbox 510 5111 667 5176; x_wconf 82' lang='lat' dir='ltr'><strong>martyrum</strong></span> <span class='ocrx_word' id='word_1_712' title='bbox 682 5114 881 5185; x_wconf 85' lang='lat' dir='ltr'><strong>conservandi,</strong></span> 
     </span>
    </p>
   </div>
   <div class='ocr_carea' id='block_1_22' title="bbox 84 5156 878 5344">
    <p class='ocr_par' dir='ltr' id='par_1_24' title="bbox 84 5156 878 5344">
     <span class='ocr_line' id='line_1_87' title="bbox 84 5156 878 5344; baseline 0.021 -122"><span class='ocrx_word' id='word_1_713' title='bbox 84 5156 267 5344; x_wconf 44' lang='grc' dir='ltr'><strong>ἓξᾳιῖξῖτξθῐίὶᾶη</strong></span> <span class='ocrx_word' id='word_1_714' title='bbox 291 5174 437 5230; x_wconf 89' lang='lat' dir='ltr'><strong>Boldettus</strong></span> <span class='ocrx_word' id='word_1_715' title='bbox 462 5177 491 5230; x_wconf 92' lang='lat' dir='ltr'><strong>in</strong></span> <span class='ocrx_word' id='word_1_716' title='bbox 507 5178 683 5234; x_wconf 82' lang='lat' dir='ltr'><strong>Coemeteriis</strong></span> <span class='ocrx_word' id='word_1_717' title='bbox 709 5181 772 5235; x_wconf 81' lang='lat' dir='ltr'><strong>illl.</strong></span> <span class='ocrx_word' id='word_1_718' title='bbox 790 5182 841 5239; x_wconf 93' lang='lat' dir='ltr'><strong>lib.</strong></span> <span class='ocrx_word' id='word_1_719' title='bbox 859 5198 878 5256; x_wconf 88' lang='lat'><strong>1,</strong></span> 
     </span>
    </p>
   </div>
   <div class='ocr_carea' id='block_1_23' title="bbox 129 5309 884 5388">
    <p class='ocr_par' dir='ltr' id='par_1_25' title="bbox 129 5309 884 5388">
     <span class='ocr_line' id='line_1_88' title="bbox 129 5309 884 5388; baseline 0.024 -24"><span class='ocrx_word' id='word_1_720' title='bbox 129 5309 245 5388; x_wconf 85' lang='lat' dir='ltr'><strong>intellige</strong></span> <span class='ocrx_word' id='word_1_721' title='bbox 261 5330 379 5373; x_wconf 69' lang='lat' dir='ltr'><strong>(tursum</strong></span> <span class='ocrx_word' id='word_1_722' title='bbox 398 5317 546 5387; x_wconf 90' lang='lat' dir='ltr'><strong>publicum</strong></span> <span class='ocrx_word' id='word_1_723' title='bbox 569 5320 762 5378; x_wconf 88' lang='lat' dir='ltr'><strong>vebicularem</strong></span> <span class='ocrx_word' id='word_1_724' title='bbox 777 5324 819 5380; x_wconf 92' lang='lat' dir='ltr'><strong>vel</strong></span> <span class='ocrx_word' id='word_1_725' title='bbox 835 5338 884 5381; x_wconf 90' lang='lat' dir='ltr'><strong>ua-</strong></span> 
     </span>
    </p>
   </div>
   <div class='ocr_carea' id='block_1_24' title="bbox 85 5371 218 5440">
    <p class='ocr_par' dir='ltr' id='par_1_26' title="bbox 85 5371 218 5440">
     <span class='ocr_line' id='line_1_89' title="bbox 85 5371 218 5440; baseline 0.113 -14"><span class='ocrx_word' id='word_1_726' title='bbox 85 5371 218 5440; x_wconf 79' lang='lat' dir='ltr'><strong>rirularem.</strong></span> 
     </span>
    </p>
   </div>
   <div class='ocr_carea' id='block_1_25' title="bbox 937 5103 1773 5380">
    <p class='ocr_par' dir='ltr' id='par_1_27' title="bbox 972 5103 1602 5185">
     <span class='ocr_line' id='line_1_90' title="bbox 972 5103 1602 5185; baseline -0.014 -19"><span class='ocrx_word' id='word_1_727' title='bbox 972 5107 1172 5179; x_wconf 75' lang='lat' dir='ltr'><strong>dlutelligevel</strong></span> <span class='ocrx_word' id='word_1_728' title='bbox 1189 5106 1283 5176; x_wconf 89' lang='lat' dir='ltr'><strong>ipsum</strong></span> <span class='ocrx_word' id='word_1_729' title='bbox 1296 5106 1380 5159; x_wconf 82' lang='lat' dir='ltr'><strong>Deum</strong></span> <span class='ocrx_word' id='word_1_730' title='bbox 1401 5103 1442 5159; x_wconf 89' lang='lat' dir='ltr'><strong>vel</strong></span> <span class='ocrx_word' id='word_1_731' title='bbox 1459 5103 1602 5185; x_wconf 80' lang='lat' dir='ltr'><strong>angelum.</strong></span> 
     </span>
    </p>

    <p class='ocr_par' dir='ltr' id='par_1_28' title="bbox 937 5172 1773 5380">
     <span class='ocr_line' id='line_1_91' title="bbox 971 5172 1769 5251; baseline -0.008 -18"><span class='ocrx_word' id='word_1_732' title='bbox 971 5185 1063 5251; x_wconf 64' lang='lat' dir='ltr'><strong>‘Quae</strong></span> <span class='ocrx_word' id='word_1_733' title='bbox 1080 5183 1240 5249; x_wconf 87' lang='lat' dir='ltr'><strong>sequuntur</strong></span> <span class='ocrx_word' id='word_1_734' title='bbox 1255 5177 1288 5231; x_wconf 88' lang='lat' dir='ltr'><strong>dc</strong></span> <span class='ocrx_word' id='word_1_735' title='bbox 1306 5175 1374 5230; x_wconf 88' lang='lat' dir='ltr'><strong>lirio</strong></span> <span class='ocrx_word' id='word_1_736' title='bbox 1398 5174 1554 5231; x_wconf 79' lang='lat' dir='ltr'><strong>infeliciter</strong></span> <span class='ocrx_word' id='word_1_737' title='bbox 1572 5177 1606 5231; x_wconf 94' lang='lat' dir='ltr'><strong>ad</strong></span> <span class='ocrx_word' id='word_1_738' title='bbox 1625 5172 1769 5243; x_wconf 78' lang='lat' dir='ltr'><strong>presbyte-</strong></span> 
     </span>
     <span class='ocr_line' id='line_1_92' title="bbox 937 5243 1773 5319; baseline -0.014 -11"><span class='ocrx_word' id='word_1_739' title='bbox 937 5259 1030 5308; x_wconf 89' lang='lat' dir='ltr'><strong>ratum</strong></span> <span class='ocrx_word' id='word_1_740' title='bbox 1067 5255 1214 5319; x_wconf 89' lang='lat' dir='ltr'><strong>assumpto</strong></span> <span class='ocrx_word' id='word_1_741' title='bbox 1237 5262 1252 5302; x_wconf 89' lang='lat' dir='ltr'><strong>a</strong></span> <span class='ocrx_word' id='word_1_742' title='bbox 1277 5260 1440 5302; x_wconf 86' lang='lat' dir='ltr'><strong>successore</strong></span> <span class='ocrx_word' id='word_1_743' title='bbox 1465 5247 1540 5300; x_wconf 88' lang='lat' dir='ltr'><strong>Petri</strong></span> <span class='ocrx_word' id='word_1_744' title='bbox 1571 5243 1695 5313; x_wconf 77' lang='lat' dir='ltr'><strong>debilia,</strong></span> <span class='ocrx_word' id='word_1_745' title='bbox 1719 5244 1773 5298; x_wconf 90' lang='lat' dir='ltr'><strong>ab·</strong></span> 
     </span>
     <span class='ocr_line' id='line_1_93' title="bbox 937 5314 1765 5380; baseline -0.017 0"><span class='ocrx_word' id='word_1_746' title='bbox 937 5331 1005 5380; x_wconf 90' lang='lat' dir='ltr'><strong>suut</strong></span> <span class='ocrx_word' id='word_1_747' title='bbox 1023 5323 1140 5378; x_wconf 90' lang='lat' dir='ltr'><strong>omuino</strong></span> <span class='ocrx_word' id='word_1_748' title='bbox 1155 5321 1190 5377; x_wconf 91' lang='lat' dir='ltr'><strong>ab</strong></span> <span class='ocrx_word' id='word_1_749' title='bbox 1210 5319 1291 5377; x_wconf 83' lang='lat' dir='ltr'><strong>lictis</strong></span> <span class='ocrx_word' id='word_1_750' title='bbox 1309 5316 1526 5374; x_wconf 79' lang='lat' dir='ltr'><strong>combefisiauis</strong></span> <span class='ocrx_word' id='word_1_751' title='bbox 1540 5321 1599 5371; x_wconf 88' lang='lat' dir='ltr'><strong>eta</strong></span> <span class='ocrx_word' id='word_1_752' title='bbox 1623 5314 1685 5369; x_wconf 89' lang='lat' dir='ltr'><strong>cod.</strong></span> <span class='ocrx_word' id='word_1_753' title='bbox 1704 5315 1765 5369; x_wconf 81' lang='lat' dir='ltr'><strong>vat.</strong></span> 
     </span>
    </p>
   </div>
   <div class='ocr_carea' id='block_1_26' title="bbox 938 5393 1001 5452">
    <p class='ocr_par' dir='ltr' id='par_1_29' title="bbox 938 5393 1001 5452">
     <span class='ocr_line' id='line_1_94' title="bbox 938 5393 1001 5452; baseline -0.048 0"><span class='ocrx_word' id='word_1_754' title='bbox 938 5393 1001 5452; x_wconf 77' lang='lat' dir='ltr'><strong>dee.</strong></span> 
     </span>
    </p>
   </div>
   <div class='ocr_carea' id='block_1_27' title="bbox 0 0 1953 6084">
    <p class='ocr_par' dir='ltr' id='par_1_30' title="bbox 0 0 1953 6084">
     <span class='ocr_line' id='line_1_95' title="bbox 0 0 1953 6084; baseline 0 0"><span class='ocrx_word' id='word_1_755' title='bbox 0 0 1953 6084; x_wconf 95' lang='lat' dir='ltr'><strong> </strong></span> 
     </span>
    </p>
   </div>
  </div>
 </body>
</html>
