3876 6090
109 176 161 238 titt
601 172 603 176 '
728 172 906 231 ANASTASH
926 171 1198 231 umbicrllucnltll
1760 169 1813 230 480

144 303 292 374 Hypatius,
303 301 499 358 misericordia
508 301 557 357 Dei
568 299 802 370 archiepiscopus
808 297 934 354 Garihe-
946 296 975 358 A
990 303 1058 353 sunt
1069 303 1098 354 et
1107 297 1224 354 dednita
1237 296 1359 354 libenter
1371 296 1533 368 suscipiens
1552 293 1711 366 subscripsi
1725 307 1812 351 manu

109 392 153 462 lce,
167 392 263 447 omnia
277 406 339 462 quae
353 392 382 447 in
399 397 506 459 sancta,
522 397 575 446 etc.
991 386 1115 456 propria.

145 480 290 547 Leontius,
306 480 503 536 misericordia
516 480 566 535 Dei
581 478 815 549 archiepiscopus
828 478 933 546 Neapo
1023 476 1167 549 Tarasius,
1182 476 1380 534 misericorpia
1400 474 1450 532 Dei
1463 475 1616 545 episcopus
1630 471 1811 544 Nicopoleos,

110 570 180 641 lecs,
195 570 290 626 omnia
303 583 366 639 quae
376 569 405 624 in
418 573 516 624 sancta
527 573 556 624 et
568 566 724 624 universali
739 566 847 638 synodo
857 564 935 635 judi·
988 565 1160 637 omniaque
1173 565 1203 621 in
1221 569 1318 622 sancta
1337 569 1365 621 et
1383 563 1539 621 universali
1558 561 1665 633 synodo
1683 561 1813 632 judicata

110 664 173 715 rata
185 663 252 715 sunt
271 663 298 714 et
317 657 433 714 delinita
454 657 575 713 libenter
594 656 756 726 suscipiens
774 652 933 723 subscripsi
989 660 1097 712 suntet
1114 654 1231 711 definita
1245 654 1367 710 libenter
1379 653 1541 723 suscipiens
1553 651 1712 721 subscripsi
1727 664 1814 707 manu

112 762 197 805 manu
211 748 336 818 propria.
989 745 1114 815 propria.

147 838 340 907 Theophanes,
355 835 553 892 misericordia
565 835 615 890 Dei
629 834 781 904 episcopus
796 831 932 902 Tralleos,
1023 834 1169 907 Nicolaus,
1191 832 1389 890 misericordia
1410 832 1460 887 Dei
1485 832 1637 901 episcopus
1660 828 1813 902 Adramiae,

112 927 208 984 omnia
228 941 291 997 quae
311 926 340 982 in
360 930 456 982 sancta
469 929 497 981 et
517 923 673 981 universali
687 921 935 994 synodoludicato
988 925 1085 982 omnia
1099 939 1161 996 quae
1173 924 1203 980 in
1216 926 1314 981 sancta
1331 927 1360 978 et
1381 921 1537 978 universali
1558 919 1665 991 synodo
1684 919 1816 990 iudicata

112 1018 180 1072 sunt
192 1019 221 1070 et
231 1014 349 1070 delinita
362 1014 484 1071 libenter
495 1014 658 1084 suscipiens
669 1010 829 1082 subscripsi
848 1024 934 1067 manu
989 1020 1056 1070 sunt
1068 1020 1096 1071 et
1110 1014 1228 1072 definita
1240 1012 1362 1070 libenter
1375 1011 1537 1081 suscipiens
1555 1008 1715 1080 subscripsi
1727 1022 1814 1065 manu

112 1104 237 1174 propria.
989 1103 1114 1175 propria.

147 1194 279 1266 bliehael,
306 1194 504 1251 misericordia
528 1193 578 1249 liei
603 1193 756 1264 episcopus
780 1189 933 1261 Adramiti,
1024 1196 1134 1265 Petrus,
1158 1191 1356 1249 misericordia
1386 1190 1436 1246 Dei
1465 1189 1618 1259 episeopus
1645 1186 1814 1258 Palaeorum,

112 1282 284 1354 omniaque
303 1283 443 1339 insaucia
462 1289 489 1339 et
508 1282 664 1339 universali
682 1282 790 1354 synodo
807 1281 935 1352 judicata
989 1285 1162 1356 omniaque
1183 1282 1212 1338 in
1230 1284 1328 1337 sancta
1347 1284 1375 1336 et
1397 1276 1816 1348 universalisynodojudicata

113 1376 181 1428 sunt
192 1377 220 1428 et
231 1371 348 1429 definita
366 1371 489 1428 libenter
500 1370 663 1441 suscipiens
675 1370 834 1441 subscripsi
848 1382 934 1425 manu
990 1379 1058 1432 sunt
1069 1379 1097 1430 et
1108 1371 1227 1429 definita
1242 1369 1364 1428 libenter
1373 1367 1535 1439 suscipiens
1549 1365 1709 1436 subscripsi
1729 1376 1816 1420 manu

113 1460 238 1531 propria.
990 1463 1116 1534 propria.

148 1549 317 1620 Stephanus,
350 1549 548 1604 misericordia
580 1549 630 1623 Dei
658 1548 809 1619 episcopus
838 1547 933 1620 Pyrgi,
1024 1552 1190 1622 Damianus,
1205 1548 1404 1607 misericordia
1415 1547 1466 1603 Dei
1489 1546 1641 1616 episcopus
1660 1543 1816 1613 itiletopo-

113 1639 210 1696 omnia
223 1653 285 1708 quae
298 1639 328 1694 in
352 1644 450 1695 sancta
462 1643 490 1694 et
509 1637 665 1695 universali
680 1637 786 1708 synodo
805 1637 934 1706 judicata
950 1632 976 1694 B
990 1642 1058 1712 leos,
1079 1640 1174 1697 omnia
1187 1654 1251 1712 que
1264 1639 1293 1695 in
1305 1643 1402 1695 sancta
1412 1642 1440 1694 et
1452 1635 1608 1693 universali
1620 1634 1728 1706 synodo
1738 1631 1816 1703 judi-

113 1733 181 1791 sunt
195 1731 223 1784 et
234 1727 351 1784 delinita
365 1726 487 1783 libenter
502 1726 663 1797 suscipiens
676 1725 834 1796 subscripsi
849 1738 934 1780 manu
989 1735 1052 1787 cata
1064 1735 1132 1787 sunt
1154 1735 1182 1786 et
1204 1729 1323 1785 delinita
1336 1728 1457 1785 libenter
1477 1725 1637 1796 suscipiens
1655 1722 1816 1793 subscripsi

114 1818 239 1887 propria.
992 1819 1217 1890 manupropria.

148 1907 247 1962 Niceta
267 1906 464 1962 misericordia
483 1906 534 1962 Dei
547 1906 699 1976 episcopus
710 1905 828 1976 Photis,
841 1903 937 1961 omnia
1028 1909 1193 1982 Gregorius,
1209 1906 1407 1964 misericordia
1424 1905 1475 1962 Dei
1487 1905 1640 1976 episcopus
1657 1902 1817 1972 Tripoleos,

115 2011 177 2067 qua
188 1996 218 2051 in
231 2000 329 2054 sancta
348 2000 376 2051 et
398 1995 554 2051 universali
572 1996 680 2066 synodo
691 1993 821 2065 judicata
831 1999 899 2051 sunt
910 2002 939 2052 et
994 1998 1089 2055 omnia
1101 2011 1164 2068 qnae
1178 1997 1207 2052 in
1220 2001 1317 2053 sancta
1329 2000 1357 2052 et
1381 1995 1537 2051 universali
1558 1991 1667 2064 synodo
1686 1990 1818 2062 judicata

113 2085 232 2141 delinita
241 2084 363 2141 libenter
373 2083 535 2154 suscipiens
543 2083 703 2155 subscripsi
714 2096 799 2141 manu
808 2083 933 2155 propria.
993 2091 1061 2144 sunt
1073 2091 1101 2143 et
1112 2086 1230 2143 delinita
1243 2085 1364 2142 libenter
1377 2083 1538 2154 suscipiens
1551 2081 1710 2151 subscripsi
1730 2093 1818 2136 manu

149 2173 294 2243 Nicolaus,
336 2173 534 2230 misericordia
572 2173 622 2229 Dei
661 2173 813 2244 episcopus
842 2174 933 2244 Nysae,
993 2177 1118 2247 propria.

115 2263 210 2319 omnia
223 2277 286 2334 quac
299 2263 328 2318 in
349 2268 445 2318 sancta
464 2267 492 2317 ct
504 2263 661 2318 universali
681 2262 789 2332 synodo
805 2261 936 2333 judicata
1026 2266 1200 2336 Theodorus,
1225 2265 1425 2322 misericordia
1443 2264 1493 2319 Dei
1519 2262 1672 2333 episeopus
1693 2258 1833 2330 Rurippi'

115 2355 183 2407 sunt
194 2353 222 2406 et
233 2350 352 2406 definita
365 2349 487 2406 libenter
499 2350 661 2420 suscipiens
678 2349 837 2421 subscripsi
851 2364 937 2407 manu
993 2349 1061 2427 [ul.,
1075 2356 1215 2426 liurreppi
1225 2353 1247 2430 ],
1265 2354 1361 2412 omnia
1375 2368 1437 2426 quae
1450 2354 1479 2410 in
1501 2356 1599 2409 sancta
1619 2356 1648 2407 et
1660 2347 1817 2407 universali

116 2438 240 2508 limisit·
992 2444 1100 2516 synodo
1109 2445 1238 2514 judicata
1251 2448 1319 2501 sunt
1330 2449 1358 2500 ct
1374 2442 1492 2499 definita
1515 2441 1637 2499 libenter
1654 2438 1819 2509 suscipiens

150 2528 263 2598 loseph,
288 2528 486 2585 misericordia
517 2529 566 2584 liei
590 2527 742 2598 episcopus
774 2526 937 2583 huchorum
993 2532 1152 2603 subscripsi
1168 2547 1252 2589 manu
1265 2533 1390 2604 propria.

118 2612 306 2691 [lucorum],
321 2617 416 2672 omnia
429 2614 492 2687 puae
505 2618 534 2672 in
556 2622 654 2673 sancta
677 2621 703 2673 et
725 2615 880 2672 universali
896 2632 939 2687 sy·
1031 2620 1180 2693 arsenius,
1200 2620 1400 2678 misericordia
1411 2619 1462 2675 Dei
1479 2618 1632 2689 episcopus
1651 2613 1822 2686 Aureliopo

117 2706 191 2761 nodo
196 2705 324 2776 judicata
333 2706 561 2763 suntetdeduita
570 2706 692 2763 libenter
703 2705 938 2776 suscipienssub
992 2719 1060 2790 1003,
1075 2714 1171 2772 omnia
1183 2725 1246 2784 quae
1259 2711 1290 2766 ip
1302 2714 1399 2766 saneta
1411 2712 1440 2764 ep
1450 2706 1606 2765 universali
1616 2705 1724 2777 symm
1734 2702 1821 2774 judi.

117 2793 220 2864 ⁵⁰¹”illsi
234 2808 319 2851 minu
333 2796 458 2866 propria.
992 2813 1054 2864 cata
1066 2808 1134 2862 suut
1148 2807 1176 2859 et
1199 2799 1317 2857 detrita
1338 2797 1460 2854 libenter
1479 2796 1641 2866 suscipiens
1657 2792 1818 2864 subscripsi

151 2883 336 2956 Athanasius,
351 2885 549 2942 misericordia
558 2884 608 2941 Dei
617 2886 769 2956 episcopus
777 2883 937 2956 Magnesiae,
995 2908 1079 2951 manu
1092 2891 1217 2963 propria,

117 2972 213 3028 omnia
227 2987 290 3043 quae
304 2973 333 3028 in
347 2977 485 3029 sanctaet
505 2974 660 3030 universali
684 2973 792 3045 synodo
811 2969 979 3043 jndicataC
1029 2981 1199 3051 Xenophon,
1222 2975 1421 3034 misericordia
1441 2975 1491 3031 Dei
1520 2973 1672 3044 episcopus
1696 2969 1819 3040 blilassl,

117 3065 186 3116 sunt
199 3065 227 3116 et
239 3061 355 3117 delinita
369 3060 492 3117 libenter
504 3062 665 3131 suscipiens
682 3061 841 3131 subscripsi
855 3073 940 3116 manu
995 3071 1090 3130 (impia
1101 3083 1164 3140 qum
1186 3068 1216 3123 in
1238 3069 1335 3122 saneta
1346 3070 1375 3120 et
1396 3061 1552 3120 universali
1570 3060 1678 3132 synodo
1690 3058 1821 3129 judicata

119 3149 245 3219 imillia-
996 3163 1064 3218 sunt
1074 3163 1101 3214 et
1111 3155 1229 3214 delinita
1242 3154 1365 3212 libenter
1376 3151 1540 3222 suscipiens
1560 3148 1720 3218 subscripsi
1734 3160 1822 3203 manu

154 3237 292 3309 ignatius,
319 3239 516 3296 misericordia
539 3240 589 3296 Dei
620 3240 772 3311 episeopus
802 3239 940 3310 Timonis,
997 3247 1121 3319 propria.

119 3326 486 3397 omniaquaeinsanctaet
508 3329 664 3385 universali
689 3329 796 3400 synodo
813 3328 943 3399 iudicata
1032 3339 1097 3406 Leo,
1131 3332 1330 3390 misericordia
1364 3328 1430 3388 Dei.
1451 3328 1603 3399 episeopus
1632 3323 1819 3395 Daphnusiae,

3 3452 6 3457 -
119 3419 187 3470 sunt
198 3419 227 3471 et
238 3416 356 3472 delinita
368 3417 492 3474 libenter
508 3418 671 3489 suscipiens
684 3419 843 3489 subscripsi
857 3431 941 3473 manu
997 3424 1093 3482 omnia
1106 3437 1169 3494 quae
1189 3426 1218 3477 et
1234 3425 1332 3476 sancta
1347 3422 1375 3474 et
1393 3416 1547 3474 universali
1568 3414 1676 3485 synode
1693 3412 1823 3483 judicate

121 3505 246 3575 mliii·
998 3518 1066 3571 sunt
1077 3517 1105 3569 et
1116 3511 1234 3568 delinita
1251 3509 1374 3565 libenter
1385 3506 1549 3577 suscipiens
1561 3503 1720 3574 subscripsi
1735 3516 1821 3558 mann

154 3594 305 3665 arsapius,
326 3595 526 3651 misericordia
546 3596 597 3650 Dei
617 3596 770 3665 episcopus
788 3598 941 3672 Erythreae,
999 3603 1125 3674 propria.

119 3683 216 3741 omnia
236 3684 495 3755 quaeinsanctaet
514 3683 669 3739 universali
692 3684 799 3755 synodo
815 3685 944 3756 judicata
1033 3694 1168 3763 Basilius,
1192 3688 1390 3746 misericordia
1420 3687 1471 3742 Dei
1504 3685 1657 3756 episcopus
1685 3682 1823 3753 Hadrani,

120 3779 189 3829 sunt
201 3778 228 3828 et
243 3772 361 3828 delinita
373 3771 497 3827 libenter
508 3772 671 3842 suscipiens
684 3773 844 3844 subscripsi
860 3789 944 3833 manu
1000 3786 1095 3842 omnia
1108 3798 1171 3856 quae
1182 3782 1212 3839 in
1226 3784 1323 3838 sancta
1342 3782 1370 3835 et
1392 3775 1547 3834 universali
1569 3773 1676 3844 synodo
1695 3771 1825 3843 judicata

122 3861 248 3932 propria.
1000 3881 1068 3932 sunt
1080 3881 1108 3932 et
1117 3873 1236 3931 delinita
1247 3870 1369 3928 libenter
1381 3865 1542 3936 suscipiens
1564 3861 1723 3932 subscripsi
1739 3873 1824 3916 manu

157 3950 309 4020 Macarius,
324 3949 521 4006 misericordia
542 3951 592 4007 Dei
617 3951 769 4023 episeopus
782 3955 947 4011 Ehzomenae
1001 3967 1127 4037 propria.

124 4035 354 4113 [chysomenae],
377 4039 549 4110 omniaque
573 4041 603 4096 in
628 4048 723 4098 sancta
744 4049 772 4099 et
790 4045 945 4102 universali
1035 4052 1249 4122 constantinus,
1272 4047 1469 4106 misericordia
1493 4046 1543 4101 bei
1562 4042 1828 4115 episcopusllume

123 4129 230 4200 synodo
240 4129 370 4199 iudicata
383 4134 451 4186 sunt
462 4135 490 4186 et
509 4129 626 4187 delinita
647 4133 769 4190 libenter
784 4136 947 4206 suscipiens
1002 4144 1138 4215 riporum,
1152 4142 1248 4198 omnia
1262 4154 1325 4211 qnae
1349 4139 1380 4194 in
1395 4141 1492 4195 sancta
1508 4141 1537 4192 et
1548 4134 1705 4192 universali
1718 4133 1826 4204 synodo

124 4217 283 4288 subscribsi
299 4233 383 4275 manu
399 4221 524 4290 imbrii·
1000 4234 1129 4304 judicata
1141 4238 1209 4289 suot
1219 4230 1377 4288 etdednita
1394 4227 1516 4284 libenter
1528 4224 1691 4294 suscipiens
1702 4221 1829 4278 subscri-

160 4307 300 4379 Pbiletus,
334 4310 533 4367 misericordia
571 4311 622 4368 Dei
659 4314 812 4385 episcopus
841 4292 989 4389 barhieu)
1005 4324 1048 4394 psi
1060 4336 1145 4379 manu
1157 4321 1283 4392 propria.

125 4396 220 4452 omnia
233 4411 297 4467 quae
318 4399 347 4454 in
364 4404 459 4454 sancta
472 4405 500 4456 et
520 4401 676 4457 universali
693 4405 800 4474 synodo
819 4405 949 4474 iudicata
1038 4412 1209 4482 Stephanus,
1223 4408 1422 4467 misericordia
1438 4408 1489 4464 Dei
1502 4407 1655 4478 episcopus
1666 4401 1830 4459 Gordcser-

125 4491 194 4543 sunt
205 4490 233 4543 et
244 4486 360 4544 delinita
373 4487 496 4546 libenter
513 4489 675 4560 suscipiens
688 4491 847 4564 subscripsi
864 4509 949 4554 manu
1003 4515 1114 4571 vorum,
1127 4501 1224 4558 omnia
1241 4514 1304 4571 quae
1326 4499 1356 4555 in
1379 4503 1477 4555 saneta
1495 4502 1523 4554 et
1541 4494 1697 4553 universali
1720 4493 1830 4564 synodo

126 4578 252 4648 imillia-
1001 4591 1130 4662 iudicata
1143 4593 1211 4647 sunt
1223 4595 1251 4645 et
1261 4588 1381 4645 delinita
1392 4586 1515 4644 libenter
1526 4586 1689 4656 suscipiens
1704 4582 1832 4641 subscri·

163 4667 300 4739 {gnatius
320 4667 518 4726 misericordia
534 4670 584 4726 Dei
600 4671 752 4744 episcopus
763 4674 949 4748 lulicpoleos,
1005 4680 1050 4751 psi
1064 4676 1153 4736 manu'
1165 4678 1290 4750 propria.

127 4754 223 4810 omnic
236 4755 342 4826 quein
355 4761 453 4812 sancta
467 4761 496 4813 et
517 4759 672 4816 universali
694 4763 801 4833 synodo
820 4765 950 4834 judicata
1039 4769 1189 4844 Georgius,
1215 4769 1414 4827 misericordia
1435 4768 1485 4824 Dei
1514 4767 1666 4838 episcopus
1685 4764 1830 4834 Dascillii,

128 4848 196 4900 sunt
207 4850 236 4901 et
246 4845 364 4901 delinita
376 4845 498 4904 libenter
513 4849 675 4920 suscipiens
691 4852 850 4924 subscripsi
865 4869 951 4912 manu
1006 4861 1103 4918 omnia
1115 4875 1178 4932 quae
1189 4860 1220 4916 in
1233 4865 1330 4917 sancta
1351 4866 1380 4916 et
1403 4858 1560 4916 universali
1581 4858 1689 4929 synodo
1699 4853 1834 4925 judicata

129 4934 254 5004 imbrii·
1007 4953 1075 5006 sunt
1089 4955 1117 5004 et
1127 4949 1245 5006 delinita
1261 4949 1383 5006 libenter
1395 4950 1557 5019 suscipiens
1572 4947 1733 5018 subscripsi
1746 4959 1833 5002 manu

164 5023 351 5097 Nicephorus,
366 5026 567 5087 misericordia
584 5031 634 5086 Dei
648 5032 801 5104 episcopus
817 5034 951 5105 tsponis,
1008 5039 1133 5109 propria.

130 5111 225 5167 omnia
238 5126 301 5182 quae
315 5113 343 5168 in
362 5121 458 5172 sancta
474 5123 503 5174 et
521 5118 678 5176 universali
700 5122 807 5192 synodo
824 5122 954 5193 iudicata
1043 5129 1158 5201 Paulus,
1180 5128 1378 5185 misericordia
1398 5128 1448 5184 Dei
1468 5129 1620 5198 episcopus
1645 5127 1833 5199 hyberorum,

130 5206 199 5255 sunt
212 5207 240 5301 et
251 5202 369 5259 delinita
383 5204 505 5262 libenter
515 5209 679 5278 suscipiens
690 5209 850 5279 subscripsi
868 5224 954 5268 mauu
1010 5221 1106 5275 omnia
1117 5233 1180 5290 quae
1193 5219 1223 5275 in
1247 5222 1345 5272 sancta
1363 5222 1392 5273 et
1411 5216 1568 5274 universali
1584 5218 1692 5287 synodo
1703 5215 1835 5286 judicata

132 5301 257 5359 imiimi·
1011 5312 1117 5363 suntet
1129 5305 1246 5361 delinita
1264 5304 1386 5361 libenter
1399 5306 1562 5376 suscipiens
1574 5304 1734 5375 subscripsi
1748 5317 1836 5360 manu

167 5378 957 5463 sisinnius,misericordiabeiepiscopuslterinopoleos,
1012 5397 1136 5469 propria.

133 5469 305 5540 omniaque
319 5470 458 5526 insancta
477 5477 504 5525 et
526 5471 681 5529 universali
704 5476 813 5545 syuodo
831 5479 962 5548 judicata
1048 5484 1179 5556 lliehacl,
1189 5484 1386 5543 misericordia
1395 5485 1446 5541 Dei
1459 5484 1612 5555 episeopus
1621 5482 1834 5552 leontopoleos,
