3876 6090
120 280 192 343 im
556 281 689 345 PSBUDO
706 283 913 343 emmenum
930 284 1004 381 lte..
1014 286 1060 344 DE
1077 286 1168 346 virts
1186 287 1271 346 nod.
1297 285 1398 345 tour.
1758 279 1828 347 latit

118 414 217 466 rantra
235 408 445 464 eechsiastiaam
463 408 638 480 dnoiplinam
656 412 759 476 veniat
772 413 843 467 siem
855 411 945 468 hacte-
956 411 987 474 A
1001 427 1103 485 porum
1126 418 1178 472 aut
1201 414 1429 486 presbyterorum
1440 415 1476 478 ,in
1498 416 1620 475 alterius
1640 415 1768 487 civitate,
1783 414 1826 471 rel

117 515 171 556 Μ
179 500 342 569 factumest,
353 502 535 569 perpetretur.
1001 502 1055 562 sub
1071 517 1157 563 manu
1170 505 1297 575 positum
1312 504 1481 573 sacerdotis,
1495 511 1546 562 aut
1557 519 1622 563 enm
1635 506 1687 578 qni
1703 503 1828 563 reconci-

334 586 732 647 xllx.-s.slllrllc1tis.
1001 593 1101 652 liatum
1118 609 1148 652 se
1168 608 1230 652 esse
1251 595 1370 660 dixerit,
1383 595 1447 651 sine
1461 594 1588 666 episcopi
1608 597 1652 653 rel
1669 593 1826 668 presbyteri
1910 665 1915 677 ι

370 677 464 746 (Anna
487 678 589 734 dhmsti
609 676 670 736 idi.
686 680 696 752 l
1000 684 1166 742 testimonio
1180 689 1208 742 et
1220 685 1338 756 litteris,
1358 690 1409 742 aut
1423 685 1453 741 ln
1467 684 1602 755 parochia
1618 685 1764 756 presbyter
1776 690 1828 742 aut

152 765 336 839 Simplicius,
361 767 479 824 natione
492 768 674 840 Tiburtinus,
690 772 720 827 et
741 782 775 827 ex
791 775 870 841 patre
889 769 947 827 ca-
1000 772 1195 844 episcopusin
1213 774 1331 831 civitate
1344 774 1495 845 suscipiat.
1510 773 1643 831 Proedlcti
1658 788 1736 845 papae
1752 780 1827 831 tem-

117 856 208 920 stino,
222 855 299 913 sedit
311 869 403 912 annos
416 857 593 929 quindecim,
621 872 745 915 mensem
766 872 866 929 unum,
881 859 946 915 dies
1001 861 1120 932 poribus
1144 863 1295 934 Glycerius
1318 864 1474 935 imperator
1498 874 1520 934 ¹,
1550 863 1620 935 quia
1644 876 1679 919 eo
1707 863 1737 919 ln
1752 867 1828 919 tem-

116 945 288 1004 octadecim.
314 945 366 1002 llic
388 945 534 1003 ordinarit
557 947 707 1018 episcopos
733 948 852 1021 triginta
885 962 944 1018 sex,
1000 953 1309 1024 poreepiscopatnsex
1324 958 1404 1025 parte
1418 953 1645 1024 maximepretio
1662 952 1827 1023 plusquam

118 1035 300 1117 presbyteros
319 1034 531 1107 quinquaginta
547 1042 621 1107 octo,
647 1036 785 1095 diaconos
800 1038 943 1095 undecim.
1001 1039 1103 1096 marito
1125 1040 1319 1113 contingebat,
1336 1041 1463 1097 edictum
1482 1040 1549 1097 inde
1562 1040 1694 1098 institnit
1707 1039 1825 1097 dicens:

116 1123 169 1181 llic
184 1123 261 1181 obiit
274 1137 302 1180 ιι
319 1125 416 1181 Nonas
429 1125 540 1181 Martii.
555 1122 607 1182 liic
624 1126 778 1185 constituit
788 1131 821 1185 ut
833 1127 947 1198 presby·
998 1128 1198 1185 Haemansura
1213 1131 1243 1185 in
1263 1142 1349 1187 eoum
1364 1130 1420 1199 tepa
1434 1131 1587 1193 sensimus,
1607 1133 1639 1184 ut
1653 1127 1828 1201 quisquirad

117 1213 172 1269 teri
185 1213 220 1269 ad
236 1213 264 1269 S.
293 1215 419 1283 Petrum,
435 1218 464 1270 et
475 1214 510 1270 ad
533 1214 560 1271 Se
582 1215 712 1288 Paulum,
724 1222 752 1273 et
766 1216 801 1273 ad
825 1216 852 1273 S.
868 1218 946 1274 Lau-
999 1218 1182 1288 episcopatam
1190 1223 1332 1289 potentum
1340 1233 1522 1289 personarum
1535 1219 1642 1274 auditio
1656 1217 1827 1287 suffragante

119 1302 247 1359 rentium
275 1308 422 1358 manerent
438 1307 553 1373 propter
572 1304 756 1375 baptismum.
772 1304 825 1362 llic
841 1305 944 1363 ioanni
995 1309 1167 1377 peueniens,
1193 1309 1361 1364 samariten
1395 1307 1545 1379 possidmt,
1574 1322 1635 1377 que
1660 1307 1827 1362 samareus
1901 1358 1908 1377 ,

116 1391 274 1448 Ravennati
292 1391 427 1462 episcopo
444 1392 596 1463 epistolam
611 1395 731 1465 scripsit
746 1395 835 1466 (epist.
857 1393 895 1466 2),
914 1395 944 1450 in
998 1396 1084 1462 merit
1098 1381 1265 1461 consecutus,
1281 1399 1409 1467 atttnitis
1426 1399 1510 1452 unias
1531 1399 1600 1452 anni
1621 1398 1699 1452 metis
1721 1395 1827 1450 amerit

116 1494 174 1553 qua
200 1494 267 1537 eum
280 1480 378 1554 arguit
393 1482 468 1552 qnod
488 1484 659 1554 Gregorlum
679 1483 818 1541 violenter
829 1485 945 1557 episco-
999 1498 1027 1539 se
1037 1486 1195 1557 epucopetu
1209 1502 1265 1542 esse
1277 1487 1454 1557 privandum.
1478 1488 1516 1542 lli
1529 1501 1591 1541 uero
1606 1487 1747 1556 quitatem
1758 1500 1827 1540 con-

115 1584 184 1641 pum
207 1575 430 1640 consecraverat,
447 1571 540 1626 dicere
561 1573 640 1627 illum
651 1575 830 1642 priuilepium
847 1575 945 1630 merari
999 1577 1165 1631 serraverint
1190 1578 1257 1646 pari
1284 1577 1318 1631 de
1331 1576 1480 1631 sacedotio
1508 1580 1578 1631 sorte
1599 1576 1705 1645 dejecti,
1724 1574 1826 1630 similer

114 1661 250 1723 amittere,
269 1661 318 1730 qui
333 1661 467 1729 pendisse
484 1660 538 1716 sibi
558 1662 682 1716 abutitur
692 1666 826 1733 potestate
842 1661 897 1735 (44,
914 1679 941 1735 q.
995 1679 1091 1734 peenas
1116 1668 1265 1722 temeraria
1283 1667 1492 1722 consecrationis
1507 1667 1658 1721 ensoloant.
1677 1664 1752 1720 Ciues
1764 1678 1828 1735 quo·

113 1745 143 1812 3,
169 1761 195 1804 c.
220 1748 414 1821 Prioiiepium).
434 1750 470 1805 lit
493 1747 616 1806 inferius
643 1751 673 1806 in
696 1752 814 1809 eadem:
837 1754 945 1809 Denun-
959 1736 987 1800 Β
999 1768 1050 1823 que
1064 1754 1281 1824 uniuscuiusque
1292 1756 1381 1819 urbis,
1397 1770 1464 1825 quos
1479 1756 1688 1811 acclamationes
1701 1753 1825 1810 ambien-

114 1838 218 1892 tiamua
245 1841 346 1908 autem,
371 1838 454 1908 quod,
469 1839 620 1909 siposthaa
634 1841 786 1911 quidquam
809 1843 864 1898 tale
873 1859 945 1914 pre·
998 1843 1076 1906 tium,
1102 1858 1156 1899 non
1179 1859 1301 1913 persone
1323 1844 1456 1912 dipnitas,
1481 1859 1541 1914 quar
1561 1844 1682 1914 petenda
1704 1848 1755 1906 est,
1779 1843 1827 1899 sed

114 1929 275 1998 sumpseris,
300 1932 326 1983 et
341 1929 461 1998 aliquem
484 1944 531 1984 seu
551 1932 713 2000 episcopum
733 1947 782 1987 seu
798 1934 944 2002 presbpte-
996 1931 1132 1986 venalitas
1151 1933 1305 2003 plectenda,
1334 1933 1483 2000 salamiam
1506 1935 1596 1988 aeiant
1618 1933 1827 2003 separemeni

114 2031 189 2081 rum,
204 2021 255 2074 aut
277 2018 422 2073 diaconum
440 2019 556 2074 inuitum
577 2020 668 2087 saeue
688 2022 760 2088 farte
783 2022 943 2087 credideris,
998 2024 1053 2076 tam
1069 2021 1141 2076 maie
1153 2022 1307 2092 cmsulunt,
1323 2022 1491 2078 habitatione
1502 2021 1654 2092 pellendas,
1671 2035 1704 2075 ac
1716 2021 1749 2076 de
1767 2021 1826 2075 suis

113 2108 303 2163 ordinationes
313 2107 365 2162 tibi
378 2109 544 2164 Ravennatis
558 2109 694 2173 maeste,
709 2111 751 2166 oet
764 2113 942 2177 AEmiliensis,
997 2109 1178 2178 facultatibus
1193 2111 1336 2175 maenam,
1357 2114 1474 2182 tiseoque
1489 2115 1581 2167 nostro
1596 2125 1653 2166 erse
1664 2110 1823 2181 pmmusm.

112 2197 222 2252 nouem
241 2196 418 2265 auferendas.
1264 2201 1307 2255 LI.
1328 2229 1365 2241 -
1376 2199 1553 2257 GELhSlUS.

150 2286 231 2356 ltem,
247 2285 333 2342 allam
359 2285 510 2357 epistolam
532 2287 651 2358 scripsit
673 2285 763 2359 (epist.
781 2287 809 2360 3)
822 2290 944 2348 Floren-
1246 2286 1339 2360 (Anno
1368 2289 1471 2346 Christi
1501 2287 1576 2360 tea.)

115 2375 180 2433 tina
203 2370 381 2450 [Florentio],
407 2375 526 2446 liquitio
551 2381 580 2433 et
602 2378 703 2434 Severo
728 2379 882 2453 episcopis,
910 2382 941 2438 ln
1032 2379 1179 2452 Gelasius,
1193 2378 1311 2436 natione
1338 2378 1414 2450 hier,
1439 2393 1474 2436 ex
1496 2385 1576 2450 patre
1599 2379 1722 2451 Valerio,
1750 2378 1827 2436 sedit

114 2477 173 2536 qua
185 2463 348 2523 Gaudentio
359 2462 539 2523 hunniensis
553 2466 686 2524 Ecclesiae
703 2469 855 2540 sacerdoti,
872 2471 942 2541 quia
996 2482 1088 2526 annos
1110 2474 1242 2540 quatuor,
1269 2482 1380 2527 menses
1402 2474 1476 2541 octo,
1493 2469 1555 2526 dies
1574 2467 1742 2526 octodecim.
1758 2469 1826 2527 Fuit

114 2558 216 2610 contra
240 2557 348 2611 statuta
368 2567 510 2612 canonum
532 2561 561 2612 et
585 2569 638 2612 sua
660 2563 800 2629 precepta
822 2558 943 2617 illicitas
997 2565 1092 2616 autem
1108 2558 1287 2629 temporibus
1301 2558 1471 2616 Theudorici
1494 2558 1570 2631 regis
1581 2564 1610 2615 et
1623 2558 1745 2615 zenonis
1762 2555 1827 2614 hu-

114 2643 316 2700 ordinationes
326 2647 545 2715 perpetraverat,
558 2649 646 2703 totam
656 2647 773 2716 penitus
786 2648 941 2706 ordinandl
998 2649 1086 2721 gusti.
1110 2648 1163 2704 liic
1188 2648 1334 2706 ordinarit
1356 2649 1507 2719 episcopos
1537 2648 1685 2720 sexaginta
1706 2652 1824 2718 septem,

115 2737 284 2805 potestatem
304 2730 412 2790 auferri
436 2734 580 2805 praeaepit,
593 2740 622 2791 et
643 2735 776 2793 Severum
791 2736 821 2793 in
836 2751 944 2809 supra·
998 2734 1178 2807 presbyteros
1191 2735 1405 2808 trigintaduos,
1419 2736 1557 2794 diaconos
1568 2736 1651 2793 duos.
1661 2736 1827 2809 lticmigrn·

113 2821 194 2880 dicta
220 2821 341 2880 ecclesia
367 2821 449 2896 iungi
476 2823 528 2880 illo
541 2822 635 2880 olllcio
660 2824 798 2895 injunxit,
820 2841 877 2898 quo
893 2826 943 2883 ille
997 2826 1039 2883 vit
1053 2827 1087 2883 ad
1102 2825 1249 2883 Christum
1265 2840 1295 2882 ιι
1317 2825 1436 2882 Kalend.
1456 2825 1602 2883 Decembr.
1621 2826 1673 2882 llic
1695 2825 1826 2898 generals

113 2910 224 2970 abusus
241 2915 317 2969 esset
333 2913 492 2970 convictus.
511 2914 591 2985 ltem,
609 2914 744 2985 precepit
761 2920 793 2974 ut
807 2915 943 2973 ministo-
995 2915 1142 2972 decretum
1156 2914 1357 2971 destinaritad
1374 2915 1525 2971 universos
1537 2915 1687 2986 episcopos
1701 2928 1752 2985 per
1766 2915 1826 2971 Ln-

116 3001 161 3057 ria
187 3000 330 3072 helesiae,
355 3015 419 3073 quae
445 3001 570 3059 alienata
588 3015 604 3058 a
627 3003 764 3074 praedicto
778 3004 941 3061 Gaudentio
995 3005 1118 3074 naniam,
1135 3008 1162 3060 et
1176 3004 1291 3060 brutios
1304 3009 1332 3060 et
1347 3003 1478 3061 Siciliam
1492 3007 1666 3062 constitutos
1681 3005 1770 3078 (epist.
1789 3002 1825 3078 lp

114 3089 239 3164 inerant,
263 3091 401 3148 instantia
421 3092 550 3163 praedicti
578 3091 687 3165 fratris,
715 3094 744 3150 id
768 3099 812 3151 est
833 3095 940 3166 Severi,
956 3059 981 3124 G
995 3095 1031 3152 de
1051 3092 1257 3149 ecclesiasticis
1276 3093 1422 3149 institutis
1445 3092 1589 3149 moderate
1611 3106 1662 3164 pro
1687 3093 1826 3163 temporis

114 3186 306 3252 praesumptor
316 3194 448 3254 reparare
462 3187 582 3255 cogatur
597 3180 653 3254 (42,
667 3198 695 3255 q.
710 3181 738 3255 2,
753 3198 778 3240 e.
795 3184 942 3242 Dereddi-
996 3182 1136 3254 qualitate
1150 3180 1340 3253 disponendis
1361 3180 1439 3250 (dist.
1461 3177 1506 3252 inb,
1529 3180 1658 3252 Mais),
1675 3194 1749 3253 quar,
1774 3179 1825 3236 uhi

114 3269 211 3339 tibus).
997 3270 1077 3329 nulla
1092 3283 1187 3328 rerum
1204 3270 1247 3327 rel
1261 3274 1420 3341 temporum
1440 3272 1575 3342 perurget
1594 3269 1760 3332 necessitas,
1777 3281 1826 3324 re-

376 3361 405 3417 L.
420 3360 494 3417 —S.
512 3363 616 3419 FELIX
630 3363 675 3419 lll.
997 3360 1137 3434 gulariter
1166 3359 1355 3416 custodienda
1380 3359 1524 3429 pracepit.
1546 3358 1599 3415 Sed
1616 3357 1685 3429 quia
1699 3355 1768 3414 'suis
1794 3357 1826 3413 in

351 3447 449 3521 (Anno
480 3451 582 3508 Christi
613 3449 691 3527 483.)
997 3447 1175 3520 temporibus
1190 3448 1219 3504 in
1233 3447 1335 3504 multis
1363 3447 1435 3505 locis
1450 3447 1540 3504 ltaliae
1561 3445 1655 3505 officia
1676 3444 1824 3504 clericalia

151 3537 241 3610 Felix,
256 3539 371 3596 natione
384 3541 539 3611 Romanus,
555 3554 590 3598 ex
610 3547 690 3612 patre
708 3541 802 3599 Felice
822 3541 943 3614 presby-
996 3537 1065 3595 belli
1078 3537 1219 3610 ranisque
1240 3537 1369 3594 incursio
1381 3541 1608 3609 consumpserat,
1623 3537 1664 3592 ita
1680 3541 1712 3593 ut
1723 3548 1827 3607 usque·

115 3630 187 3699 tero,
202 3627 238 3684 de
255 3627 343 3685 titulo
365 3628 505 3700 Fasciolo,
528 3631 604 3687 sedit
622 3643 713 3688 annos
733 3635 808 3702 octo,
832 3644 943 3688 menses
998 3640 1111 3700 quaque
1125 3627 1325 3684 ministrorum
1342 3627 1492 3684 servitium
1507 3626 1649 3697 deiiceret,
1668 3625 1712 3683 sic
1727 3629 1826 3696 pater-

117 3716 261 3789 uudecim,
283 3717 346 3774 dies
367 3719 534 3775 octodecim.
557 3720 609 3776 llic
630 3720 776 3778 ordinavit
793 3721 944 3793 episcopos
999 3730 1101 3773 norum
1115 3729 1257 3774 canonum
1267 3716 1381 3773 decreta
1392 3715 1519 3787 libravit,
1535 3721 1569 3772 ut
1579 3715 1716 3772 clericum
1730 3727 1826 3786 quem·

113 3804 236 3878 triginta
246 3809 275 3862 et
285 3819 384 3878 unum,
399 3807 579 3879 presbyteros
592 3809 698 3881 viginti
709 3814 827 3881 septem,
847 3810 943 3868 diaco·
998 3805 1070 3862 libet
1083 3820 1100 3862 a
1111 3806 1204 3877 primo
1222 3805 1360 3878 usquead
1381 3805 1516 3862 ultimum
1531 3804 1652 3878 gradum
1668 3801 1744 3861 inira
1756 3803 1825 3860 anni

116 3907 168 3952 nas
192 3894 331 3966 quinque.
358 3897 426 3952 Fuit
448 3903 543 3954 antmn
568 3898 615 3953 hic
640 3899 788 3970 usquead
816 3903 942 3970 ternpora
998 3896 1124 3966 spatium
1143 3894 1366 3965 promovendum
1390 3895 1557 3952 concederet
1580 3893 1660 3966 (dist.
1681 3889 1727 3963 74,
1754 3891 1827 3963 elsi

113 3983 285 4042 Theudorici
302 3985 386 4057 regis.
412 3987 465 4042 liic
479 3987 508 4042 in
530 3987 662 4057 epistola,
690 3989 943 4059 quamdestinavit
996 3984 1076 4056 quis).
1103 3985 1217 4042 laicum
1233 3997 1299 4041 aero
1314 3983 1391 4040 intra
1413 3997 1521 4041 anuum
1545 3988 1573 4040 et
1586 3997 1635 4041 sex
1662 3995 1783 4052 menses,
1799 3981 1826 4038 si

115 4072 262 4130 uniuersis
279 4075 424 4146 episcopis
440 4088 489 4147 per
507 4076 636 4134 diuersas
652 4077 815 4148 provincias
829 4079 943 4136 consti·
996 4072 1072 4129 nihil
1093 4086 1202 4143 eornm,
1229 4086 1293 4144 qua
1319 4086 1461 4131 canonum
1486 4085 1608 4131 censura
1623 4070 1766 4143 prohibet,
1782 4069 1827 4126 eis

114 4160 188 4218 tntis
207 4158 296 4234 (epist.
322 4161 359 4235 4),
387 4164 541 4236 mandavit,
565 4165 724 4237 episcopos,
752 4165 942 4241 presbyteros,
996 4166 1167 4220 occurreret.
1182 4162 1216 4217 lit
1230 4161 1276 4216 his
1299 4161 1454 4232 institutis,
1477 4176 1540 4233 qun
1552 4166 1711 4233 temporum
1725 4172 1827 4217 neees-

112 4248 262 4322 diaconos,
285 4259 457 4322 spontaneos
479 4266 531 4310 seu
550 4259 664 4311 coactos
689 4254 889 4328 rebaptizatos,
915 4258 941 4314 si
997 4251 1070 4309 sitas
1084 4250 1145 4307 beri
1158 4249 1329 4322 postulabat,
1347 4255 1530 4320 paternorum
1543 4262 1685 4307 canonum
1704 4254 1826 4305 seuram

114 4339 303 4412 resipiscunt,
320 4341 456 4415 usquead
468 4343 622 4400 exitussui
640 4344 716 4400 diem
728 4344 758 4401 in
774 4346 943 4416 paenitentis
997 4339 1117 4398 iormam
1130 4353 1192 4398 esse
1207 4338 1348 4409 instituit,
1367 4338 1436 4410 quia
1456 4351 1512 4394 non
1531 4340 1669 4396 adversus
1684 4336 1825 4405 majorum

112 4433 246 4499 oportere
257 4430 361 4499 iacere,
382 4429 423 4487 ita
447 4435 480 4489 ut
495 4444 546 4487 nec
566 4432 653 4489 etiam
672 4432 941 4492 catechumenorum
956 4425 984 4489 D
997 4431 1071 4488 scita
1084 4443 1157 4487 nova
1178 4430 1240 4503 lege
1255 4428 1435 4499 proponitur,
1460 4427 1536 4498 quod
1551 4426 1587 4484 de
1600 4423 1760 4483 accidentis
1771 4422 1825 4478 de-
1861 4456 1864 4461 ,

111 4517 239 4576 orationi
253 4518 399 4590 intersint,
413 4524 442 4575 et
456 4520 620 4577 communio
633 4521 708 4578 laica
726 4521 770 4578 eis
787 4527 899 4580 tantum
911 4523 941 4580 in
997 4518 1090 4577 tectus
1104 4519 1230 4576 remedio
1241 4517 1417 4589 providetur.

113 4610 206 4664 morte
215 4607 360 4665 reddatur.
376 4608 498 4666 Ceteros
517 4613 612 4665 autem
624 4609 757 4680 (decons.
771 4610 843 4668 dist.
864 4608 890 4682 4,
909 4626 938 4668 c.
1033 4611 1112 4680 ltem,
1126 4606 1277 4678 prohibuit
1289 4607 1360 4664 utln
1372 4605 1554 4676 baptizandis
1563 4601 1826 4677 consignandisque

112 4697 167 4752 lias
182 4697 271 4767 qaas),
283 4697 313 4753 id
325 4702 370 4754 est
388 4698 510 4755 clericos
521 4699 581 4755 sive
600 4700 764 4768 monachos,
779 4701 822 4757 vel
841 4715 943 4758 mona·
998 4697 1133 4755 fidelibus
1157 4695 1236 4754 nulla
1259 4698 1350 4768 pretia
1368 4697 1522 4770 exigantur
1546 4693 1583 4768 (4,
1599 4710 1627 4767 q.
1654 4691 1679 4765 l,
1694 4707 1719 4751 c.
1733 4693 1828 4764 Rapti-

110 4784 194 4856 chas,
218 4799 270 4843 seu
289 4785 388 4854 laicas,
414 4787 568 4860 utriusque
588 4802 673 4846 sexus
698 4802 843 4860 personae,
871 4805 944 4862 quos
997 4786 1114 4859 randis),
1125 4790 1163 4856 et,
1176 4785 1201 4842 si
1213 4785 1263 4857 qui
1276 4785 1330 4842 hoc
1340 4790 1517 4856 perpetrasse
1527 4781 1825 4854 inerintdcprehensi,

111 4872 293 4932 violentiaet
316 4876 445 4947 periculo
464 4882 577 4935 coactos
600 4878 781 4935 iterationem
806 4877 942 4950 baptismi
999 4875 1110 4949 proprii
1122 4874 1240 4932 honoris
1251 4872 1412 4946 periculum
1423 4873 1638 4932 suntsuhituri.
1651 4871 1826 4943 ltemjussit,

110 4962 410 5036 subisseconstiterit,
423 4967 466 5024 rel
480 4967 533 5040 qui
546 4967 645 5040 aliquo
661 4972 820 5025 commento
841 4982 872 5026 se
884 4969 943 5026 hu·
998 4973 1031 5022 ut
1051 4963 1208 5036 presbyteri
1225 4964 1339 5020 madum
1360 4961 1489 5021 debitum
1516 4969 1629 5020 servent
1644 4960 1723 5035 (dist.
1739 4960 1785 5036 95,
1799 4976 1825 5018 c.

106 5053 241 5126 jusmodi
265 5050 404 5112 facinoris
420 5056 541 5114 maculis
564 5057 693 5114 dixerint
709 5070 765 5114 uon
788 5058 878 5115 teneri
891 5076 899 5129 3
912 5058 942 5115 in
998 5052 1190 5127 hortaturos),
1206 5052 1349 5123 videlicet,
1366 5065 1424 5109 uon
1447 5051 1574 5110 chrisma
1591 5053 1755 5124 coniciant,
1769 5067 1825 5111 non

111 5143 284 5215 paenitentia
303 5157 354 5215 per
380 5145 538 5204 triennium
562 5146 668 5203 durare
692 5147 831 5217 decernit,
853 5153 882 5204 et
896 5162 945 5218 per
1000 5144 1180 5216 consignent.
1193 5155 1245 5200 nec
1258 5141 1693 5216 praesentequolibetepiscopo,
1710 5141 1768 5198 nisl
1780 5142 1826 5210 ju-

108 5245 217 5290 manus
240 5233 454 5304 impositionem
474 5235 508 5292 ad
535 5235 700 5293 societatem
729 5236 820 5308 recipi
846 5249 946 5294 sacra-
1001 5233 1122 5292 beantur
1145 5231 1181 5289 ab
1210 5233 1283 5304 ipso,
1307 5232 1454 5290 retonare
1478 5232 1522 5290 vel
1537 5233 1635 5291 sedere
1651 5234 1824 5303 presumant

111 5321 215 5394 menti,
231 5322 283 5379 illo
298 5324 457 5394 peromnia
479 5329 600 5396 serrato,
624 5329 657 5382 ut
678 5337 761 5383 nemo
784 5338 881 5382 eorum
909 5327 943 5383 ad
1002 5338 1053 5383 uec
1069 5322 1233 5394 acolythum
1247 5335 1298 5378 nec
1311 5321 1521 5381 subdiaconum
1545 5321 1665 5380 iaciant.
1682 5317 1824 5374 Diaconos

110 5412 341 5471 ecclesiasticam
357 5412 492 5471 militiam
508 5415 692 5486 permittatur
706 5414 848 5472 accedere.
868 5415 943 5474 lllud
999 5415 1085 5473 etiam
1096 5412 1174 5486 (dist.
1190 5411 1236 5483 93,
1252 5428 1276 5471 c.
1287 5412 1430 5489 diaconos)
1444 5426 1526 5471 snam
1538 5420 1698 5468 mensuram
1711 5419 1824 5465 serrare

111 5503 201 5560 etlam
225 5503 350 5560 maxime
363 5504 519 5562 carendum
535 5504 675 5575 instituit,
692 5518 727 5562 ne
749 5504 816 5576 quis
827 5506 944 5576 episco-
1001 5505 1145 5577 praecepit,
1158 5503 1280 5576 scilicet,
1297 5510 1329 5564 ut
1339 5503 1449 5576 absque
1459 5496 1646 5572 episcoparet
1661 5494 1823 5568 presbytero

135 5600 163 5634 ‘⁸
172 5591 357 5664 DsGlycerio
370 5591 436 5649 vide
449 5594 550 5650 baron.
564 5593 599 5650 ad
616 5606 684 5651 ann.
696 5594 811 5652 bomin.
826 5588 889 5651 474.
