3876 6090
59 236 116 297 953
527 236 754 297 Tnhuulorills
779 239 1095 300 sllllElthllllErlsss.
1117 274 1152 287 -
1171 246 1234 303 lm.
1255 250 1288 305 ll.
1717 246 1772 311 956

60 376 105 434 ep.
118 363 241 436 ejusque
252 361 384 419 aduocati
397 363 566 421 Gundherti.
584 364 720 421 licentra
738 363 890 421 renuidem
903 363 934 427 A
949 365 1078 425 aduocati
1094 369 1274 429 wicrammi.
1296 374 1319 430 lt
1343 380 1442 433 contra
1465 388 1531 434 uero
1554 376 1630 432 idem
1641 375 1769 432 wicram

61 452 221 509 advocatus
232 453 428 510 consentiente
441 453 620 511 dominosuo
628 455 762 526 episcopo
770 452 893 510 tradidit
947 455 1068 514 tradidit
1081 458 1212 517 derebus
1228 461 1256 517 s.
1269 463 1481 538 Emmerammi,
1496 464 1691 522 consentiente
1714 464 1771 520 do-

63 541 182 613 praefato
196 541 346 598 liartherto
364 542 436 599 illud
452 543 622 601 heneficium
636 544 670 600 ad
692 543 813 616 Eigiltat
826 554 892 600 eum
948 545 1026 603 mino
1047 561 1099 604 suo
1123 550 1267 624 episeopo,
1283 552 1419 623 predicto
1448 553 1539 611 nobili
1566 551 1712 610 lantfrido
1734 553 1769 610 ad

61 631 200 689 omnihus
210 631 392 703 appendiciis
406 634 479 705 suis,
494 647 525 690 ea
535 634 788 690 videlicetrationa
799 651 805 687 :
817 646 893 704 qua·
946 634 1143 709 sunichingon
1166 639 1241 696 inter
1255 645 1358 697 terram
1380 640 1517 698 arabilem
1533 646 1561 698 et
1574 648 1653 712 prata
1670 642 1771 713 jugera

61 726 147 780 tenus
161 722 235 779 idem
249 721 418 778 llarthertus
432 728 461 779 et
476 738 551 781 unus
567 723 762 795 proximorum
772 737 898 805 suorum,
947 737 1052 796 xxn1v3
1063 730 1092 781 et
1104 726 1182 784 silua
1199 730 1300 803 jugera
1315 745 1353 787 w.
1370 732 1404 788 Et
1427 731 1477 788 isti
1503 735 1666 788 sunitestes
1678 749 1685 785 ε
1699 729 1769 802 Ogo,

62 811 334 884 postipsumusque
342 813 376 870 ad
392 812 504 870 ohitum
515 827 599 870 suum
613 812 734 869 llrmiter
747 811 892 884 possideat
945 813 1152 888 Erchanperht,
1166 817 1287 889 Helfrih,
1309 820 1472 893 lingilpold,
1493 820 1598 892 Folrat,
1620 818 1769 888 llerpheri,

62 899 136 957 illud
153 899 322 958 heneficium
340 903 370 959 in
385 904 542 975 proprium,
568 917 601 958 ac
612 908 708 973 postea
732 901 766 958 ad
784 916 891 973 supra·
945 903 1061 975 Strupo,
1072 906 1236 980 sindperht,
1249 907 1416 982 hdalperht,
1435 910 1587 981 lladamar,
1606 905 1777 979 Tato,Ger-,

61 990 189 1061 scriptos
209 994 324 1049 sanctos
343 994 493 1064 pertineat.
512 994 546 1048 Et
562 992 610 1048 isti
629 996 698 1049 sunt
713 996 815 1049 testes:
832 993 893 1049 lla·
947 991 1014 1063 hoh,
1030 994 1119 1064 llitto,
1135 1000 1188 1051 etc.

59 1079 172 1152 damar,
189 1080 313 1152 Plidler,
338 1083 507 1155 Reginpold,
531 1081 645 1148 hlhrih,
669 1081 789 1151 heccho,
816 1084 892 1139 llot-
944 1115 1008 1171 CM,

62 1172 156 1240 munt,
169 1171 328 1242 isanperht,
346 1172 499 1241 Perehtolt,
511 1176 540 1228 et
551 1172 646 1228 caeteri
659 1185 743 1243 quam
758 1171 887 1241 plurimi.

60 1256 259 1316 Actumestad
270 1260 888 1333 weltinpurc,consentientibuscanonicis,

60 1347 212 1418 Ermperto
239 1350 397 1422 prebytero,
421 1352 585 1408 Germundo
611 1350 717 1422 presb,
745 1350 890 1422 haginone

60 1435 195 1509 diacono,
210 1439 337 1497 liodoldo
360 1438 522 1512 presbytero
535 1446 563 1496 et
576 1440 725 1504 monacho,
739 1441 889 1509 Deotperto

60 1525 229 1598 presbytero
241 1533 270 1584 et
280 1529 428 1601 monacho,
443 1531 552 1587 Tutone
563 1529 684 1588 diacono
698 1533 726 1586 et
739 1528 877 1584 monacho

59 1619 90 1672 et
104 1617 218 1674 caetsris
232 1618 376 1675 omnihus.

59 1724 269 1782 CAP.XV1.-
293 1727 561 1784 commutatatum
580 1726 768 1796 Hitta'pordom
792 1729 818 1781 et
837 1701 923 1782 lli-B

315 1816 638 1889 cholmmpresopteram.

1023 1117 1087 1174 XX.
1100 1148 1137 1160 -
1151 1118 1327 1176 Commutatio
1348 1122 1420 1176 iater
1439 1120 1649 1176 Ambm'chomem
1661 1120 1771 1190 episco-

1227 1227 1295 1281 pum
1314 1216 1339 1266 et
1356 1211 1482 1266 Atomem.

980 1315 1106 1372 Patescat
1117 1317 1208 1389 igitur
1218 1319 1353 1376 omnihus
1363 1320 1497 1376 fidelihus
1512 1318 1580 1391 quia
1591 1316 1771 1388 nobilisqui·

944 1401 1020 1474 dam,
1034 1406 1220 1478 nominehto,
1232 1407 1396 1464 tradiditad
1411 1409 1438 1463 S.
1452 1408 1565 1464 Petrum
1579 1408 1769 1475 sanctumque

943 1491 1181 1551 Emmerammum
1204 1495 1239 1552 de
1261 1501 1336 1553 terra
1362 1495 1466 1553 arabili
1489 1499 1589 1569 jugera
1602 1509 1632 1550 nr
1660 1495 1690 1550 in
1706 1493 1768 1549 luco

880 1570 887 1598 '
943 1581 1110 1656 samutinga
1134 1591 1298 1658 nuncupato
1314 1587 1344 1643 in
1365 1600 1479 1643 manum
1503 1582 1770 1642 videlicethmhri-

944 1671 1046 1730 ohonls
1059 1687 1120 1730 ren.
1137 1688 1181 1746 ep.
1192 1677 1312 1747 ejusque
1319 1677 1449 1734 advocati
1463 1674 1624 1732 Hadamari.
1636 1674 1657 1729 E
1669 1675 1769 1729 contra

944 1774 1010 1818 uero
1026 1761 1099 1818 idem
1120 1763 1285 1837 advocatus,
1309 1765 1428 1835 lubente
1441 1770 1469 1821 st
1482 1764 1678 1821 consentiente
1694 1774 1770 1833 prae-

944 1849 1022 1908 dicto
1043 1852 1186 1925 episcopo,
1213 1854 1334 1911 tradidit
1346 1857 1405 1925 jam
1419 1854 1498 1910 dicto
1518 1852 1609 1911 nobili
1633 1850 1718 1909 Atoui
1733 1851 1770 1906 de

96 1940 204 1998 Notum
215 1939 255 1996 sit
265 1939 400 1997 omnihus
413 1940 547 1998 fidelihus
558 1941 627 2013 quia
637 1941 798 2015 witagowo
807 1942 891 1998 advo
945 1941 1031 1998 rehus
1039 1956 1125 2012 supra
1134 1943 1345 2001 nominatorum
1362 1949 1525 2001 sanctorum
1536 1945 1571 2002 ad
1582 1945 1769 2001 zeizinchova

60 2031 145 2086 catus
169 2028 336 2104 lllltigardae
365 2029 487 2086 tradidit
514 2043 608 2086 aream
637 2045 723 2088 unam
752 2028 890 2087 llihholfo
945 2034 1027 2087 terra
1047 2031 1168 2089 arahilis
1189 2034 1250 2106 jug.
1275 2048 1293 2090 x
1320 2034 1351 2090 iu
1377 2035 1527 2106 proprium
1544 2035 1609 2104 jure
1633 2036 1769 2104 perpetuo

62 2117 158 2189 presb.
173 2117 309 2176 derebus
326 2118 435 2176 &notat
450 2118 546 2176 llariae
558 2119 707 2177 inferioris
722 2118 888 2178 monasterii
945 2120 1156 2190 possidendum.
1172 2122 1207 2178 Et
1221 2126 1253 2180 ut
1270 2123 1329 2179 haec
1343 2124 1530 2180 commutatio
1546 2122 1656 2179 firmior
1669 2118 1769 2177 hahea-

62 2208 95 2264 iu
108 2208 173 2266 loco
184 2208 235 2280 qui
257 2208 368 2266 dicitur
387 2209 444 2266 Pah
460 2210 655 2267 consentiente
670 2210 786 2267 domina
798 2208 891 2266 llilti-
945 2213 993 2265 tur
1005 2209 1158 2282 veriusque
1172 2212 1315 2284 credatur,
1332 2211 1442 2284 placuit
1452 2211 1526 2269 duas
1542 2209 1689 2267 chartulas
1705 2207 1767 2280 pari

61 2297 162 2369 garda.
173 2299 195 2354 Β
208 2302 308 2355 contra
322 2312 388 2356 vero
407 2299 482 2355 idem
497 2298 619 2356 liihholf
633 2299 755 2370 presbyt.
769 2299 890 2369 ejusque
944 2301 1042 2356 tenore
1052 2299 1175 2371 scriptas
1187 2300 1332 2373 exhihere,
1347 2306 1376 2358 et
1395 2305 1480 2358 testes
1493 2300 1631 2357 adhihere
1645 2310 1768 2372 quorum

60 2387 471 2459 adrooatussindpertuseum
484 2388 814 2446 lieentiahmhrichonis
824 2400 886 2445 sen.
945 2387 1061 2445 nomina
1074 2394 1160 2446 suut:
1180 2390 1329 2462 Pernhart,
1341 2391 1456 2461 strupo,
1478 2387 1686 2460 Erchanperht,
1699 2386 1769 2441 liel-

63 2489 110 2547 ep.
123 2476 306 2535 tradiderunt
320 2477 512 2551 witagowoni
527 2478 818 2535 terraearahilisduas
830 2490 891 2548 par·
945 2473 1189 2549 frih,hmhrich0,
1201 2478 1332 2550 Sigifrid,
1346 2479 1435 2551 llitto,
1446 2478 1570 2550 Folerat,
1585 2476 1688 2548 wetti,
1700 2474 1769 2530 item

63 2566 333 2624 tesiueodemloco.
350 2568 384 2623 Et
398 2567 446 2623 isti
458 2570 636 2624 suuttestes:
648 2566 743 2639 adolf,
755 2566 888 2630 Panhart,
943 2564 1059 2637 strupo,
1076 2567 1181 2639 llatolt,
1192 2568 1290 2639 Mezzi,
1305 2573 1359 2624 etc.

63 2654 188 2726 llelfrih,
199 2655 349 2728 cundfrid,
362 2656 482 2728 hrdwit,
498 2656 663 2728 sindperht,
679 2656 803 2727 hunrih,
818 2655 891 2712 Gei-
943 2691 1007 2748 CM,

64 2742 130 2812 rora,
145 2743 311 2816 willipato,
326 2745 493 2818 hiltiperht,
504 2745 653 2818 aulanam,
665 2751 718 2803 ea.
1021 2692 1098 2749 m·
1114 2722 1150 2734 “
1165 2696 1342 2752 “millii
1354 2696 1427 2749 iiiii
1445 2692 1654 2748 Amisiam
1663 2691 1771 2764 wisw-

1244 2799 1311 2854 pum
1333 2787 1359 2838 et
1380 2784 1463 2852 digit.

63 2869 130 2927 CAP-
144 2871 231 2928 XVII·
247 2899 285 2913 -·
305 2870 483 2927 0⁰mm122022'0
501 2874 573 2927 initi
592 2872 801 2927 Ambii'ciwi‘m
827 2873 891 2942 ⁶1²5·
979 2888 1121 2948 Omnihus
1135 2895 1239 2947 sanetae
1255 2891 1306 2947 Dei
1325 2890 1459 2947 Ecclesiae
1474 2888 1609 2947 fidelibus
1622 2894 1719 2947 uotum
1730 2889 1771 2947 sit

280 2974 391 3031 scopam
408 2964 434 3015 a
442 2960 673 3029 analectorum.
945 2979 1013 3049 quia
1024 2978 1100 3050 ungu
1111 2978 1227 3051 quaram
1240 2978 1480 3036 nourlrsaraumn
1494 2979 1529 3035 aa
1541 2979 1567 3034 s.
1581 2980 1695 3037 reorum
1708 2992 1771 3036 san·

99 3067 354 3126 Noveritomnium
365 3068 483 3125 solertia
494 3069 622 3127 fidelium
632 3069 701 3141 quia
709 3067 818 3125 nobilis
827 3068 891 3140 qui·
904 3031 928 3094 C
942 3073 1079 3138 ctumque
1098 3067 1148 3123 Dei
1165 3073 1315 3139 martyrem
1337 3067 1575 3123 Emmerammum
1590 3069 1675 3125 talem
1701 3082 1771 3140 pro-

63 3159 142 3230 dam,
157 3157 272 3215 nomine
284 3158 477 3231 Engilscalch,
491 3158 654 3215 tradiditad
665 3159 692 3214 S.
705 3159 819 3214 Petrum
828 3172 891 3215 san·
944 3158 1095 3229 prietatem
1120 3156 1232 3227 qualem
1245 3157 1280 3214 ad
1302 3156 1481 3228 Chaparussa
1509 3154 1613 3213 habuit
1625 3157 1768 3230 aediliciis,

64 3254 202 3320 stumque
212 3247 263 3304 Dei
275 3252 427 3319 martyrem
445 3248 684 3304 Emmerammum
704 3260 798 3303 casam
824 3260 889 3304 cum
944 3245 1112 3317 territoriis,
1123 3245 1189 3316 uiis,
1201 3246 1339 3316 etinviis,
1354 3244 1684 3302 nihilextradimittens
1696 3245 1769 3316 quin

63 3343 158 3409 curte,
166 3336 411 3395 etterraearahilis
420 3342 506 3409 atque
515 3342 661 3408 pratorum
668 3339 769 3409 jugera
778 3349 889 3392 uxxrru
943 3350 977 3392 θ]
993 3336 1105 3406 integro
1121 3334 1202 3404 illuc,
1220 3333 1434 3390 transfunderet
1456 3334 1485 3389 in
1508 3346 1622 3389 manum
1635 3333 1771 3390 videlieet

64 3427 172 3484 inloro
191 3425 891 3501 Purringanuncupatoinmanumvidelicethm-
943 3424 1147 3482 hmhrichonis
1160 3438 1254 3481 vener.
1270 3438 1314 3495 ep.
1342 3424 1462 3495 ejusque
1476 3422 1605 3479 aduocati
1626 3422 1767 3480 hdalrici.

63 3516 217 3574 hriehonis
237 3530 300 3573 ren.
320 3530 364 3587 ep.
392 3521 420 3572 et
444 3516 572 3573 advocati
595 3517 658 3586 ejus
679 3515 890 3587 liegiuhohi.li
945 3516 1078 3571 Ecoutra
1098 3527 1164 3571 rero
1179 3513 1253 3570 idem
1266 3512 1428 3578 lldalricus,
1441 3512 1637 3569 consentiente
1651 3511 1769 3569 domiuo

63 3609 166 3662 contra
186 3618 251 3662 vero
270 3603 425 3662 hmhricho
443 3605 596 3676 episeopus
617 3610 645 3661 et
658 3604 811 3660 advocatus
827 3604 890 3674 ejus
945 3617 997 3661 suo
1014 3617 1070 3676 ep,
1098 3602 1220 3660 tradidit
1232 3602 1268 3659 de
1287 3601 1373 3659 rebus
1387 3601 1588 3673 praedictorum
1604 3605 1769 3658 sanctorum

63 3696 195 3752 wicram
210 3694 392 3751 tradiderunt
405 3696 441 3752 de
458 3694 544 3752 rebus
559 3694 758 3766 predictorum
774 3699 891 3750 sancto-
944 3693 1171 3766 eidemEigiloni
1181 3693 1211 3749 in
1223 3693 1372 3764 proprium
1384 3690 1629 3762 habendumquod
1640 3690 1770 3747 llahicho

66 3800 130 3843 rum
141 3782 380 3842 eidemnohiliad
396 3784 604 3841 Talaehirehon
615 3783 889 3840 ecclesiametterrae
945 3783 979 3839 ad
1004 3783 1122 3840 Feterah
1135 3783 1194 3853 jam
1216 3782 1286 3838 olim
1303 3782 1333 3838 in
1348 3781 1518 3838 heneficium
1534 3778 1644 3836 hahuit.
1671 3781 1707 3836 Et
1719 3779 1769 3836 isti

63 3874 188 3933 arabilis
200 3875 301 3946 jugera
320 3885 389 3928 rra.
404 3874 439 3929 Et
459 3872 507 3929 isti
524 3878 591 3930 sunt
606 3876 707 3929 testes:
721 3871 890 3945 Engilperht
944 3877 1012 3930 sunt
1027 3877 1130 3929 testes:
1145 3872 1294 3940 Hadamar,
1306 3870 1455 3941 hntarpot,
1471 3868 1605 3938 Otachar,
1618 3867 1769 3938 hlachelm,

64 3962 392 4034 comes,Erchanperht,
414 3960 552 4031 Helmrih,
576 3960 888 4034 Reginhoh,llihpold,
946 3961 1065 4033 llungis,
1089 3959 1265 4030 hmalperht,
1294 3958 1428 4029 llihpold,
1460 3957 1610 4029 llihperht,
1648 3957 1769 4029 Teruod,

66 4053 275 4125 westargowo,
286 4049 407 4121 Helfrih,
424 4049 553 4122 Racholf,
564 4050 653 4122 llitto,
665 4048 807 4122 Egilpold,
819 4050 890 4107 liod-
943 4051 1058 4121 strupo,
1071 4047 1257 4120 Reginperht,
1271 4047 1404 4120 Siglfrid,
1421 4045 1522 4118 lidalp.

64 4144 159 4211 munta
173 4140 270 4211 Mfflir
285 4140 400 4210 Struma
413 4142 466 4195 ⁰⁸⁰·
943 4157 1009 4222 Car,
1022 4157 1112 4212 XXll.
1127 4185 1165 4197 -
1185 4155 1364 4211 Commutatio
1384 4156 1457 4209 inter
1477 4153 1687 4209 Amhrt'chortem
1707 4155 1771 4225 epi-

63 4262 805 4324 car.xvu1.-eommatarasarerAmuraaonem
828 4264 891 4333 ept-
966 4277 970 4285 ·
1176 4259 1286 4314 acorum
1314 4247 1340 4298 et
1360 4243 1535 4313 simpertum.

298 4369 408 4424 scopum
417 4353 658 4423 etililta'perorrem.
981 4356 1086 4411 Notum
1102 4353 1142 4409 sit
1152 4351 1287 4410 omnihus
1297 4349 1432 4407 fidelihus
1445 4349 1514 4420 quia
1528 4349 1690 4422 sigipertus
1707 4350 1770 4420 qui·

100 4448 208 4504 Notum
219 4444 259 4503 sit
267 4444 337 4516 quia
348 4442 464 4514 quidam
477 4440 595 4510 nobilis,
612 4441 889 4516 nominalliltipero,
946 4446 1010 4502 dam
1024 4442 1133 4500 nobilis
1145 4440 1266 4500 tradidit
1280 4441 1314 4498 ad
1330 4441 1357 4496 s.
1377 4439 1494 4496 Petrum
1519 4434 1706 4510 sanctumque
1718 4438 1768 4494 liei

65 4535 191 4595 tradidit
205 4534 278 4591 ads.
302 4535 540 4589 Emmerammum
566 4544 665 4604 agrum
682 4545 690 4586 1
707 4532 741 4589 ad
758 4532 891 4589 liodran-
946 4537 1096 4605 martyrem
1110 4533 1348 4588 Emmemmmum
1367 4528 1510 4602 quidquid
1525 4528 1560 4584 ad
1588 4527 1769 4598 chaparussa

64 4624 246 4683 trachones
266 4628 365 4680 contra
391 4614 456 4677 uero
480 4620 636 4677 advocatus
659 4620 802 4678 llelfricus
824 4636 889 4679 eum
945 4623 1048 4679 hahuit
1063 4623 1092 4679 in
1121 4635 1235 4678 manum
1257 4620 1392 4678 videlicet
1417 4617 1621 4674 llmhrichonis
1637 4631 1699 4673 ven.
1723 4631 1767 4688 ep.

63 4711 390 4772 consensudominisui
412 4724 455 4781 ep.
472 4709 892 4782 hmhriehonistradidlrprm
944 4714 1064 4784 ejusque
1076 4709 1500 4768 advocatihdalrici.ltcontra
1515 4721 1581 4764 uero
1598 4707 1673 4763 idem
1686 4706 1770 4763 Adai·
1801 4719 1805 4728 ·

63 4804 144 4862 dieto
159 4801 250 4858 nobili
267 4801 297 4857 in
312 4799 410 4856 eodem
421 4798 483 4855 loco
497 4811 597 4872 agrum
612 4812 620 4853 l
637 4798 668 4854 in
683 4800 831 4870 proprium
843 4800 892 4856 ha·
946 4803 1026 4860 ricus
1040 4815 1105 4857 eum
1121 4812 1264 4855 consensu
1282 4797 1409 4869 episcopi
1437 4797 1559 4853 tradidit
1581 4795 1673 4852 eidem
1688 4795 1770 4869 sigi-

63 4892 201 4949 hendum.
214 4892 249 4947 Et
259 4889 308 4947 isti
320 4893 387 4946 sunt
408 4892 510 4945 testes:
525 4887 673 4960 waltunc,
687 4888 757 4962 huo,
773 4890 888 4962 strupo,
946 4896 1025 4963 perto
1039 4889 1074 4946 ad
1085 4886 1422 4961 Engilmonaschirichon
1435 4885 1573 4957 equalem
1591 4899 1766 4943 mensuram.

61 4980 168 5053 wetti,
185 4979 252 5036 item
265 4979 380 5048 strupo,
395 4977 560 5048 lantperht.
944 4984 1040 5038 Testes
1047 4982 1141 5035 autem
1150 4974 1551 5048 superioriscommutationis
1560 4974 1769 5048 istiusquoque

61 5088 127 5146 Car.
144 5088 222 5145 xlx.
232 5085 457 5142 -Gommutotio
471 5085 543 5141 inter
559 5084 768 5144 Amhricdoaem
784 5091 890 5159 epimo-
945 5075 1032 5127 testes
1043 5072 1120 5125 suut·

311 5191 380 5246 imm
398 5179 424 5230 ti
444 5175 632 5243 lantfredum.
943 5177 1008 5234 chr.
1035 5175 1136 5231 XXlll.
1162 5203 1197 5215 -
1225 5172 1429 5243 complacitatio
1461 5170 1597 5228 Samdrott'
1625 5171 1769 5241 archipre-

96 5286 204 5342 Notum
217 5283 258 5339 sit
273 5282 408 5339 omnihus
422 5286 526 5338 sanetae
540 5283 590 5338 Ilei
606 5282 740 5340 Ecclesia
755 5285 890 5344 fidelihus
1298 5262 1409 5330 sbileti·

62 5374 133 5446 quia
148 5371 260 5429 nobilis
278 5371 408 5443 quidam,
424 5370 539 5428 nomine
563 5371 703 5443 lantfrid,
720 5372 841 5431 tradidit
854 5376 888 5433 ad
979 5372 1159 5430 Venerabilis
1171 5371 1263 5444 igitur
1286 5370 1515 5443 archipresbyter
1535 5369 1692 5426 sandratus
1704 5369 1766 5420 tra-

62 5465 196 5519 sanctum
215 5460 454 5515 limmerammum
467 5459 610 5530 quidquid
627 5458 728 5516 hahuit
739 5462 774 5517 ad
793 5463 891 5534 Capu·
944 5463 1022 5521 didit
1033 5463 1067 5520 ad
1079 5464 1106 5519 s.
1124 5464 1237 5519 Petrum
1251 5468 1439 5533 sanctumque
1451 5461 1500 5517 liei
1526 5462 1675 5528 martyrem
1696 5455 1767 5509 lim-
1889 5500 1892 5509 .

62 5550 141 5608 risse
156 5550 187 5607 in
209 5561 325 5605 manum
340 5547 476 5604 videlicet
491 5546 696 5605 ambrichonis
707 5561 750 5620 ep.
771 5551 890 5624 ejusque
946 5565 1130 5610 merammum
1143 5551 1227 5607 talem
1241 5551 1442 5622 proprietatem
1459 5546 1570 5618 qualem
1583 5543 1617 5600 ad
1634 5541 1765 5599 Gliumiu
