3876 6090
29 3980 36 3989 ⁵
118 3914 244 3966 ratorum
257 3911 361 3967 multos
371 3922 461 3965 annos
476 3909 482 3962 l
507 3908 643 3965 Eudoxiae
655 3908 794 3978 piissimas
806 3907 942 3979 Augustae

118 255 171 315 ⁴75
735 251 915 309 anastasu
934 252 1203 312 umudrfluctuu
1767 255 1820 317 iio

116 390 184 446 simi
206 395 234 445 et
258 392 397 445 amatores
418 382 526 440 Christi
554 381 738 450 imperatores
759 377 884 434 Basilius
909 372 981 434 etA
1029 380 1086 451 Ego
1104 380 1232 437 Marinus
1251 386 1355 438 sancta
1369 381 1517 438 catholicae
1538 387 1566 438 et
1586 382 1751 454 apostolica
1768 386 1821 442 llo

115 477 329 545 Constantinus,
360 474 477 544 ugentes
503 469 619 541 quidem
647 467 763 537 propria
792 479 878 521 manu
907 465 937 519 in
993 481 1082 523 marnae
1105 468 1239 524 Ecclesiae
1259 470 1409 540 diaconus,
1433 468 1526 527 locum
1547 472 1680 528 obtinens
1703 472 1816 529 domini

118 565 245 636 quinque
278 561 476 618 voluminibus
514 558 645 629 pretiosa
680 555 776 612 crucis
817 554 935 610 tidem:
994 555 1049 610 mei
1071 555 1191 613 Adriani
1205 558 1311 614 summi
1333 557 1477 627 pontilicis
1491 565 1519 614 et
1538 559 1712 617 universalis
1725 575 1818 632 papae,

115 652 221 710 Basilio
259 664 360 722 magno
398 650 578 720 imperatore,
617 644 755 703 similiter
792 643 877 698 etiam
911 646 939 697 et
993 645 1089 701 omnia
1105 659 1168 715 quse
1183 647 1318 715 superius
1343 646 1487 719 leguntur,
1505 648 1574 703 huic
1595 655 1700 704 sanctae
1713 655 1741 705 et
1757 649 1822 706 uni·

113 738 299 797 constantino
323 738 425 809 figente
454 749 566 792 crucem
590 748 640 803 pro
664 747 693 788 se
720 738 748 787 et
774 745 824 800 pro
852 729 939 784 tratre
993 732 1215 803 versalisynodo
1230 735 1394 804 praesidens,
1408 750 1498 807 usque
1513 736 1547 792 ad
1560 736 1733 793 voluntatem
1746 738 1822 808 eius

41 882 56 904 ‚
115 842 168 886 suo
192 829 291 882 Leone.
326 824 525 882 subscribente
557 834 670 893 quoque
699 820 814 877 nomina
849 817 938 873 trium
994 821 1056 877 dem
1070 822 1171 878 eximii
1193 822 1326 891 praesuiis
1351 824 1541 896 promulgavi,
1556 829 1584 880 et
1600 839 1686 881 manu
1702 826 1821 896 propria

116 916 318 986 imperatorum
356 913 470 984 propria
510 925 606 982 manu,
644 915 673 965 et
714 905 940 976 subscriptionis
994 909 1165 980 subscripsi.

114 1003 262 1060 residuum
288 1001 486 1059 subscribente
511 999 718 1068 christophoro
743 1000 941 1066 protoasecre-
1031 999 1169 1071 ignatius,
1182 999 1379 1058 misericordia
1394 1001 1444 1057 liei
1455 1002 1607 1072 episcopus
1621 1003 1823 1060 Constantino

116 1093 165 1164 tis,
204 1097 233 1147 et
270 1091 421 1161 praeposito
458 1088 583 1144 caniculi
599 1098 642 1140 ⁸:
677 1085 780 1142 deiude
817 1081 942 1138 subscri·
996 1085 1184 1157 poleosnovae
1209 1089 1313 1160 Boura,
1336 1095 1462 1145 sanctam
1490 1089 1562 1146 hauc
1581 1096 1609 1146 et
1628 1090 1820 1148 universalem

115 1185 234 1252 pserunt
264 1179 390 1236 universi
426 1176 552 1247 episcopi
593 1173 749 1231 secundum
791 1171 939 1242 proprium
995 1176 1134 1245 synodum
1149 1176 1321 1249 suscipiens,
1332 1182 1360 1233 et
1374 1176 1582 1248 omnibusque
1593 1178 1821 1248 abeajudioata

115 1269 244 1326 ordinem
257 1267 422 1337 etquinque
441 1262 647 1346 uoluminibus.
672 1263 739 1318 Post
764 1260 822 1315 lraec
848 1258 942 1314 iuter·
994 1267 1023 1319 et
1037 1264 1145 1333 scripta
1157 1268 1225 1321 sunt
1245 1264 1431 1338 concordans,
1452 1271 1481 1321 et
1494 1265 1644 1337 deliniens,
1657 1266 1820 1338 subscripsi

116 1357 219 1430 rogati,
242 1354 373 1427 magistri
394 1360 423 1410 et
445 1367 543 1411 omnes
554 1350 680 1423 patricii,
697 1348 766 1420 quid
789 1348 824 1403 de
843 1350 940 1402 sancta
996 1364 1082 1408 manu
1098 1353 1222 1423 propria.

114 1450 144 1502 θῑ
190 1443 346 1501 universali
380 1442 487 1513 ⁸l¹10d⁰
529 1439 738 1508 existimarem,
782 1435 824 1491 Vel
866 1447 942 1504 (1¹¹⁰-
1030 1447 1143 1518 ioseph,
1182 1448 1380 1506 misericordia
1412 1450 1462 1506 Dei
1495 1451 1644 1522 diaconus,
1681 1454 1708 1506 et
1743 1451 1821 1507 vices

115 1533 199 1590 modo
237 1546 297 1588 eam
320 1529 542 1598 subscribssiessts
566 1527 732 1584 Th0⁰d⁰l⁰⁵
762 1522 944 1596 matssifloess·
995 1535 1243 1606 agensllichaelis
1260 1537 1435 1593 sanctissimi
1458 1538 1627 1608 patriarchae
1639 1537 1821 1596 Alexandria

115 1621 248 1678 tissimus
260 1619 411 1690 proconsul
425 1623 453 1674 et
474 1617 610 1689 magister
635 1615 711 1672 dixit
744 1614 809 1668 ita:
840 1610 943 1668 Omnia
996 1627 1122 1678 sanctam
1138 1624 1211 1680 panc
1231 1630 1259 1680 et
1278 1625 1468 1681 universalem
1485 1629 1623 1697 synodum
1644 1626 1819 1699 suscipiens,

116 1725 179 1782 qua
208 1709 282 1765 iacta
318 1712 425 1764 sunta
451 1705 553 1763 Photio
585 1709 684 1762 contra
726 1699 940 1758 sanctissimum
957 1688 1024 1767 Ber
1038 1711 1172 1768 munibus
1185 1727 1248 1783 (με
1262 1712 1341 1770 appa
1356 1713 1485 1784 judicata
1500 1720 1530 1771 ep
1545 1715 1653 1784 301»pr
1675 1720 1822 1771 suumn.

45 1830 49 1841 ·
116 1797 307 1871 miriarcham
337 1800 467 1853 mitium
500 1793 653 1866 ltissitifflns
688 1796 716 1849 θῑ
746 1795 844 1846 0⁰¹¹2l³
881 1786 943 1842 bei·
996 1799 1127 1870 cordans,
1140 1800 1327 1871 etdeiiniens,
1340 1801 1499 1872 subscripsi
1516 1816 1602 1859 manu
1618 1802 1744 1873 propria.

116 1885 262 1942 tissimum
301 1898 401 1955 papam
433 1882 576 1954 N¹⁰⁰¹1¹fflr
612 1878 875 1976 inathssffldllfflssnsi·
914 1877 942 1929 θῑ
1030 1896 1088 1967 Ego
1110 1897 1232 1954 Thomas
1252 1897 1450 1955 misericordia
1462 1897 1513 1954 Dei
1539 1898 1721 1969 metropolita
1740 1900 1819 1971 Tyri,

117 1974 190 2031 hanc
211 1977 337 2029 sanciam
361 1977 389 2027 ei
409 1970 595 2027 ussiieisaleffl
614 1968 939 2039 ⁸l¹¹0d¹¹¹¹1⁵u⁸⁰¹li¹0¹¹⁸r
995 1983 1118 2040 etnicos
1142 1998 1242 2057 gerens
1264 1986 1342 2042 sedis
1369 1985 1539 2058 Antiochia,
1561 1992 1687 2043 sanctam
1709 1986 1822 2044 baucet

117 2062 226 2131 Γθθῑβῑῡ
250 2075 322 2132 l¹¹0⁵
350 2059 455 2131 Ρθθῑβῑῑ
480 2063 508 2115 et
534 2057 743 2114 θῦθῑὴθωθῐῖῑθ
772 2066 844 2124 quos
876 2064 941 2110 ³¹¹³·
996 2071 1184 2129 universalem
1209 2075 1348 2144 synodum
1371 2074 1544 2146 suscipiens,
1559 2075 1737 2132 etomnibus
1757 2092 1821 2147 quae

117 2150 293 2207 themistii·
322 2149 351 2205 Si
375 2163 441 2206 lew
465 2161 596 2218 idcelli0
619 2144 776 2216 aliquando
802 2159 874 2216 d¹¹0⁸
897 2160 940 2215 Si·
994 2160 1030 2216 ab
1053 2173 1085 2216 ea
1097 2161 1226 2230 judicata
1241 2166 1269 2217 et
1288 2163 1395 2233 scripta
1412 2167 1480 2219 sunt
1494 2165 1682 2227 concordans,
1707 2170 1736 2221 et
1753 2164 1822 2221 ded-

117 2239 210 2296 nodus
240 2238 351 2309 abjicit,
383 2238 531 2294 anathema
557 2235 613 2290 sim
638 2248 654 2290 a
677 2234 803 2290 Christo.
833 2233 942 2289 Simili·
996 2247 1079 2304 niens
1094 2248 1252 2320 subscripsi
1272 2264 1357 2307 manu
1371 2250 1496 2321 propp-13,

117 2333 161 2384 ter
179 2327 404 2401 Christophorus
432 2322 733 2396 magnificentissimus
761 2322 901 2391 patricius
913 2325 941 2377 et
1030 2346 1088 2416 Ego
1101 2346 1205 2417 Helias,
1222 2348 1421 2404 mmmmm
1436 2349 1485 2404 Dei
1503 2349 1648 2419 pmbyte,
1670 2355 1699 2407 e,
1713 2350 1823 2421 syncel,

118 2416 289 2486 P'aefflsmffi
305 2415 399 2471 ‘Hm‘
417 2413 597 2512 Omniasluae
612 2409 684 2466 fam
706 2414 775 2466 sunt
800 2424 816 2465 ³
839 2410 940 2466 Ph⁰t¹⁰
996 2433 1052 2504 lus,
1060 2433 1465 2506 looumoomplensapostolici
1473 2437 1582 2509 throni,
1594 2438 1644 2493 ubi
1657 2439 1820 2508 patriarcha

118 2508 216 2560 mmm
232 2503 445 2559 ⁵²⁰⁰¹¹⁵⁸¹¹¹¹¹¹¹¹¹
459 2500 650 2598 patnffmham
663 2498 815 2570 ignatium,
832 2504 860 2598 ⁰}
877 2512 941 2554 ⁶⁰¹¹·
994 2527 1038 2577 est
1051 2522 1228 2580 Theodosius
1240 2525 1510 2596 Hierosolymorum,
1524 2532 1629 2582 sanotae
1645 2527 1756 2583 Christi
1770 2528 1820 2583 liei

118 2595 162 2647 tra
180 2590 393 2647 sanctissimum
405 2601 504 2658 papam
515 2587 674 2687 Nicolaum,
686 2586 937 2654 anathematizans,
995 2611 1087 2666 nost„
1100 2611 1238 2682 ommis,
1256 2613 1347 2669 instar
1362 2619 1528 2671 mmmm
1550 2615 1737 2688 vicariorum,
1765 2630 1824 2672 om·

118 2684 147 2736 0‘
180 2681 253 2736 ”³¹¹⁰
290 2682 416 2734 mmm
441 2681 469 2731 ⁸²
494 2674 683 2731 ¹¹⁰¹V⁰s⁸³¹⁰ffl
719 2676 857 2745 ⁵Y¹¹⁰d¹¹¹¹¹
886 2688 941 2729 ⁵¹¹·
995 2697 1083 2754 nibus
1097 2713 1161 2770 que
1177 2698 1206 2755 in
1219 2706 1316 2757 saneta
1332 2701 1384 2759 hac
1397 2707 1425 2758 et
1440 2702 1596 2759 universali
1613 2705 1721 2774 synodo
1742 2711 1822 2773 gesta

118 2767 255 2838 sciphus,
284 2765 413 2834 suscipio
441 2777 513 2834 quos
540 2763 640 2833 recipi,
674 2767 702 2817 ei
730 2761 939 2817 anaihefflllfiffl
996 2791 1064 2842 sunt
1089 2789 1275 2860 concordans,
1288 2794 1316 2845 et
1328 2789 1478 2861 definiens,
1505 2805 1590 2848 manu
1615 2793 1732 2863 propria
1755 2791 1823 2848 sub-

118 2870 192 2928 quos
220 2853 449 2911 anathematizat.
481 2852 510 2908 Si
535 2865 601 2909 roro
629 2864 759 2921 recepero
783 2850 940 2920 aliquando
999 2874 1113 2944 wip„

118 2958 202 3016 quem
215 2943 340 3013 synodus
352 2940 463 3011 abjicit,
479 2940 628 2996 anathema
648 2939 701 2994 sim
721 2952 737 2994 a
758 2939 881 2994 Christo.
905 2939 940 2993 Et

117 3032 252 3101 deinceps
266 3029 466 3102 uuusquisque
484 3028 753 3099 prenominatorum
768 3027 796 3083 in
813 3027 939 3083 sessione

954 3001 978 3064 C
997 3055 1003 3068 .
1031 2970 1166 3045 Basilius,
1177 2974 1394 3048 Constantinus,
1407 2981 1435 3032 et
1451 2978 1514 3046 Leo,
1531 2977 1660 3047 perpetui
1683 2977 1819 3051 Augusti,

118 3120 305 3191 patriciorum
319 3119 475 3174 secundum
500 3118 558 3172 hac
575 3115 677 3186 edidit,
698 3129 746 3171 ore
759 3115 875 3186 proprio
891 3128 940 3184 per
995 3070 1026 3111 m
1050 3057 1165 3159 C'Prifm
1187 3061 1237 3116 Dei
1266 3061 1363 3119 fldem
1390 3063 1535 3133 primm
1558 3064 1763 3166 R⁰m³⁰9mm’
1793 3070 1822 3123 ⁰t

995 3158 1090 3217 magna
1118 3153 1313 3220 imperatores,
1339 3157 1465 3207 sanctam
1493 3152 1608 3209 hanoet
1628 3155 1821 3210 universalem

117 3209 209 3265 vivam
222 3221 327 3279 vocem,
340 3219 454 3262 sensum
468 3219 563 3275 suum,
587 3204 733 3260 velocibus
748 3203 940 3274 scriptoribus
994 3234 1132 3304 synodum
1143 3237 1344 3310 suscipienoes,
1357 3244 1385 3294 οἱ
1397 3238 1532 3297 omnibus
1547 3255 1611 3312 ΨΜ
1630 3240 1666 3297 ab
1681 3241 1743 3312 ipsa
1755 3241 1823 3299 defi·

116 3292 938 3366 excipientibusquedicebaniurabunoquoqueipsorum,
996 3321 1203 3395 mmmmm,
1213 3327 1425 3397 concordantes¹
1438 3328 1597 3400 subscripsi
1610 3329 1822 3400 mmmm,

117 3398 181 3455 ‘¹¹¹ae
202 3383 287 3439 “hm
310 3383 382 3484 ΙΨ
402 3386 470 3438 ⁵¹¹¹st
489 3381 518 3436 ⁵¹¹
540 3381 717 3437 audientiam
736 3381 865 3481 omnium
891 3393 940 3449 per
1031 3418 1166 3487 Basilius,
1186 3420 1383 3478 misericordia
1395 3424 1446 3479 Dei
1457 3424 1692 3496 archiepiscopus
1702 3425 1823 3497 Ephesi·

116 3473 405 3542 Leonemaseoretrs,
425 3484 520 3526 eoram
544 3474 639 3525 sancta
665 3469 942 3539 etunrversalrssy-
996 3506 1091 3562 omnia
1113 3508 1216 3578 Μὴ]
1236 3514 1334 3565 sanem
1354 3515 1382 3566 et
1401 3512 1556 3569 universali
1568 3528 1619 3584 syn
1621 3514 1676 3570 odo
1690 3513 1822 3584 judicata

116 3561 192 3617 ”⁰⁴¹⁰
203 3573 271 3616 νοω
293 3559 404 3658 grandi:
420 3559 466 3658 ,Et
476 3561 541 3657 ,⁹⁰ss
557 3556 610 3611 ¹¹⁰⁰
629 3561 707 3611 “³¹⁰⁸
723 3556 751 3655 ῃ]
773 3555 866 3611 m⁰d¹⁰
884 3555 942 3611 εἷθ’
996 3598 1103 3649 suntet
1116 3594 1234 3651 delinita
1250 3595 1373 3653 libenter
1385 3599 1546 3670 suscipiens
1558 3600 1719 3672 subscripsi
1735 3614 1820 3657 manu

117 3647 230 3718 phanus
241 3649 297 3702 lieo
309 3645 445 3702 amabrlrs
454 3645 594 3700 diaconus
608 3648 636 3698 et
653 3649 783 3699 notarius
796 3643 942 3712 superlau·
998 3682 1123 3751 propria

116 3736 268 3835 davitica:
292 3735 398 3834 Multos
418 3746 509 3788 annos
528 3732 733 3831 imperatorum
747 3731 944 3831 Basilii,.Con·
1033 3769 1219 3845 Theodulsus’
1245 3774 1443 3833 misericordia
1475 3778 1525 3834 Dei
1545 3779 1698 3849 episcopus
1726 3778 1822 3850 Aney-

117 3823 238 3879 ⁸t³¹¹²¹¹¹¹
251 3836 284 3878 ³⁰
301 3821 423 3878 L⁰⁰¹¹¹⁵¹
450 3822 615 3892 mmmm
642 3833 805 3889 mmmmm
828 3824 943 3888 euml*
997 3876 1106 3933 rorum,
1120 3861 1215 3918 omnia
1229 3877 1292 3933 quae
1303 3863 1333 3919 in
1345 3871 1441 3921 sancta
1451 3870 1480 3921 et
1493 3866 1648 3923 universali
1663 3867 1823 3938 synodoju·

996 3950 1091 4006 dicata
1108 3956 1177 4007 sunt
1189 3958 1217 4007 et
1230 3951 1348 4009 dehnita
1358 3952 1480 4010 libenter
1487 3954 1650 4025 suscipiens
1660 3957 1820 4028 subscripsi

997 4052 1082 4094 manu
1098 4040 1222 4110 propria.

383 4120 672 4177 SUBSCRIPTWNRS·
1031 4136 1183 4207 Barnabas,
1217 4137 1415 4196 misericordia
1449 4140 1499 4196 Bel
1524 4141 1676 4212 episeopus
1711 4143 1817 4214 Cyzici,

153 4230 212 4301 Ego
224 4230 351 4284 Donatus
365 4229 457 4301 gratia
481 4228 530 4282 Dei
546 4227 699 4297 episcopus
714 4234 818 4283 sancte
831 4227 942 4284 Ostien-
995 4224 1169 4295 omniaque
1193 4224 1222 4280 in
1238 4232 1334 4282 sancta
1350 4232 1379 4283 et
1392 4227 1547 4284 universali
1563 4231 1671 4300 synodo
1683 4231 1814 4301 judicata

117 4317 160 4375 sis
179 4318 321 4383 Ecclesiae,
341 4318 436 4374 locum
459 4316 592 4374 obtinens
609 4316 720 4373 domini
741 4317 795 4372 mei
820 4317 938 4373 Adriani
952 4345 981 4408 D
996 4318 1101 4368 suntet
1115 4313 1232 4369 delinita
1244 4315 1366 4372 libenter
1380 4317 1543 4387 suscipiens
1558 4318 1718 4389 subscripsi
1734 4334 1820 4377 manu

118 4407 223 4464 summi
243 4406 389 4478 pontificis
405 4411 433 4462 et
453 4404 626 4463 universalis
653 4418 740 4476 papae,
762 4406 857 4461 omnia
877 4420 940 4477 quae
996 4401 1121 4470 propria.

118 4496 253 4565 superius
267 4490 403 4567 leguntur
414 4495 482 4550 huic
500 4499 604 4550 sancte
616 4498 644 4548 et
659 4493 815 4549 universali
831 4495 940 4564 syuodo
1030 4488 1166 4558 Basilius,
1182 4490 1381 4547 misericordia
1399 4492 1450 4548 bei
1470 4495 1650 4565 metropolita
1670 4496 1822 4554 chalcedo

118 4583 285 4655 praesidens,
305 4597 397 4654 usque
421 4576 456 4639 ad
480 4582 654 4639 voluntatem
686 4583 813 4652 ejusdem
839 4583 939 4639 eximii
995 4578 1052 4647 nis,
1066 4577 1161 4634 omnia
1181 4592 1245 4649 que
1258 4579 1288 4635 in
1301 4584 1438 4636 sanctaet
1454 4582 1610 4639 universali
1626 4584 1735 4654 synodo
1744 4586 1823 4656 judi·

118 4672 251 4740 presulis
263 4671 452 4745 promulgavi,
468 4675 496 4726 et
511 4684 595 4726 manu
609 4670 722 4740 propria
733 4670 902 4741 subscripsi.
995 4671 1056 4723 cata
1069 4671 1137 4723 sunt
1151 4670 1179 4721 et
1197 4666 1316 4723 delinita
1330 4668 1452 4724 libenter
1471 4671 1634 4741 suscipiens
1658 4672 1821 4745 subscripsi

152 4760 211 4831 Ego
234 4758 394 4829 Stephanus
416 4759 508 4831 gratia
530 4759 579 4815 liei
601 4759 752 4829 episcopus
766 4766 871 4816 sancte
891 4760 942 4814 Ne·
995 4755 1217 4826 manupropria.

119 4847 227 4918 peainae
261 4847 405 4918 Ecclesia,
442 4847 535 4904 locum
569 4847 702 4904 obtinens
736 4846 846 4903 domini
884 4846 939 4902 mei
1030 4851 1220 4925 Nicephorus,
1246 4853 1445 4911 misericordia
1463 4856 1513 4912 Iici
1535 4859 1716 4928 metropolita
1740 4858 1822 4917 dma-

117 4936 238 4993 ddriani
255 4935 359 4992 summi
377 4937 522 5007 pontilicis
540 4941 568 4992 et
589 4936 762 4993 universalis
775 4950 862 5007 papae,
884 4949 942 4992 oru-
995 4937 1056 5010 siae,
1070 4940 1166 4997 omnia
1182 4955 1245 5011 quae
1259 4941 1289 4996 in
1303 4948 1400 4999 sancta
1414 4948 1444 4998 et
1453 4945 1609 5002 universati
1624 4946 1822 5018 synodojudi·

117 5026 167 5082 nia
186 5040 249 5096 quae
264 5026 398 5095 superius
425 5026 561 5098 leguntur
583 5025 651 5082 huic
672 5029 814 5081 sanctaeet
829 5025 940 5080 uniuer—
994 5030 1056 5082 cata
1070 5031 1139 5083 sunt
1153 5032 1181 5083 et
1202 5027 1321 5085 delinita
1335 5028 1457 5087 libenter
1479 5033 1642 5103 suscipiens
1656 5033 1820 5108 subscripsi

117 5115 172 5171 sali
187 5115 294 5186 synodo
319 5114 483 5184 praesidens,
501 5127 593 5185 usque
615 5115 649 5170 ad
671 5113 845 5170 voluntatem
868 5113 940 5182 ojus
996 5129 1082 5172 manu
1094 5116 1219 5186 propria.

117 5204 181 5260 dem
201 5204 301 5259 eximii
317 5203 449 5274 praesulis
472 5201 660 5274 promulgavi,
676 5206 704 5257 et
722 5214 807 5256 manu
824 5203 940 5271 propria
1031 5203 1168 5274 Basilius,
1184 5203 1383 5261 misericordia
1400 5207 1450 5263 Dei
1477 5201 1658 5280 metropolita
1676 5212 1824 5284 Gangren-

118 5293 286 5363 subscripsi.
995 5290 1083 5361 sium,
1096 5291 1192 5348 omnia
1205 5306 1269 5363 quar
1290 5292 1320 5349 in
1336 5300 1433 5350 sancta
1448 5300 1475 5351 et
1488 5297 1644 5354 universali
1658 5300 1768 5369 synodo
1777 5302 1823 5372 ju-

117 3997 192 4054 mult
211 4013 225 4053 s
237 4012 327 4054 annos
340 3998 347 4052 l
362 3997 467 4053 hlultos
477 4010 567 4053 annos
579 3995 798 4066 imperatorum!

152 5417 350 5488 ·Prapositus
369 5414 494 5473 caniculi
511 5413 586 5483 apud
606 5413 719 5469 Grecos
742 5418 794 5485 est,
818 5414 868 5485 qui
894 5430 942 5472 cu·
995 5415 1063 5472 tarii
1093 5429 1127 5471 ex
1149 5429 1206 5486 quo
1228 5416 1383 5488 imperator
1403 5417 1566 5490 phoeniceas
1581 5419 1703 5494 {litteras
1715 5423 1823 5482 scribit

117 5521 178 5564 ram
200 5512 229 5562 et
252 5505 411 5562 custodiam
436 5499 661 5575 geritcaulouli,
689 5499 776 5558 idest
801 5507 939 5561 atramen-
998 5504 1027 5561 in
1042 5504 1160 5561 chartis.
