3876 6090
134 222 189 281 5⁵5
755 221 933 279 666666
958 219 1226 278 6666666666
1789 224 1844 283 556

134 352 171 407 X·
192 350 338 407 Anastasis·
346 350 642 421 apocrisiarii'eptstola
652 350 689 405 od
701 350 877 405 Theodosium
884 343 1000 420 pres-A
1017 350 1110 407 tamen
1129 365 1179 408 san
1202 352 1281 408 uinis
1297 325 1445 409 effusione.
1465 352 1545 409 Sedit
1565 350 1693 424 pontifex
1708 354 1746 409 ab
1767 368 1844 412 anno

171 422 293 491 56566656
307 422 499 489 conpresserit.

133 494 182 549 xl.
204 495 430 563 Hypomnesti'eoe
446 494 574 560 doceatis
590 493 638 548 SS.
656 493 781 555 6566565,
798 492 958 547 Anastasio

133 580 206 627 rum,
221 566 347 628 Martini,
363 570 412 620 656.

169 652 433 724 Prodiereprimum
446 651 957 710 haecccllectaneaaSirmondoedita

133 724 255 781 Parisiis
269 738 315 780 an.
335 722 413 795 5666,
429 725 538 795 publici
554 726 640 781 etiam
653 726 730 792 y'uris
747 724 819 779 iacta
840 737 857 778 6
871 725 958 778 corn-

132 794 245 867 666656,
257 800 286 852 65
299 795 328 851 56
341 801 417 852 5666
432 798 484 852 xil
498 796 571 852 6565.
586 797 635 850 PP.
651 795 860 868 Lugdunensis,
871 799 956 864 etque

134 867 236 924 iterum
245 867 360 939 uulgata
375 867 404 922 lii
418 879 489 923 nova
499 868 663 924 recensione
672 880 787 937 operum
798 864 954 934 sirmondi,

131 939 208 994 ande
220 943 308 994 etnos
321 939 351 993 in
366 943 491 994 nostram
505 952 608 1008 penum
619 938 822 993 transtilimus.
834 937 886 992 Sed
897 936 955 1004 jam

131 1008 167 1136 55
178 1009 347 1066 auctoribus
359 1009 389 1065 in
404 1009 591 1066 collectaneis
609 1009 823 1079 comprehensis
842 1005 955 1077 aliquid

152 1093 270 1137 icamus.

289 1173 305 1237 fi
322 1171 344 1226 1.
364 1199 401 1212 —
418 1172 456 1225 Ile
476 1174 569 1226 666656
587 1171 691 1224 leonae
707 1185 792 1239 popa.

166 1280 233 1338 Fuit
241 1279 363 1337 loannes
377 1291 448 1349 papa
459 1279 546 1347 hujus
556 1277 684 1335 nominis
694 1280 824 1348 quartus,
839 1275 955 1332 natione

128 1352 268 1423 Dalmata,
290 1351 382 1420 patria
400 1350 572 1414 ladercnsis,
596 1355 703 1420 patrem
724 1346 826 1404 habuit
840 1347 955 1402 Venan-

129 1424 203 1480 tium
217 1423 436 1480 scholasticum.
446 1422 541 1478 Romae
555 1420 708 1477 diaconum
719 1419 788 1490 egit,
796 1432 830 1474 ac
839 1418 952 1473 tandem

131 1507 203 1566 papa
217 1494 386 1565 designatus
400 1491 490 1564 luit,ti
499 1493 526 1547 S.
538 1492 620 1547 Petro
632 1490 861 1561 septuagesimus
871 1502 954 1559 quar-

129 1571 193 1622 tus:
213 1578 298 1636 quain
319 1563 488 1634 dignitatem
512 1576 618 1619 annum
642 1567 670 1617 et
694 1573 804 1616 menses
828 1569 954 1616 novem·

128 1634 302 1706 obtinuit,u
340 1648 374 1691 ue
388 1634 422 1690 ad
438 1634 515 1691 diem
533 1632 568 1690 ac
588 1631 763 1702 Septembris
776 1631 845 1687 anni
864 1627 951 1702 6565,
1012 1637 1066 1706 dep

128 1707 172 1763 rel
199 1706 234 1763 ad
261 1708 300 1763 du
339 1706 461 1762 ecimum
484 1703 616 1762 Octobris
643 1700 765 1759 ancil.
797 1677 996 1772 escripsitB

129 1778 206 1834 inter
227 1782 327 1833 caetera
341 1777 375 1832 ad
394 1776 613 1832 constantinum
629 1774 720 1831 lilium
741 1773 865 1830 lleraclii
882 1773 950 1842 imp.

127 1849 290 1975 66556666
302 1847 568 1973 6656666565666
576 1850 691 1928 propter
702 1858 786 1927 uuam
798 1844 952 1971 5516665655

127 1925 324 2060 55555535ῑὲ55
339 1922 953 2045 565606555566055555555556955156οηῖ555-

128 2077 194 2115 nam
211 2063 314 2128 fratres
337 2063 521 2131 imperatores.
539 2062 571 2116 lu
585 2059 710 2116 concilio
730 2059 810 2115 hom.
836 2071 882 2113 an.
900 2054 952 2114 656

127 2132 249 2188 5666666
261 2131 463 2189 6666566666
474 2130 630 2186 damnarit.

318 2237 334 2311 6
354 2239 386 2294 ll.
408 2267 443 2279 ·-
459 2240 499 2294 Dc
519 2241 612 2293 sancto
629 2238 759 2294 Mcaimo.

161 2349 189 2406 6.
217 2345 360 2406 Maximus
385 2359 419 2402 ex
444 2345 682 2417 protosecretario
712 2343 835 2401 Heraclii
863 2342 952 2399 abbas

125 2418 383 2489 chrysopolitanus
396 2415 453 2474 luit
466 2430 553 2487 propc
565 2414 853 2484 constantinopolim.
871 2415 951 2469 ilunc

127 2489 219 2546 Graeci
243 2487 408 2559 theologum
423 2496 445 2557 ⁰,
474 2488 542 2543 item
564 2485 754 2543 consessorem
770 2488 789 2556 s,
818 2484 951 2555 philoso-

127 2560 216 2630 phum
240 2563 268 2614 et
292 2562 442 2628 martyrem
470 2556 624 2627 appellant.
652 2557 704 2612 llic
730 2555 950 2612 strenuissimus

125 2629 588 2698 blonothelitarumacpraecipuus
597 2629 788 2698 adversarius,
797 2632 860 2697 post
870 2625 950 2681 mille

125 2701 290 2757 vexationes
315 2700 428 2755 tandein
455 2699 570 2757 Lazicos
593 2700 769 2770 deportatus.
800 2697 874 2753 obiit
901 2711 946 2753 an.

125 2772 233 2828 christi
248 2770 301 2828 665
312 2770 406 2826 aetatis
417 2783 527 2826 cxxxii.
543 2766 612 2826 crim
624 2771 732 2840 Pyrrho
744 2769 950 2826 constantino-

126 2843 254 2914 politano
265 2841 426 2913 patriarcha
444 2842 585 2914 insignem
599 2841 700 2897 habuit
711 2841 758 2897 dis
780 2840 946 2909 emtionem,

125 2927 210 2985 quam
224 2913 315 2969 adan.
333 2909 385 2968 655
397 2913 476 2969 66665
500 2917 574 2971 nats
587 2912 747 2968 Fabricius.
760 2855 890 2968 56665556
900 2912 949 2966 La·

125 2984 269 3041 teranensi
285 2983 338 3041 sub
348 2929 645 3041 llartinofinteriuit.
657 2983 827 3040 Anastasius
840 2982 949 3053 apocri·

125 3056 234 3112 elarius
256 3054 386 3127 magistri
399 3055 445 3110 sni
471 3056 587 3111 hlaximi
603 3056 689 3110 65566
712 3055 840 3125 scripsit,
865 3066 947 3125 quam

125 3127 225 3183 laudat
249 3126 387 3182 hlilatius
413 3128 448 3182 do
475 3125 682 3198 Purgatorioh,
698 3132 847 3197 exstatque
872 3125 947 3195 apud

124 3196 248 3255 combel.
266 3198 297 3252 in
316 3202 392 3253 tomo
410 3197 500 3268 priori
520 3196 642 3267 Operum
657 3197 683 3253 S.
701 3197 835 3254 hiaiiimit
851 3215 858 3250 :
877 3201 950 3266 post-

125 3281 210 3340 quam
223 3267 365 3324 habentur
374 3269 459 3323 etiam
473 3272 545 3340 acta,
555 3268 733 3339 collationes,
745 3276 812 3341 etc,
824 3282 887 3339 666
898 3281 949 3323 666

125 3340 194 3396 5566
212 3338 308 3396 Graece
324 3345 353 3395 et
372 3340 471 3395 Latine
483 3354 516 3395 ex
533 3339 677 3396 anastasii
696 3341 826 3396 versione
840 3339 949 3395 edenda

124 3411 300 3482 curarimus,
315 3416 401 3480 prout
410 3415 524 3466 exstant
534 3412 609 3482 apud
622 3412 832 3467 Sirmondumi.
844 3410 950 3466 consu·

124 3481 223 3538 lantur
242 3481 405 3538 baroniisk
427 3487 456 3537 et
473 3482 660 3538 combefisius
683 3483 712 3538 in
736 3482 863 3538 editione
882 3494 949 3551 pre·

124 3552 200 3609 clara
212 3566 330 3625 operum
344 3555 372 3608 S
383 3552 510 3608 hlaxinii.

251 3640 268 3713 ἓ
287 3642 331 3697 111.
351 3669 389 3682 -
407 3640 445 3693 66
463 3643 555 3694 sancto
577 3639 712 3694 Theodoro
727 3655 812 3711 pepo.

158 3732 292 3788 loannem
308 3730 342 3784 lv
363 3728 474 3798 excepit
490 3729 519 3783 in
534 3727 702 3798 pontificatu
715 3729 881 3786 Theodorus
895 3743 948 3786 ex-

123 3807 208 3860 eunte
218 3813 293 3856 anno
302 3797 356 3855 656
370 3813 453 3882 6666
469 3801 563 3855 tenuit
575 3814 664 3869 usque
677 3800 712 3856 66
723 3800 879 3857 65656566
891 3814 948 3857 66-

123 3868 224 3929 65659.
237 3870 332 3925 Patria
342 3869 400 3926 luit
409 3870 693 3942 hierosolymitanas.
706 3872 804 3929 Latine
813 3872 945 3929 nonnulli

122 3941 311 4007 adeodatum,
322 3941 365 3996 vel
378 3941 464 3996 etiam
477 3942 633 3998 Deusdedit
646 3943 800 4014 appellant.
816 3944 946 4015 leponti-

123 4011 168 4069 566
180 4010 319 4082 Pyrrhum
327 4012 675 4084 constantinopolitanum
686 4014 875 4083 patriarcham
887 4022 945 4073 tur

1016 417 1069 476 659
1085 422 1119 478 66
1139 368 1261 506 655665..
1279 420 1341 506 655
1358 424 1397 480 De
1416 424 1478 494 elus
1498 429 1623 494 tempore
1639 424 1758 481 videndi
1778 426 1845 481 Sir-

1017 494 1139 550 mondus
1150 507 1163 533 6
1175 500 1203 549 65
1214 494 1346 551 cointius
1358 502 1379 549 ⁰.
1395 496 1514 551 Exstant
1525 496 1588 566 elus
1602 495 1734 566 epistolae
1750 496 1780 552 in
1795 503 1845 553 to-

1018 563 1073 619 mis
1096 565 1304 634 conciliorum,
1336 570 1364 621 et
1386 566 1415 622 ln
1446 566 1518 623 6565.
1542 568 1667 624 Petrum.
1691 569 1718 624 ls
1745 573 1844 626 coacto

1016 636 1163 693 lateranis
1190 637 1316 694 concilio
1339 643 1454 694 centum
1483 638 1612 710 6656666
1639 639 1842 710 episcoporum

1015 705 1179 766 constantis
1192 708 1502 780 imperatoris‘rypum,
1516 710 1660 780 66666666
1672 710 1845 767 hionotheli-

1017 782 1109 834 tarum
1128 779 1268 852 Sergium,
1284 780 1423 850 Pyrrhum
1442 786 1470 835 65
1492 780 1622 850 Paulum,
1642 779 1747 851 Cyrum
1773 782 1843 838 5566

1015 848 1250 920 Alexandrinum,
1266 856 1295 906 et
1311 850 1489 907 Theodorum
1507 851 1739 908 Pharanitensem
1757 852 1844 908 dam-

1016 922 1104 977 narit.
1117 922 1199 979 hunc
1209 920 1261 979 653
1270 921 1413 992 calliopas
1424 922 1549 993 Olympii
1561 922 1591 978 in
1602 924 1759 995 exarchatu
1773 939 1842 980 suo-

1015 1004 1111 1049 cessor
1123 1007 1188 1050 cum
1205 994 1410 1050 Rauennatensi
1428 994 1557 1049 exercitu
1574 995 1691 1050 66666
1711 995 1841 1067 veniens,

1015 1069 1145 1119 sanctum
1159 1064 1320 1135 pontificem
1336 1065 1423 1135 capit,
1441 1066 1504 1120 navi
1520 1065 1644 1135 imponit
1658 1070 1696 1137 et,
1713 1073 1780 1136 post
1793 1068 1843 1122 tri·

1016 1140 1120 1192 mestre
1136 1137 1272 1219 spatium,
1295 1136 1324 1191 in
1339 1136 1449 1192 Naxum
1467 1136 1590 1194 insulam
1611 1136 1754 1207 deportat.
1779 1139 1842 1194 lios

1014 1205 1290 1278 constantinopolim
1299 1206 1432 1263 ducitur:
1448 1220 1499 1263 nec
1517 1208 1655 1263 tamenab
1667 1221 1702 1264 eo
1714 1207 1840 1265 obtineri

1015 1278 1119 1347 665655,
1136 1283 1169 1335 65
1182 1281 1279 1349 typum
1295 1277 1473 1404 6566666665.
1489 1279 1528 1334 lla
1544 1284 1658 1348 propter
1676 1279 1843 1338 chersone-

1013 1364 1076 1406 sum
1100 1351 1312 1421 deportatur,u
1334 1365 1343 1405 i
1363 1350 1444 1407 exsul
1466 1349 1550 1420 obiit,
1570 1356 1597 1406 et
1619 1350 1649 1406 in
1669 1350 1794 1408 ecclesia
1812 1353 1839 1408 S.

1012 1421 1109 1477 llariae
1123 1422 1152 1478 in
1166 1421 1330 1478 blachernis
1345 1421 1477 1491 sepultus
1494 1426 1547 1477 est.
1563 1422 1604 1477 Ex
1622 1422 1686 1492 ejus
1707 1423 1841 1493 epistolis

1012 1493 1046 1548 66
1059 1506 1111 1550 666
1124 1497 1233 1563 6666565
1242 1505 1273 1548 ea
1287 1507 1349 1564 6656
1362 1492 1396 1548 66
1412 1491 1589 1549 Theodorum
1600 1497 1659 1549 est:
1677 1507 1729 1551 seu
1743 1495 1841 1565 potius

1013 1563 1170 1691 frequenta
1179 1565 1308 1635 quaedam
1321 1563 1357 1620 ab
1369 1563 1521 1620 Anastasio
1531 1565 1674 1636 decerpta,
1689 1565 1840 1637 inquibus

1078 1636 1239 1693 oratricem
1255 1649 1335 1692 suam
1351 1641 1466 1692 sanctus
1482 1634 1619 1707 pontifex.

1011 1741 1027 1814 6
1046 1742 1076 1797 V.
1090 1771 1126 1782 -
1144 1744 1182 1797 Ile
1197 1746 1305 1796 auctore
1318 1756 1452 1810 anonymo
1471 1744 1640 1797 narrationis
1657 1759 1762 1809 666665,
1780 1763 1840 1818 prise

1153 1815 1259 1869 saeea'ter
1274 1818 1350 1882 peste
1364 1818 1430 1869 sunt
1442 1815 1473 1867 itt
1487 1813 1515 1868 S.
1532 1815 1692 1870 6566556656.

1045 1903 1153 1962 ductor
1167 1903 1255 1973 hujus
1266 1902 1550 1960 commemorationis
1563 1917 1625 1960 sese
1638 1905 1752 1963 socium
1768 1922 1839 1965 san-

1011 1977 1050 2033 cti
1072 1975 1189 2031 Martini
1206 1974 1311 2045 prodit,
1325 1973 1394 2031 dum
1413 1974 1509 2030 statim
1525 1974 1562 2031 ab
1577 1976 1665 2032 initio
1680 1979 1724 2033 ait
1738 1980 1839 2046 :Quoi-

1011 2047 1075 2103 dem
1096 2047 1205 2117 quidem
1227 2049 1345 2102 66566566
1367 2046 1550 2102 sollicitudine
1570 2049 1657 2102 multo
1680 2050 1837 2116 addiscens,

1006 2121 1190 2192 plurimorum
1217 2121 1307 2173 66566
1329 2119 1439 2188 proprie
1461 2119 1655 2188 contemplator
1674 2123 1778 2187 sectus.
1805 2124 1838 2178 Et

1011 2190 1065 2247 sub
1086 2189 1193 2246 finem:
1219 2190 1285 2245 Viso
1307 2189 1420 2244 mihiel
1444 2189 1541 2243 cadite
1566 2190 1774 2257 dilipeiili‘ssime
1796 2194 1840 2250 66·

1011 2263 1116 2317 clarent
1129 2261 1214 2315 uobis.
1233 2261 1293 2317 Non
1310 2263 1403 2316 tamen
1419 2260 1612 2332 navigationis
1633 2263 1734 2320 socius
1748 2262 1838 2322 luisse

1009 2333 1134 2390 videtur.
1148 2332 1201 2388 Sex
1217 2344 1338 2415 666666
1351 2333 1461 2387 tantum
1473 2331 1586 2414 pueruli
1598 2347 1663 2389 cuin
1673 2334 1701 2391 S.
1712 2335 1838 2395 65665566

1011 2405 1144 2476 navigare
1164 2403 1297 2475 permissi
1317 2407 1394 2460 sunt.
1416 2402 1510 2458 Facile
1531 2403 1623 2475 igitur
1636 2406 1716 2462 credi
1735 2408 1835 2477 possit,

1010 2476 1092 2532 illuni
1106 2480 1204 2531 sancto
1218 2472 1346 2545 pontitlci
1358 2473 1605 2545 constantinopoli
1621 2474 1752 2534 adluisse
1765 2479 1838 2535 sub-

1010 2547 1087 2616 inde,
1098 2560 1163 2603 666
1178 2547 1207 2601 56
1223 2545 1368 2602 delatione
1382 2544 1518 2601 motionis
1529 2547 1627 2602 statim
1640 2547 1676 2602 ab
1686 2547 1837 2607 initiodi-

1008 2623 1108 2675 catur:
1133 2619 1182 2673 Die
1202 2633 1256 2686 pito
1279 2617 1393 2671 domnus
1411 2618 1558 2680 Mammas,
1579 2622 1605 2673 65
1618 2619 1643 2672 i‘s
1662 2621 1712 2688 pai·
1726 2637 1788 2677 cum
1808 2639 1835 2678 eo

1009 2693 1076 2760 erat,
1087 2704 1169 2760 penes
1185 2689 1255 2742 hanc
1269 2687 1362 2742 urbem
1375 2689 1478 2756 replum
1492 2690 1694 2760 applicuerunt.
1712 2690 1782 2760 Qnae
1796 2708 1838 2750 sa·

1008 2761 1048 2816 tis
1065 2760 1219 2817 ostendunt
1241 2759 1489 2830 constantinopoli
1510 2759 1601 2817 luisse
1620 2763 1762 2833 quosdam
1785 2766 1834 2836 665

1007 2831 1181 2888 adversariis
1196 2830 1450 2887 monothelitarum
1465 2831 1656 2888 adhaerebant.
1673 2834 1710 2889 65
1723 2840 1756 2891 65
1776 2839 1835 2893 6565

1008 2916 1184 2974 quaecunque
1199 2903 1228 2958 iii
1241 2915 1305 2958 eum
1321 2901 1477 2958 crudeliter
1489 2907 1516 2958 et
1527 2903 1689 2960 truculente
1701 2905 1743 2961 ibi
1757 2913 1833 2978 gesta

1007 2979 1075 3030 sunt
1101 2974 1250 3043 usquead
1276 2974 1545 3043 transportationem
1571 2975 1602 3030 in
1625 2975 1833 3035 chersonesum

1006 3045 1135 3102 dilucide
1147 3045 1230 3100 nobis
1238 3044 1364 3115 exponit.
1375 3043 1516 3102 Clericum
1529 3046 1615 3102 etiam
1625 3052 1654 3103 et
1663 3050 1832 3108 monachum

1007 3131 1038 3174 se
1053 3117 1159 3188 prodit,
1176 3131 1239 3172 cum
1262 3121 1375 3186 propter
1390 3130 1485 3172 rerum
1508 3117 1736 3190 theologicarum
1754 3123 1833 3191 peri-

1008 3189 1089 3257 tiam,
1104 3194 1163 3243 tuni
1182 3188 1268 3243 etiam
1291 3187 1359 3257 6656
1379 3201 1451 3257 saepe
1477 3188 1504 3243 S.
1521 3190 1676 3246 Martinam
1700 3207 1833 3247 suminam

1008 3260 1173 3318 sacerdotem
1186 3264 1309 3314 nostram
1323 3258 1457 3329 appellat.
1476 3260 1630 3317 blaximum
1644 3275 1722 3334 reio,
1736 3263 1833 3322 domi-

1009 3343 1096 3389 num:
1120 3331 1187 3387 item
1208 3329 1286 3401 quia,
1304 3343 1381 3386 more
1398 3330 1473 3400 apud
1498 3330 1651 3389 monachos
1674 3341 1830 3407 usurpato:

1007 3405 1075 3472 Epo,
1099 3403 1151 3472 655,
1173 3402 1283 3456 humilis
1304 3407 1330 3456 et
1345 3407 1470 3471 peccator
1485 3403 1607 3470 famulus
1625 3409 1746 3461 nestero
1768 3409 1831 3471 Deo,

1007 3474 1173 3528 venerabiles
1193 3475 1297 3527 Patres.
1319 3472 1418 3529 Utrum
1437 3486 1502 3529 vcro
1525 3478 1626 3531 auctor
1644 3477 1784 3535 motionis
1803 3480 1831 3536 ln

1006 3544 1035 3600 6.
1046 3544 1201 3599 Maximum
1212 3542 1293 3599 56656
1308 3542 1383 3600 5666
1399 3543 1438 3602 655
1449 3559 1515 3602 666
1526 3552 1642 3602 auctore
1655 3550 1831 3607 narrationis

1006 3614 1083 3672 des.
1101 3614 1239 3698 llartino,
1260 3615 1315 3672 etsi
1333 3621 1409 3673 certa
1426 3622 1593 3689 argumenta
1610 3618 1693 3676 nulla
1712 3620 1832 3679 demun-

1007 3690 1109 3756 strant,
1121 3697 1260 3743 connexio
1275 3692 1367 3743 tamen
1381 3700 1492 3746 reorum
1509 3702 1571 3760 quae
1584 3696 1751 3764 narrantur,
1765 3693 1829 3764 styli

1005 3757 1140 3830 affinitas,
1151 3761 1180 3813 et
1190 3757 1264 3828 quod
1274 3757 1349 3828 apud
1359 3759 1541 3817 6666566566
1554 3760 1717 3833 jungantur
1730 3764 1761 3820 56
1772 3765 1831 3822 col-

1007 3827 1151 3901 lectaneis,
1169 3828 1243 3885 haud
1258 3828 1487 3901 improbabiliter
1498 3831 1574 3905 istud
1591 3833 1740 3892 suadeant.

1156 3919 1173 3992 §
1192 3921 1235 3976 lv.
1254 3921 1347 3975 —Dc
1365 3920 1515 3977 Anastasio
1533 3925 1673 3978 monacho.

1039 4012 1107 4069 Erat
1118 4008 1288 4068 Anastasius
1299 4009 1353 4067 iste
1364 4010 1393 4066 S.
1406 4011 1523 4069 Maximi
1538 4012 1651 4072 abbatis
1664 4015 1829 4090 discipulus

123 4084 239 4154 piterin
256 4083 376 4140 haeresin
391 4084 642 4141 Monothelitarum
658 4085 800 4157 relapsum
814 4087 945 4143 siedam-
1003 4097 1036 4140 ac
1096 4081 1274 4138 rtemiliaris.
1297 4082 1410 4138 hunum
1434 4085 1497 4154 ejus
1519 4085 1639 4141 natalem
1663 4086 1757 4147 luisse
1779 4089 1830 4149 656

121 4167 205 4237 nasse
216 4155 385 4238 6556556665
396 4155 430 4239 ad
445 4156 607 4225 sepulcrum
624 4157 650 4212 S.
666 4158 743 4240 Pet-ri·
753 4158 898 4229 accedens,
914 4158 943 4242 in
1003 4155 1059 4211 scri
1083 4156 1106 4211 it
1124 4153 1240 4238 Cayaeus
1253 4167 1277 4221 r,
1303 4154 1487 4238 emortualem
1510 4170 1576 4214 reio
1593 4154 1656 4214 665.
1680 4162 1782 4219 Exstat
1800 4164 1830 4220 in

121 4224 232 4310 christi
245 4239 385 4309 sauguine
396 4232 486 4310 tincto
501 4228 609 4284 calamo
621 4229 829 4312 depositionem
842 4228 942 4298 Pyrrhi
1002 4226 1190 4310 collectaneis
1201 4224 1348 4309 66665666
1359 4238 1422 4296 cytis
1436 4227 1471 4284 ad
1486 4228 1640 4312 monachos
1648 4230 1834 4318 caralitanos

118 4299 943 4441 5566655·555665556556565666
957 4341 985 4403 6
1001 4297 1868 4440 56565556666555656566666

119 4452 182 4498 nens
192 4441 336 4497 hnastasii
350 4441 493 4524 leguntur,
507 4446 604 4523 potius
615 4438 770 4512 fragmenta
781 4456 841 4497 sive
850 4455 944 4499 excer-
1001 4436 1054 4497 655
1069 4453 1125 4496 666
1137 4437 1191 4522 655
1203 4444 1235 4495 65
1252 4440 1349 4495 cavaeo
1363 4440 1486 4497 ridetur.
1500 4440 1550 4497 hit
1563 4456 1640 4500 enini
1647 4462 1656 4530 3
1671 4447 1751 4503 Nono
1764 4450 1887 4504 liolae

119 4515 168 4581 55
182 4509 697 4690 5““5ξ“,ῗζ”ἶ“,ξζῖξζζ,ζωζῇ·,,,,
712 4635 796 4690 W„
1000 4511 1175 4638 cilicii:
1189 4526 1346 4639 illidit
1356 4515 1713 4661 555665565556,
1722 4535 1888 4649 ..10-

1002 4653 1124 4711 lndictio
1138 4650 1172 4709 55
1185 4656 1215 4710 65
1227 4666 1321 4711 annus
1331 4654 1440 4711 Christi
1452 4653 1505 4713 655
1517 4665 1692 4730 congruunt.

152 4722 802 4796 66666666666666565665565666565666
824 4726 941 4783 ineunte
1473 4765 1478 4778 ·
1599 4768 1630 4781 ··
1670 4768 1677 4781 ·

115 4796 193 4869 Petri
209 4794 303 4851 sedem
318 4794 467 4866 regendam
483 4808 548 4851 acce
570 4796 594 4851 it
613 4797 764 4870 Martinus,
780 4799 866 4869 hujus
885 4813 941 4856 no-
1123 4761 1140 4836 5
1158 4763 1213 4821 VH'
1233 4790 1270 4804 ““
1288 4765 1326 4819 De
1344 4761 1493 4820 mmm
1511 4781 1700 4838 “mmm

117 4867 206 4923 minis
229 4867 350 4938 primus,
382 4866 475 4936 patria
497 4810 615 4943 665666,
638 4874 743 4939 martyr
767 4872 853 4925 etiam
877 4870 940 4927 sine
1033 4873 1114 4930 hlter
1127 4872 1153 4929 6.
1168 4871 1285 4930 Maximi
1306 4872 1470 4943 discipulus
1491 4873 1549 4932 lult
1568 4875 1742 4936 6666566566
1760 4879 1813 4937 5656
1856 4890 1888 4917 ²·

152 4974 290 5032 ,Rufius
305 4974 465 5033 mmmm·
999 4945 1145 5018 presbyter
1172 4950 1200 5001 et
1223 4945 1390 5018 monachus,
1416 4951 1502 5019 65666
1530 4948 1664 5007 666666
1692 4951 1888 5009 6665665,

150 5046 166 5091 b
183 5047 299 5104 careus
312 5048 346 5104 ad
362 5061 408 5103 an.
421 5047 483 5105 550.

150 5130 164 5160 0
182 5117 263 5176 Fabr.
280 5118 353 5176 6565.
368 5120 440 5176 med.
453 5126 522 5178 tom.
534 5120 577 5193 ill,
595 5137 621 5194 p.
639 5119 684 5194 56,
697 5121 766 5180 edit.
781 5123 873 5180 Patav.

148 5190 165 5234 s
180 5188 282 5246 huual.
300 5196 368 5246 toni.
386 5191 419 5260 ll,
432 5207 496 5276 pag.
511 5190 572 5249 365.

147 5265 165 5295 ⁷
180 5262 212 5319 ln
223 5261 291 5318 666.
304 5261 377 5325 6565.
391 5262 510 5319 coislin.
532 5265 607 5334 apud
626 5263 769 5324 hlontlauc
795 5280 829 5337 pa
850 5266 935 5326 ,305

113 5327 305 5462 15{conibet
321 5334 355 5390 66
375 5333 402 5390 6.
424 5334 539 5390 hiaxim.
559 5341 579 5391 5.
597 5339 618 5407 l,
635 5350 662 5408 p.
679 5334 745 5409 cic,
765 5340 797 5404 11,
850 5383 857 5412 ,
874 5339 936 5415 585,

150 5490 167 5532 6
186 5468 259 5534 6565.
276 5465 325 5535 cr.
342 5482 409 5536 tom.
426 5478 494 5551 llll,
512 5493 573 5552 pap.
588 5477 650 5538 729.

149 5548 167 5593 h
181 5545 324 5634 raptae.

1032 5053 1040 5096 l
1064 5055 1147 5127 Pagg.
1164 5050 1241 5111 t-ac.

1030 5125 1040 5180 i
1064 5125 1134 5197 Opp.
1152 5130 1220 5182 tom.
1232 5128 1278 5184 lli.

1032 5196 1140 5253 kTom.
1158 5199 1227 5270 lili,
1242 5212 1305 5271 pag.
1318 5194 1380 5270 655,
1393 5211 1471 5260 666.
1488 5195 1532 5261 35.

1032 5268 1141 5324 tconc.
1159 5275 1226 5325 tom.
1243 5273 1277 5342 ll,
1295 5284 1356 5343 pag.
1373 5270 1434 5329 656.

1032 5341 1190 5397 nhthenaei
1207 5341 1298 5414 Rom,
1311 5356 1372 5417 pag.
1389 5342 1452 5402 653.

1030 5412 1129 5482 5066.
1146 5417 1214 5470 566.
1232 5413 1277 5484 lli,
1289 5428 1354 5487 pag.
1369 5413 1430 5473 565.

1031 5508 1045 5538 0
1060 5483 1160 5543 hunul.
1174 5486 1271 5542 Franc.
1287 5489 1353 5543 tom.
1371 5487 1417 5553 lli,
1432 5503 1494 5563 pap.
1512 5487 1573 5550 556.
1619 5496 1621 5500 ·

1030 5553 1413 5630 ,Mmffimffi
