3876 6090
188 257 253 321 teet
551 325 556 333 ,
579 256 726 316 APPEND.
747 254 795 313 Ab
814 252 894 312 ΜΒ.
915 251 965 312 IX.
982 280 1018 294 -
1034 249 1212 311 AUOEORES
1236 251 1321 309 ANNl
1339 250 1488 310 menum.
1825 244 1890 306 teti

186 385 263 442 illios
277 386 429 450 advenerit,
444 384 576 441 meunt
586 384 674 438 cinon
687 384 810 450 nepetor,
820 379 906 449 iaetu
920 376 1014 434 trodi-
1025 376 1056 438 A
1069 377 1150 434 audit
1164 395 1171 446 3
1201 376 1279 434 siout
1299 375 1469 451 Tbletberga
1489 368 1626 447 luit,'cul
1643 388 1698 433 rex
1715 373 1888 431 securitatem

187 479 427 533 domsoenonum.
1068 467 1200 525 idoneam
1218 465 1350 524 veniendi
1376 467 1504 524 tribuere
1529 465 1635 525 noluit
1662 464 1805 535 Septimo,
1833 464 1888 534 poia

425 564 502 621 cvii.
515 592 551 603 -
561 559 731 618 uiuentes
750 559 770 614 l.
1068 555 1197 628 profanis
1209 555 1298 628 gestis
1312 555 1555 629 subscripserunt,
1572 561 1602 613 et
1621 554 1701 612 alios
1718 551 1888 610 subscribere

448 648 539 723 (Anno
554 649 656 706 christi
673 644 750 718 858.)
1067 647 1280 723 compulerunt,
1294 653 1322 705 et
1336 649 1377 703 tot
1388 647 1550 703 animarum
1565 645 1608 702 rei
1634 640 1795 700 constituti
1823 646 1888 709 sunt,

223 744 369 814 Nicolaus,
393 740 509 799 natione
535 739 689 807 Romanus,
712 750 747 793 ex
767 738 846 806 patre
866 733 1014 791 Theodoro
1070 744 1148 811 quot,
1177 745 1275 811 utpote
1302 739 1512 811 preminentes,
1529 735 1560 792 ln
1580 735 1637 792 boc
1650 732 1742 790 verbo
1765 730 1809 787 rel
1827 729 1888 788 laeto

190 833 362 906 regionario,
379 831 454 888 sedit
468 842 560 886 annos
573 839 685 898 novem,
701 838 811 882 menses
825 821 1015 894 septennes
1071 827 1317 895 prevaricationis
1332 825 1525 900 precipitium
1540 823 1760 881 submiserunt.

190 922 391 982 novemdecim.
406 920 459 976 llic
472 934 489 976 a
504 920 630 975 Romano
649 915 725 972 clero
739 918 768 971 et
782 912 887 984 populo
906 909 1015 970 unani·
1105 916 1179 974 ldem
1206 932 1337 977 summus
1368 914 1496 988 pontifex
1519 913 1549 972 iu
1571 913 1631 970 alia
1652 908 1792 982 epistola,
1816 922 1889 982 pem

190 1013 275 1069 miter
289 1012 407 1081 electus,
421 1011 558 1081 presente
568 1010 597 1064 et
605 1004 840 1076 iubentetlesare
851 1000 1013 1071 Lodnwioo,
1069 1005 1240 1065 Viennensis
1253 1003 1610 1074 Ecclesienrcbiepisoopo
1616 999 1754 1071 scripsit,
1768 998 1892 1069 depond-

94 1152 96 1157 .
189 1107 233 1161 est
246 1104 438 1161 consecratus.
455 1099 507 1154 llic
526 1098 661 1153 loannem
679 1094 845 1164 episcopum
865 1092 1016 1146 navenma-
1070 1094 1183 1163 deibus,
1198 1097 1248 1168 poi
1261 1096 1360 1169 aliqua
1383 1093 1555 1167 egritudine
1568 1092 1766 1161 occupantur,
1790 1088 1891 1144 decreto

189 1195 246 1248 tem
262 1189 352 1247 multa
364 1193 464 1246 contra
480 1184 617 1242 canonica
640 1182 774 1239 instituta
798 1182 1015 1251 presumentem
1070 1186 1172 1242 statuit
1185 1199 1241 1242 nom
1253 1198 1316 1242 esse
1327 1184 1515 1255 abjiciendos,
1528 1178 1666 1237 necatios
1676 1178 1710 1234 in
1724 1188 1823 1233 eornm
1838 1175 1891 1231 loeo

189 1277 391 1336 communione
410 1274 543 1347 priuauit,
566 1272 617 1345 qni
634 1270 722 1328 terad
745 1269 885 1341 synodum
907 1266 1016 1323 liiieiii
1069 1274 1286 1331 consecrandos.
1305 1273 1364 1329 nisi
1383 1285 1418 1328 ex
1439 1271 1491 1326 boc
1510 1268 1574 1326 luce
1594 1264 1712 1324 luerint
1738 1263 1892 1321 subtracti:

190 1372 317 1438 uocatus,
331 1365 429 1422 venire
442 1361 615 1432 contempsit
629 1379 636 1416 :
649 1359 697 1417 sed
708 1362 805 1430 postea
815 1354 1016 1412 misericordia
1071 1361 1117 1420 sed
1130 1363 1165 1418 de
1179 1361 1341 1418 ministerio
1352 1373 1462 1432 eorum,
1479 1371 1543 1430 que
1556 1359 1626 1413 sunt
1649 1353 1749 1418 licita,
1770 1353 1893 1410 sucerdo-

191 1459 295 1527 motns,
312 1453 404 1511 eidem
418 1448 690 1509 humiliterveniam
709 1444 866 1517 postulanti
884 1456 1018 1501 commu·
1071 1458 1114 1510 ees
1128 1451 1259 1522 expleant
1273 1468 1281 1519 3
1296 1450 1325 1506 pp
1342 1449 1389 1506 pig
1403 1461 1478 1519 epp-0,
1494 1458 1558 1518 (μη
1574 1445 1619 1501 eis
1634 1456 1694 1500 non
1710 1442 1811 1513 ticeps,
1830 1446 1896 1502 pipp.

190 1543 306 1600 niouem
320 1541 462 1599 reddidit:
476 1539 719 1596 cuiintereaetera
733 1535 762 1590 in
774 1530 1015 1603 mandatisdedit,
1072 1554 1174 1598 mrum
1197 1539 1395 1610 episcoporum
1416 1535 1529 1593 ansilla
1543 1533 1756 1605 subrogentur.
1783 1532 1849 1589 item
1868 1534 1894 1590 in

191 1635 224 1689 ut
235 1631 385 1701 episcopos
401 1627 602 1700 perdlmiliam
614 1638 671 1682 non
682 1626 871 1694 consecraret,
884 1620 942 1677 nisi
955 1623 1018 1690 post
1071 1630 1166 1688 edem
1191 1628 1336 1700 precepit,
1352 1639 1388 1683 me
1402 1624 1540 1697 episcopi,
1564 1622 1616 1696 qui
1631 1620 1783 1680 bominlci
1810 1622 1897 1695 gregis

191 1717 464 1784 electionemdncis,
483 1720 512 1771 et
524 1713 634 1783 clerici,
645 1709 790 1782 etpopuli,
805 1707 1017 1780 perepistolam
1031 1710 1056 1771 B
1072 1732 1170 1777 euram
1191 1720 1389 1789 susceperunt,
1409 1727 1426 1771 a
1444 1712 1661 1771 ministratione
1685 1724 1788 1768 eorum
1807 1711 1898 1768 dboe-

191 1807 357 1880 apostolice
371 1805 449 1862 sedis
463 1803 600 1875 presules
607 1815 656 1858 eos
667 1798 854 1857 consecrandi
870 1797 1018 1854 licentiam
1072 1808 1151 1867 (tane,
1168 1808 1247 1878 item,
1264 1820 1316 1863 nee
1330 1804 1441 1875 cleriei,
1454 1803 1506 1876 qni
1520 1803 1551 1858 im
1562 1800 1765 1859 adolescentia
1776 1798 1898 1857 ademe

192 1897 343 1967 acciperet.
356 1895 431 1952 idem
444 1890 572 1964 pontifex
582 1888 895 1963 quemdamdiuoonum
906 1891 1018 1956 aposto·
1073 1896 1161 1955 nibus
1172 1898 1386 1969 cognoscuntur
1395 1889 1772 1964 oppressiadsuperiorem
1785 1889 1894 1962 gradun

192 1985 277 2042 iioom
293 1984 387 2041 sodon
400 1981 600 2053 appellarem,
612 1978 791 2049 abepiscopo
804 1990 857 2034 ooo
875 1975 1019 2033 invidiose
1073 1986 1224 2042 ascendere
1237 1983 1450 2057 memorentur,
1466 1984 1522 2037 em
1538 1979 1614 2050 (onst
1632 1976 1683 2050 oo,
1700 1991 1727 2035 e.
1746 1979 1896 2052 reperio

191 2074 364 2144 repositum,
379 2070 475 2128 oiioio
488 2082 541 2128 suo
561 2066 847 2137 esturnellorum
868 2064 937 2136 noio
956 2064 1020 2120 sino
1074 2073 1159 2131 arbor
1172 2069 1635 2140 eoensroreoeemnnommem,
1651 2067 1775 2125 innexo
1788 2067 1896 2140 sintque

192 2168 269 2220 corto
283 2174 400 2219 ooooro
424 2162 634 2230 opiscoporum,
653 2157 712 2213 iioo
733 2155 797 2212 oioo
817 2152 952 2210 oriminis
965 2165 1021 2223 on-
1074 2176 1135 2219 em
1149 2162 1316 2230 inermem,
1330 2161 1418 2217 senec
1432 2158 1578 2216 verunae
1603 2169 1657 2213 nse
1681 2156 1832 2213 sennem
1853 2170 1897 2213 e

193 2251 373 2324 probatione,
385 2255 415 2306 et
435 2251 498 2308 sine
518 2248 578 2305 oris
604 2243 781 2318 professione
803 2244 864 2314 lpse
879 2241 1020 2299 dlaconus
1075 2266 1139 2310 pum
1164 2251 1354 2309 pompedium
1381 2252 1573 2320 perpetratum
1592 2251 1646 2304 eso
1672 2246 1705 2302 st
1720 2258 1791 2303 vero
1809 2245 1896 2317 aitqua

193 2337 288 2398 iiiiii
298 2340 459 2412 judicatus,
484 2349 596 2394 0⁰¹¹¹⁰iii
613 2334 693 2391 illam
719 2332 827 2403 iudicii
849 2329 1019 2388 sententiam
1075 2339 1215 2412 cnlpauel
1230 2339 1360 2412 neglectu
1382 2351 1481 2395 eornm
1503 2335 1658 2393 morientis
1681 2334 1814 2393 bominis
1827 2335 1897 2406 peri·

193 2429 325 2500 cassavit,
339 2432 368 2485 ii
380 2428 415 2485 ii
433 2424 619 2484 rectitudinis
633 2422 777 2480 tramitem
789 2419 945 2491 apostolica
965 2417 1022 2488 pie
1074 2429 1364 2501 culumcognoscitur
1379 2427 1529 2499 eveniisse,
1544 2425 1707 2496 abjiciendi
1722 2425 1896 2499 snntgradn,

193 2523 251 2577 tate
265 2531 380 2575 musam
392 2515 518 2574 reduxit.
1075 2523 1104 2574 et
1113 2518 1278 2575 nullatenus
1288 2518 1318 2573 in
1331 2529 1412 2574 sacro
1426 2515 1527 2573 ordine
1537 2514 1734 2586 suscipiendi.
1750 2516 1820 2571 ltem
1835 2527 1898 2571 con·

229 2609 321 2678 liujus
335 2605 481 2679 pontilicis
491 2602 670 2674 temporibus
679 2599 834 2658 Lotbarins
844 2611 893 2655 rex
901 2608 1021 2654 uxorem
1075 2607 1172 2677 cessit,
1196 2612 1228 2663 ut
1244 2605 1313 2678 vert,
1334 2605 1384 2677 qui
1401 2603 1808 2676 montemmaranum
1825 2615 1898 2675 ψη

194 2697 365 2770 legitimam,
390 2691 727 2763 ¹i⁰ffli¹10Tiii⁰iiiiigifflr
747 2687 872 2757 dimisit,
888 2690 917 2742 ii
935 2683 1022 2741 Wii·
1075 2696 1219 2768 videntur,
1233 2695 1258 2752 si
1274 2695 1459 2752 secontinere
1469 2707 1527 2751 non
1539 2697 1675 2765 possunt,
1688 2697 1759 2764 post
1767 2699 1897 2764 peractam

194 2785 312 2842 dradam
335 2782 524 2841 concubinum
548 2781 578 2837 in
610 2776 825 2836 matrimonium
851 2772 1018 2844 assumpsit
1076 2784 1272 2857 penitentiam
1282 2782 1564 2856 propterpericulum
1578 2781 1796 2841 fornicationis
1807 2794 1899 2839 uxores

193 2876 285 2946 liujus
299 2879 394 2931 anem
409 2872 527 2930 sceleris
549 2874 681 2929 auctores
704 2872 733 2925 et
750 2865 914 2924 defensores
940 2870 1022 2924 erant
1076 2873 1230 2944 accipiant.

194 2959 594 3036 TbeotgandnsTrcrerensis,
607 2958 716 3030 primas
726 2957 1019 3031 belgiceprovinoie,
1111 2963 1187 3020 ldem
1200 2960 1329 3033 pontifex
1345 2962 1375 3019 ln
1387 2961 1519 3034 epistola,
1532 2973 1619 3033 quam
1635 2959 1747 3019 carolo
1760 2960 1898 3034 legunti-

194 3057 223 3111 et
236 3050 396 3111 Guntarius
406 3046 845 3120 coloniensis‚archiepiscopus
859 3048 938 3106 Unde
954 3058 1060 3124 pree
1078 3053 1160 3109 nemsi
1172 3052 1306 3124 episcopo
1319 3051 1486 3123 destinarit,
1500 3050 1602 3123 uetuit,
1619 3063 1658 3108 ne
1673 3051 1834 3122 episcopus
1846 3049 1898 3122 ple·

193 3143 266 3201 dieti
281 3141 407 3214 episcopi
419 3142 527 3196 Roman
541 3137 634 3195 vocati
648 3135 823 3193 ddnclaliter
835 3141 983 3208 venerunt,
992 3139 1022 3191 et
1075 3140 1139 3198 hem
1153 3139 1398 3198 sibleommissam
1408 3138 1896 3213 iuramentisconstringeretlten,

195 3244 307 3291 summo
321 3229 450 3302 pontiflci
464 3226 595 3285 libellum
608 3225 711 3281 ineestl
726 3226 904 3283 matrimonii
918 3223 1021 3282 delen·
1075 3234 1108 3288 ut
1120 3230 1195 3288 nulli
1206 3229 1372 3288 christiano
1383 3230 1508 3288 lieeatde
1519 3229 1641 3301 propria
1653 3228 1898 3302 consanguinitate

195 3322 305 3379 sionem
325 3318 518 3376 continentem
542 3314 719 3386 obtulerunt,
744 3312 874 3372 dicentes
894 3327 925 3371 se
943 3311 1019 3371 nibil
1075 3319 1136 3376 sive
1147 3319 1317 3391 cognatione
1327 3331 1443 3377 uxorem
1454 3319 1594 3391 accipere,
1612 3332 1713 3391 usqne
1727 3318 1802 3377 dnm
1823 3329 1898 3391 gene-

143 3412 147 3419 ’
196 3411 261 3482 plns
275 3408 406 3466 minnere
417 3407 521 3479 egisse,
538 3405 665 3476 qnamin
678 3404 920 3476 predicootibetlo
931 3403 1021 3460 conti·
1075 3409 1150 3465 rutio
1163 3408 1355 3482 cognoscitur,
1373 3413 1424 3466 ant
1436 3408 1574 3466 memoria
1596 3406 1763 3466 retinetur.
1784 3410 1858 3478 ltem,
1872 3409 1897 3462 ut

195 3499 325 3557 uebatur.
350 3498 403 3554 Sed
429 3496 519 3554 multa
545 3494 575 3550 in
597 3507 630 3550 eo
656 3493 887 3564 continebantur,
913 3491 1021 3565 quibus
1075 3498 1235 3555 sacerdotes
1247 3498 1327 3569 (dist.
1350 3496 1396 3569 50,
1420 3511 1445 3554 o.
1468 3492 1642 3563 Sacerdotes,
1662 3502 1694 3556 et
1724 3513 1755 3557 c.-
1770 3496 1894 3569 Studedl,

196 3589 299 3647 merito
315 3587 345 3644 in
360 3583 750 3657 predictosercbiepiscopos
761 3587 857 3652 postea
865 3581 1021 3651 depositio
1075 3586 1100 3644 si
1112 3587 1142 3642 in
1157 3585 1360 3645 fornicationis
1374 3585 1508 3659 laqueum
1530 3587 1708 3656 ceciderint,
1725 3593 1758 3646 et
1781 3586 1896 3645 criminis

195 3678 242 3734 nis
257 3675 398 3734 sententia
414 3672 620 3746 proferebatur,
645 3671 723 3727 sicui
746 3683 876 3727 summus
891 3667 1019 3738 pontifex
1074 3680 1156 3732 actus
1169 3674 1339 3734 manifestus
1353 3677 1413 3734 sive
1423 3682 1556 3734 ostensus
1568 3674 1672 3748 inerit,
1689 3678 1847 3736 sacerdotii
1859 3677 1895 3733 lo

194 3766 268 3823 dicit
293 3766 322 3821 in
345 3762 467 3834 epistola
481 3774 566 3833 quam
580 3759 731 3815 llbemensi
755 3757 972 3827 nrobiepisoopo
992 3761 1022 3814 et
1075 3778 1172 3822 norem
1196 3765 1299 3823 habere
1325 3766 1461 3823 canonico
1489 3778 1545 3823 non
1569 3766 1687 3837 possint
1717 3768 1773 3825 :gp
1794 3780 1854 3825 vm
1871 3765 1893 3820 ir

194 3853 307 3910 ceteris
320 3852 465 3922 episcopis
486 3852 516 3906 ln
537 3860 623 3919 regno
636 3845 731 3903 Caroli
755 3847 831 3919 regis
850 3845 1021 3918 degentibus
1075 3855 1197 3911 erimine
1209 3853 1530 3913 fornicationisiuerint
1542 3856 1690 3927 accusati,
1708 3861 1741 3914 et
1755 3858 1856 3915 crimen
1869 3853 1895 3910 il·

194 3934 1021 4010 destinavit3etinalia,quamscripsitomnibusepiscopis
1075 3943 1125 4001 lud
1135 3943 1286 4001 meminerit
1295 3943 1521 4016 comprobatum,
1531 3944 1654 4015 autipsi
1668 3958 1733 4004 mom
1752 3944 1895 4004 mileu

196 4029 248 4102 qni
263 4023 1022 4105 erantimregnolodnwici.lnquitenlm,eosdeposi·
1075 4033 1197 4104 verint,
1220 4033 1365 4090 licentiam
1392 4033 1524 4106 babeant,
1544 4033 1569 4090 si
1585 4046 1619 4090 se
1643 4034 1809 4107 voluerint,
1825 4037 1893 4105 jnra-

195 4123 240 4175 tos
250 4115 493 4187 inissezprimun,
503 4113 1023 4188 qniajnssionibusqnnsdeingeltru·
1078 4127 1170 4179 mento
1184 4123 1345 4193 purificare.
1358 4122 1500 4179 semiliter·
1511 4125 1540 4179 et
1552 4122 1688 4194 diaconi,
1702 4125 1731 4181 si
1748 4124 1893 4182 immotae

194 4204 695 4279 deecibietberga,strewaldrada,
703 4202 816 4275 iecerat,
824 4202 1022 4260 inobedientes
1075 4210 1179 4282 cusani,
1195 4213 1418 4283 parapamenos]
1433 4208 1547 4268 femine
1566 4209 1623 4267 sub
1639 4211 1791 4271 velamine
1809 4224 1894 4269 oon&

195 4296 321 4354 luerunt.
333 4294 471 4366 Secundo,
484 4294 553 4365 qnia
560 4293 753 4366 ingeltrudam
762 4291 1019 4348 anathematisvin·
1076 4304 1170 4372 crata,
1182 4300 1207 4355 si
1223 4298 1489 4357 fuerintlornicate
1501 4317 1508 4370 ς
1518 4298 1616 4356 velum
1628 4306 1732 4359 umen
1748 4315 1805 4361 non
1818 4303 1893 4373 depo-

195 4386 260 4444 culo
273 4386 438 4443 innodatam
454 4385 580 4455 recipere
587 4381 767 4440 etabsoluere
776 4385 1022 4451 presumpserunt
1036 4404 1063 4466 D
1075 4393 1153 4456 namt,
1168 4387 1216 4444 sed
1229 4389 1300 4462 iugo
1315 4387 1490 4458 penitentie
1506 4387 1675 4450 submisse.
1690 4389 1730 4447 ad
1740 4391 1895 4463 gratiamne

195 4491 261 4534 cum
274 4475 316 4540 lli,
327 4475 378 4548 qui
391 4473 427 4530 ab
443 4487 500 4531 uno
510 4472 701 4542 abjiciuntur,
712 4469 747 4525 ab
757 4469 826 4526 aliis
838 4481 894 4526 noll
905 4469 965 4525 sini
980 4482 1021 4525 re·
1075 4476 1224 4535 missionis
1233 4476 1368 4534 studeant
1382 4477 1538 4548 pervenire.
1551 4479 1624 4533 Item
1641 4479 1809 4549 patricidas
1819 4484 1847 4536 st
1857 4476 1894 4536 il·

194 4565 337 4636 οὶμίοηᾱί.Ι
350 4565 455 4635 Tertio,
467 4558 814 4634 quiascriptaapostolioa
824 4559 1019 4616 subtrabendo
1074 4565 1194 4624 tricidas
1209 4566 1302 4636 primo
1316 4579 1391 4624 anno
1404 4570 1485 4623 extre
1496 4565 1648 4623 ecclesiam
1668 4573 1755 4626 stare
1766 4567 1892 4642 precepit

195 4659 223 4709 et
236 4653 365 4711 addendo
380 4653 613 4717 transmutantes,
630 4646 768 4706 falsitatis
778 4649 819 4704 rei
839 4647 1020 4705 manifestis-
1073 4654 1199 4712 seeundo
1214 4655 1244 4712 in
1258 4655 1408 4713 eeclesiam
1419 4654 1585 4726 introduci3
1602 4668 1663 4714 non
1676 4662 1894 4716 tameuoomrre

195 4740 449 4798 simeeluruerunt.
457 4737 573 4809 Quarto,
581 4737 1018 4810 quiaadnlteriseomeemserunt,
1075 4745 1191 4800 micare:
1208 4745 1295 4803 tertio
1315 4757 1391 4802 anno
1408 4743 1538 4816 eorporis
1555 4747 1585 4801 et
1608 4747 1775 4820 sanguinis
1795 4744 1891 4806 Domiti

194 4832 224 4885 et
248 4831 358 4885 tantum
387 4827 529 4899 flagitium
556 4824 706 4885 detondere
729 4831 910 4884 tentaverunt
937 4827 1020 4896 juxta
1073 4834 1303 4892 communionem
1319 4835 1362 4892 eis
1376 4833 1468 4893 tribui
1487 4834 1596 4907 lussit:
1620 4848 1747 4896 earnem
1765 4836 1893 4896 eumdn

196 4916 291 4973 illud:
323 4918 360 4973 nt
379 4933 440 4974 cem
460 4917 594 4974 adulteris
620 4919 772 4989 portionem
795 4922 871 4973 tuom
899 4916 1021 4990 poneba
1073 4923 1174 4995 vitem,
1197 4924 1325 4994 exeeptis
1345 4923 1448 4981 diebus
1459 4921 1543 4982 festis
1554 4918 1650 4996 usqu'e
1663 4925 1704 4983 ad
1722 4926 1894 4998 domniciu-

197 5005 290 5075 (Psol.
305 5006 396 5078 nors).
409 5006 526 5079 Quinto,
543 5008 613 5080 qnia
625 5007 661 5064 de
671 5007 796 5080 negotio,
806 5008 882 5066 unde
903 5008 938 5065 ad
962 5011 1019 5066 lio-
1075 5016 1152 5083 nent,
1166 5012 1264 5071 vinnm
1279 5017 1308 5071 et
1322 5013 1501 5086 pulmentum
1520 5026 1636 5071 sumere
1649 5026 1713 5072 non
1733 5014 1892 5089 prsmmut

196 5107 308 5154 mamam
321 5094 415 5151 seem
437 5094 530 5153 luerat
548 5096 732 5167 appellatum,
750 5101 851 5167 preter
866 5101 1021 5160 auctorita·
1075 5101 1133 5158 nisi
1152 5107 1211 5159 tres
1222 5103 1286 5160 dies
1303 5116 1356 5174 per
1376 5102 1602 5160 hebdomadam:
1618 5115 1783 5166 armenon
1797 5106 1892 5179 omi·

195 5189 253 5242 tem
267 5180 634 5255 apostolicamjudicareac
644 5184 1020 5258 dedniretemerepresum-
1073 5191 1132 5249 nisi
1146 5197 1244 5250 contra
1257 5205 1400 5266 paganos:
1412 5197 1441 5250 et
1458 5191 1538 5250 nullo
1559 5172 1893 5260 eebieulo'dednenuion

197 5275 335 5344 pserunt:
347 5270 423 5343 qnod
445 5270 611 5328 nullatenus
632 5272 709 5330 licet.
727 5274 822 5346 sexto,
838 5274 907 5346 quia
921 5277 974 5335 boc
986 5280 1017 5338 im
1073 5281 1121 5339 sed
1134 5281 1254 5354 pedites,
1269 5295 1326 5354 quo
1337 5281 1450 5355 debem,
1461 5281 1700 5354 pronciscentmr.
1712 5286 1809 5358 Huius
1819 5281 1894 5359 peu·

126 5446 130 5450 ῃ
196 5362 326 5421 absernm
351 5362 532 5434 peregerunt,
558 5367 658 5418 contra
684 5361 777 5419 illud:
796 5364 837 5420 lile
868 5368 1017 5426 mobdieos
1074 5371 1746 5445 tentiaetempnslnarbitrioslteplsooplluta
1758 5386 1893 5435 summme

194 5454 279 5510 suedo
288 5453 385 5521 tund.
402 5449 477 5525 nin).
488 5448 598 5508 Surdus
608 5463 731 5522 namque
742 5453 951 5524 quodammodo
961 5465 1015 5533 est,
1072 5459 1179 5518 tionem
1194 5460 1323 5533 illorum,
1337 5460 1512 5519 abbreviare.
1525 5461 1555 5518 Si
1573 5476 1700 5522 uxorem
1714 5464 1830 5538 babent
1845 5475 1890 5521 ror

195 5544 247 5617 qui
262 5543 293 5601 in
304 5541 435 5602 mentia
449 5540 572 5614 positus,
588 5554 651 5615 qne
671 5539 729 5599 sibl
749 5540 938 5620 obiiciantur,
958 5563 1016 5610 nom
1066 5553 1237 5622 separentur
1248 5566 1256 5623 3
1269 5549 1318 5608 sed
1331 5549 1359 5612 si
1370 5563 1437 5610 vero
1448 5563 1505 5609 non
1523 5549 1641 5624 hunt,
1659 5557 1693 5611 et
1711 5567 1745 5612 ss
1757 5553 1890 5613 endem
