3892 6090
181 221 236 280 583
795 219 976 278 ANASTASH
998 218 1268 279 monomachum
1830 224 1885 284 hut

182 346 437 417 licetsuccessara,
449 347 565 415 propter
574 344 694 416 zizania,
709 359 772 417 quae
785 345 933 402 nascitura
946 342 1262 416 foreAamplecteutes
1285 361 1348 418 qaae
1363 347 1456 404 sancti
1480 347 1565 406 nobis
1587 351 1685 408 Patres
1710 351 1741 408 iu
1767 351 1886 424 synodis

184 442 345 508 sperantur,
366 434 493 491 animum
519 438 647 491 nostrum
670 433 751 490 valde
771 434 926 505 concussit,
948 432 1005 490 nisi
1061 434 1258 506 tradiderunt3
1276 436 1350 492 nihil
1365 436 1430 492 fidei
1441 437 1587 508 addentes,
1600 452 1651 495 nec
1665 438 1839 497 auferentes.
1853 441 1887 497 Bt

183 524 408 598 diligentissima
423 536 509 579 manu
524 527 552 579 et
563 522 731 580 cautissima
743 536 812 580 cura
836 522 1006 604 priusquam
1061 523 1171 580 idcirco
1186 539 1249 595 quae
1269 524 1299 581 in
1313 539 1461 597 personam
1476 526 1605 598 predicti
1621 527 1723 598 Pyrrhi
1737 527 1887 586 dihluieri·

184 612 538 672 crescantetbominicam
554 626 672 671 messem
689 610 828 669 suffocent
841 611 1008 681 exstirpen-
1062 627 1135 683 mus,
1163 612 1192 669 in
1208 614 1315 671 litteris
1339 629 1413 686 quas
1436 616 1470 671 ad
1484 616 1543 685 jam
1559 622 1747 674 memoratum
1770 615 1888 674 fratrem

185 709 241 761 tur.
256 702 502 774 Debueratigitur
515 703 652 775 Pyrrhus,
666 701 838 774 quisauctis
851 699 1007 756 lieiEccle·
1061 709 1090 758 et
1109 703 1308 773 coepiscopum
1334 708 1464 761 nostrum
1488 705 1631 777 misimus,
1654 707 1826 779 agnoscetis.
1853 705 1891 764 Ut

185 794 239 851 siis
252 792 419 850 scandalum
434 792 595 862 seminavit,
611 791 755 848 canonica
770 791 851 863 prius
872 788 1007 846 animati·
1062 789 1153 863 igitur
1167 791 1334 849 scandalum
1346 793 1465 850 minime
1480 791 1579 850 futuro
1590 797 1888 866 temporcgencretur,

184 882 309 941 versioni
331 881 475 953 submitti,
505 885 533 938 et
555 886 617 938 tum
643 881 778 952 praelatus
799 879 888 936 frater
911 880 1008 934 postu
1062 880 1218 937 secundum
1235 882 1382 952 prefixum
1397 882 1513 939 modum
1529 883 1685 957 diligenter
1700 897 1781 940 sacra
1797 885 1891 955 provi·

185 972 291 1030 Panlus
303 970 428 1028 sacrari:
445 984 480 1027 ne
494 969 567 1028 forte
577 974 702 1041 tempore
714 969 813 1040 aliquo
826 968 861 1025 de
869 965 1008 1037 ejectione
1062 968 1159 1025 dentia
1173 971 1356 1044 exstinguere
1371 976 1461 1028 curet.
1490 974 1525 1028 Et
1547 987 1591 1029 res
1608 973 1723 1044 quidem
1752 973 1816 1043 ipsa
1838 985 1891 1030 uos

186 1075 239 1118 sua
251 1060 413 1132 quampiam
435 1073 465 1116 se
489 1063 569 1129 putet
584 1057 793 1130 querimoniam
818 1056 1007 1126 objecturum,
1065 1059 1199 1130 magisad
1211 1060 1427 1118 tribulationem
1438 1063 1609 1133 provocavit,
1621 1066 1649 1118 et
1660 1061 1807 1119 nascitura
1820 1063 1893 1119 ziza·

187 1150 262 1222 quod
278 1149 376 1206 odium
391 1148 564 1205 sustinuerit
578 1147 723 1218 populare,
737 1150 765 1203 et
778 1146 805 1202 vi
818 1145 920 1216 pulsus
930 1142 1012 1201 llbel·
1066 1146 1114 1203 nla
1124 1148 1297 1218 conjecturis
1308 1149 1488 1219 probabilius
1501 1149 1674 1220 informavit,
1687 1151 1826 1222 quoniam
1841 1165 1892 1222 per

187 1240 248 1295 lum
263 1237 384 1308 dederit,
404 1243 432 1293 et
453 1251 534 1294 suam
556 1236 711 1293 Ecclesiam
734 1234 911 1303 refutaverit,
934 1235 1012 1291 sicut
1066 1234 1179 1292 litteras
1201 1242 1309 1293 vestras
1324 1239 1492 1308 praedictum
1517 1239 1655 1310 Pyrrhum
1673 1239 1892 1296 sanctissimum

188 1326 273 1384 uobis
284 1325 449 1383 fraternitas
457 1331 551 1382 vestra
564 1325 734 1396 perlitteras
744 1337 812 1380 suas
825 1323 1008 1395 significavit.
1066 1325 1249 1383 nominastis.
1264 1327 1292 1383 Si
1309 1327 1384 1383 enim
1398 1328 1456 1384 alia
1471 1333 1624 1398 taceamus,
1639 1332 1667 1385 et
1680 1329 1755 1385 nihil
1770 1328 1893 1386 omnino

188 1415 283 1473 Facile
306 1416 413 1487 quippe
428 1418 577 1472 mutantur
601 1413 741 1484 homines,
757 1418 786 1468 et
809 1411 924 1484 quidem
951 1411 1013 1467 ah-
1068 1414 1194 1485 peccavit
1208 1421 1259 1471 aut
1274 1415 1303 1471 in
1325 1416 1505 1488 religionem,
1521 1417 1616 1473 autin
1635 1417 1795 1474 doctrinam
1812 1416 1893 1487 fidei,

191 1506 304 1576 quando
313 1517 347 1560 ex
357 1503 424 1560 odio
435 1501 663 1559 addilectionem
677 1505 843 1573 assurgunt,
855 1500 1012 1571 aliquando
1067 1505 1095 1556 et
1119 1515 1170 1557 nec
1196 1516 1250 1559 urna
1271 1503 1355 1573 culpa
1379 1517 1445 1560 eum
1460 1504 1625 1575 damnavit3
1648 1504 1833 1575 quamobrem
1856 1504 1896 1561 de

189 1607 254 1650 vero
269 1590 789 1650 adilectioneinodiumdilabuntur.
806 1590 866 1660 Quo
880 1603 947 1662 crgo
963 1601 1013 1660 pro
1069 1590 1185 1660 propria
1210 1595 1253 1647 est
1278 1593 1405 1662 dejectus
1430 1592 1581 1650 Ecclesia?
1602 1593 1654 1650 Sed
1680 1592 1802 1650 fortasse
1825 1591 1896 1665 quis

190 1696 286 1749 causa,
298 1680 550 1754 quedissimuiari
563 1680 660 1737 lutura
669 1684 736 1737 sunt
747 1679 864 1751 provido
881 1693 937 1736 non
949 1693 1014 1735 con·
1029 1676 1055 1737 B
1068 1678 1185 1751 dixerit,
1202 1680 1332 1752 generale
1347 1680 1401 1737 hoc
1413 1681 1512 1738 odium
1528 1680 1606 1737 fecit.
1625 1682 1677 1738 Sed
1697 1681 1828 1755 vulgaris
1842 1685 1897 1737 tu-

190 1772 364 1843 tempiantur
378 1771 500 1842 obtutu3
523 1784 558 1826 ne
571 1769 645 1827 forte
664 1769 832 1840 proveniens
847 1768 1013 1825 scandalum
1069 1769 1177 1825 multus
1189 1769 1238 1839 lus
1248 1771 1401 1827 sacerdotii
1412 1769 1525 1828 auferre
1538 1784 1594 1827 nou
1610 1775 1711 1842 potest,
1726 1783 1776 1827 nec
1792 1769 1896 1827 odium

190 1860 280 1917 variis
307 1859 505 1917 simultatibus
519 1858 674 1916 Ecclesiam
686 1858 736 1914 Dei
760 1857 915 1915 discindat.
942 1857 1015 1913 Sunt
1068 1871 1149 1915 sacro
1159 1873 1330 1931 quemquam
1341 1859 1603 1917 ordinedeuudarc.
1619 1858 1775 1917 Manifesta
1786 1858 1899 1930 quippe

191 1950 328 2021 capitula,
344 1949 452 2022 qulbus
465 1949 619 2020 predictus
631 1948 757 2019 Pyrrhus
769 1946 906 2004 canonice
921 1950 1014 2017 potest
1069 1951 1137 2003 sunt
1151 1948 1295 2004 canonica
1310 1962 1413 2020 causae,
1431 1963 1493 2020 quae
1508 1950 1574 2018 jura
1593 1948 1747 2005 sacerdotii
1763 1947 1898 2004 recidere

192 2039 228 2096 ab
242 2040 320 2097 omni
342 2039 512 2096 sacerdotali
528 2039 630 2096 ordine
654 2037 732 2110 pelli.
753 2037 882 2094 Primum
897 2037 1013 2108 quidem
1070 2040 1199 2106 possunt·
1215 2036 1277 2092 Nisi
1293 2037 1368 2093 enim
1386 2043 1496 2094 naturae
1511 2051 1596 2095 causa
1612 2037 1714 2109 presul
1729 2036 1898 2108 exstingua-

193 2130 262 2201 quia
287 2129 460 2197 Heraclium,
487 2128 538 2200 qui
567 2127 819 2184 anathematizavit
843 2125 1015 2183 catholicam
1070 2131 1128 2197 tur,
1140 2125 1294 2183 Ecclesiam
1310 2128 1372 2197 ejus
1384 2126 1461 2184 alius
1477 2141 1534 2184 non
1550 2131 1641 2198 potest
1658 2123 1898 2196 irreprebensibi-

193 2217 277 2276 fldem
303 2224 331 2276 et
356 2221 452 2275 Patres
481 2218 637 2274 orthodoxe
661 2217 826 2288 sentientes,
855 2217 884 2272 in
910 2214 1017 2271 litteris
1071 2213 1137 2271 liter
1151 2215 1371 2284 apprehendere.
1386 2217 1421 2271 Et
1445 2216 1503 2271 haec
1524 2216 1640 2285 quidem
1662 2228 1718 2272 non
1742 2213 1899 2269 contradi·

193 2309 256 2367 suis
278 2306 413 2366 laudibus
440 2307 555 2378 extulit,
583 2312 612 2362 et
628 2321 689 2376 ‘per
715 2305 938 2376 subreptionem,
968 2317 1017 2374 per
1070 2307 1165 2359 centes
1181 2303 1357 2360 ordinationi
1371 2303 1501 2374 praedicti
1513 2303 1613 2360 fratris
1623 2303 1714 2360 nostri
1725 2301 1809 2358 Pauli
1825 2302 1898 2358 scri·

195 2398 332 2470 quosdam
343 2397 503 2453 sacerdotes
513 2395 562 2466 qui
577 2395 817 2465 subscripserant,
829 2393 1016 2463 sophisticam
1071 2391 1177 2464 bimus,
1203 2393 1250 2449 sed
1276 2392 1381 2450 vulnus
1404 2393 1496 2449 latens
1520 2399 1549 2449 et
1575 2392 1745 2450 absconsum
1767 2391 1900 2447 medente

195 2486 448 2558 quoquechartam
467 2482 803 2552 adversusapostoiicam
820 2482 901 2538 iidem
917 2481 1018 2537 condr·
1073 2494 1158 2538 manu
1182 2481 1374 2553 adaperimus,
1404 2495 1439 2537 ne
1465 2482 1495 2537 in
1523 2481 1623 2538 vitalia
1651 2481 1761 2537 viscera
1783 2493 1897 2550 serpere

197 2587 273 2629 mare
289 2573 481 2644 presumpsit,
497 2577 525 2629 et
548 2573 577 2628 in
603 2571 728 2642 publicis
751 2570 825 2627 locis
845 2570 1018 2637 suspendere
1072 2570 1174 2642 possit,
1189 2584 1299 2626 omnem
1315 2570 1529 2627 immunditiam
1554 2569 1649 2626 fetida
1663 2569 1830 2640 putredinis
1844 2582 1898 2624 me

196 2660 354 2732 festinavit,
367 2662 450 2733 quasi
462 2674 560 2718 novam
572 2660 691 2717 lidcmet
701 2659 860 2731 symbolum
875 2659 1019 2715 suscitans
1071 2658 1238 2715 dicinaliter
1251 2658 1463 2732 exhaurientes,
1484 2665 1512 2716 et
1528 2674 1590 2731 quae
1609 2664 1729 2730 possunt
1744 2657 1808 2714 fieri
1823 2656 1897 2713 dili-

195 2757 293 2808 contra
318 2756 444 2808 sancum
486 2749 740 2806 chalcedonensem
773 2748 933 2821 synodum;
956 2762 1021 2819 pm·-
1072 2749 1168 2821 gentia
1184 2748 1308 2819 proridae
1332 2748 1485 2805 incisionis
1500 2752 1689 2820 penetrantes,
1709 2760 1766 2803 non
1784 2748 1817 2803 ut
1840 2744 1896 2800 haec

199 2854 262 2896 nam
273 2839 392 2896 minime
404 2844 500 2896 vertas
508 2838 607 2895 aeterui
613 2837 719 2908 judicii
730 2842 775 2907 ,et
783 2837 932 2894 anathema
941 2837 1017 2909 quod
1072 2837 1143 2895 liant
1157 2843 1295 2908 optantes.
1307 2839 1377 2894 Nam
1393 2838 1576 2910 saepedictum
1590 2838 1706 2894 fratrem
1723 2839 1856 2893 nostrum
1868 2835 1893 2890 iu

197 2928 323 3001 positum
333 2933 377 2985 est
389 2928 418 2983 iu
430 2927 527 2984 eadem
543 2926 815 2984 chalcedonensium
827 2927 948 2998 synodo,
961 2941 1018 2998 quo
1072 2927 1232 2984 visceribus
1245 2927 1349 2984 mentis
1364 2934 1468 2984 nostrae
1479 2926 1697 2999 complectimur
1705 2930 1736 2982 et
1750 2924 1892 2982 fovemus:

198 3029 280 3074 nemo
309 3016 425 3089 inquam
447 3021 545 3074 sancto
571 3015 748 3086 mathemati,
777 3015 805 3071 id
832 3019 876 3071 est
899 3014 1018 3073 colendo
1033 3000 1057 3061 C
1073 3017 1120 3074 sed
1135 3030 1170 3074 ue
1183 3017 1339 3074 schismata
1354 3015 1432 3088 liant,
1447 3015 1572 3073 fraterna
1588 3014 1769 3087 providentia
1784 3018 1815 3071 et
1829 3012 1893 3069 alfe·

198 3105 336 3178 symbolo,
371 3104 529 3178 quidquam
557 3104 661 3162 addere
688 3104 730 3160 vel
762 3104 891 3162 minuere
913 3105 1018 3161 audere
1072 3107 1168 3163 ctione
1190 3105 1358 3164 dilectionis
1373 3111 1531 3170 terremur:
1548 3109 1690 3177 quaterms
1714 3103 1892 3174 episcopans

155 3271 158 3277 ἱ
193 3199 341 3266 pertentet.
363 3195 522 3252 Praedictus
545 3201 640 3252 autem
664 3193 791 3265 Pyrrhus
806 3207 857 3250 nec
873 3199 1019 3267 protesta-
1072 3193 1895 3267 eiusmanusimpositiouullomodomaculetur.Deuiqm

193 3284 271 3341 tione
282 3289 438 3341 conventus
452 3298 469 3341 a
483 3284 621 3354 pravitate
637 3295 690 3339 sua
703 3283 834 3339 recedere
847 3297 949 3355 passus
962 3288 1015 3339 est.
1074 3285 1254 3356 interemptis
1268 3289 1296 3341 et
1309 3284 1456 3341 suffocatis
1471 3282 1688 3355 schismatibus,
1702 3289 1732 3338 et
1747 3281 1821 3338 fides
1836 3293 1899 3353 que

194 3372 258 3432 ideo
273 3374 408 3447 ergolam
420 3379 602 3431 memoratam
614 3372 742 3429 chartam
760 3372 969 3445 abominantes,
990 3375 1019 3428 et
1074 3373 1304 3445 queorthodoxa,
1317 3386 1380 3443 qua
1388 3377 1430 3428 tot
1440 3371 1645 3443 spiritualibus
1656 3369 1788 3448 paradisi
1799 3370 1912 3427 dorum

194 3464 290 3521 omnia
320 3478 384 3536 qua
402 3463 502 3521 crebro
530 3463 626 3521 dictus
654 3461 780 3533 Pyrrhus
808 3466 906 3519 contra
936 3461 1018 3518 iidem
1073 3462 1221 3532 odoribus,
1243 3475 1293 3532 per
1306 3461 1447 3534 agricolas
1461 3460 1568 3517 Christi
1590 3460 1641 3516 Dei
1656 3460 1764 3528 nostri,
1788 3463 1921 3516 sanctos

195 3554 314 3611 molitus
339 3557 383 3610 est
414 3552 696 3622 anathematizantes,
725 3550 796 3621 quin
824 3550 910 3605 etiam
942 3563 1019 3606 nunc
1074 3546 1929 3627 videlicetapostolos,eluxit,nullatenusaliquibusuiza

198 3643 301 3702 iterum
316 3646 402 3715 atque
417 3643 521 3699 iterum
536 3640 826 3697 anathematizamus:
843 3639 893 3695 illa
908 3643 1019 3697 tantum
1075 3641 1190 3697 uiorum
1206 3640 1300 3711 spinis
1315 3641 1421 3712 poterit
1440 3639 1577 3697 sauciari.

1103 3813 1940 3842 ...ww

824 3985 1281 4064 COMllEhIORthO

583 4167 665 4237 oum
684 4166 811 4226 iscam
827 4167 963 4225 nonam
983 4167 1301 4226 consannrruorou
1321 4166 1519 4224 cumanum.

527 4321 582 4383 Ea
604 4321 729 4403 epa'stofo
749 4323 852 4383 serrati
869 4321 1003 4384 ilperini
1017 4323 1133 4405 sarapta
1163 4322 1204 4386 ad
1224 4321 1362 4385 abbatem
1393 4319 1582 4383 Thalassium

239 4641 270 4695 ln
283 4637 369 4695 biset
384 4636 550 4708 hujusmodi
566 4650 627 4694 esse
641 4641 677 4709 te,
694 4637 786 4708 Pater,
804 4635 908 4710 sciens,
923 4640 950 4693 et
964 4634 1025 4693 sola
1040 4635 1068 4696 D
1082 4634 1157 4694 idem
1173 4640 1295 4709 tempus,
1312 4634 1426 4707 quando
1443 4633 1505 4691 illic
1520 4632 1624 4689 missos
1642 4630 1672 4687 iu
1687 4642 1775 4687 causa
1790 4640 1867 4700 prom
1907 4628 1940 4669 -2'

204 4741 267 4799 quaa
283 4728 365 4785 illius
380 4731 448 4784 sunt
463 4741 519 4797 pra
534 4727 669 4784 omuibus
688 4726 718 4782 in
732 4727 915 4800 generatione
928 4731 1025 4782 nostra
1081 4726 1171 4784 tionis
1183 4741 1261 4798 papae
1270 4741 1335 4783 curu
1349 4726 1454 4782 delatis
1464 4723 1587 4780 decretis
1597 4719 1806 4792 apocrisiarios
1815 4711 1940 4775 suad

204 4817 281 4873 omni
295 4817 393 4873 studio
412 4830 565 4887 procurare
586 4831 777 4889 cognoscens:
795 4822 926 4887 oportere
946 4821 1026 4872 ratus
1081 4818 1288 4887 peruntinae
1308 4815 1396 4886 enim,
1414 4818 1482 4870 tuuc
1498 4816 1562 4884 post
1584 4809 1727 4881 plurimos
1749 4796 1940 4865 sermon&

204 4906 417 4963 sumvirtutem
434 4906 674 4963 innotesceretibi
691 4920 878 4978 eorumque
892 4904 1025 4962 modoab
1081 4920 1153 4976 quos
1167 4905 1202 4962 ad
1219 4918 1267 4961 cos
1279 4918 1366 4960 causa
1380 4900 1606 4959 consecrationis
1629 4901 1792 4965 moverunt,
1808 4896 1872 4954 novi
1919 4892 1940 4929 ⁴⁴

204 4995 278 5051 Urbe
293 4995 364 5052 mihi
378 4995 547 5053 felicissima
561 4997 668 5067 scripta
681 5001 750 5053 sunt
763 5011 780 5052 a
795 4996 966 5068 quibusdam
986 5010 1027 5052 re·
1080 4995 1153 5051 sime
1163 4994 1197 5050 ad
1210 4991 1339 5049 ellectum
1351 4992 1424 5063 ejus,
1435 4995 1520 5061 atque
1528 4990 1563 5046 ad
1575 4988 1671 5059 ipsius
1680 4985 1824 5043 desiderii
1837 4972 1940 5040 col

204 5085 335 5142 uerendis
347 5085 429 5155 viris,
444 5092 472 5142 et
494 5091 586 5143 tecum
607 5091 714 5144 extoto
729 5087 814 5143 corde
833 5086 1026 5161 diligentibus
1081 5083 1245 5154 piationem,
1275 5081 1458 5152 protulerunt
1486 5078 1529 5135 eis
1556 5076 1749 5150 dogmaticam
1778 5075 1923 5131 chart}

203 5175 302 5244 bearn,
316 5188 402 5231 causa
416 5176 580 5249 dogmatum
594 5176 743 5249 catholicae
756 5180 861 5233 sanctae
875 5182 903 5232 et
915 5181 1027 5246 aposto·
1082 5185 1158 5229 nuuc
1172 5170 1263 5227 abeis
1276 5169 1444 5240 expositam,
1458 5171 1636 5224 asserentes:
1648 5167 1710 5221 Non
1726 5164 1816 5220 aliter
1828 5160 1940 5218 coir

205 5263 268 5320 lice
293 5263 387 5336 ipsius
409 5264 551 5321 Ecclesia.
575 5265 824 5337 Significaverunt,
851 5264 928 5320 enim
950 5263 1025 5334 quod
1083 5261 1114 5318 in
1128 5258 1265 5330 capitulo,
1283 5273 1335 5329 pro
1348 5272 1404 5330 quo
1419 5262 1530 5314 tantum
1546 5255 1741 5327 transigentes
1756 5251 1876 5325 navigia
1892 5236 1940 5295 ί

165 5402 167 5406 ⁴
204 5353 295 5410 multa
307 5354 394 5425 hujus
407 5353 447 5410 rei
461 5353 553 5425 gratia
563 5359 591 5410 et
602 5354 714 5425 prolixa
727 5356 854 5426 quaedam
869 5354 899 5409 in
910 5352 1028 5411 calfacta
1083 5351 1159 5408 hunc
1178 5347 1308 5419 venistis,
1320 5346 1441 5404 favorem
1458 5343 1668 5417 praestabimus,
1685 5344 1745 5401 nisi
1762 5343 1849 5414 prius
1860 5330 1940 5395 τί)

204 5442 245 5500 sit
259 5442 357 5514 motio,
374 5441 836 5515 idestinregiaurbe,asacratis
849 5441 1028 5499 illiuseecle·
1083 5453 1222 5498 suasuros
1242 5438 1268 5494 ei
1293 5437 1343 5509 qui
1368 5436 1525 5494 sacrandus
1544 5438 1587 5492 est
1608 5433 1817 5504 profiteamini,
1842 5415 1940 5488 hui*

204 5531 333 5590 siasticis
354 5531 441 5589 viris:
459 5537 487 5588 et
512 5532 594 5604 prius
609 5533 736 5606 quidem,
751 5531 798 5589 sed
816 5532 960 5603 precipue
979 5544 1029 5602 per
1083 5530 1189 5587 chartae
1203 5526 1384 5586 subscribere
1398 5531 1426 5583 et
1439 5523 1624 5598 dogmatibus
1638 5537 1703 5595 qua
1724 5524 1756 5581 iu
1771 5537 1806 5581 ea
1819 5503 1933 5581 contJ‘
