3876 6090
121 273 175 334 tte

742 270 922 328 anastasii
946 268 1215 326 afflatorumrtnu

123 404 221 461 nimus
236 402 266 459 ln
281 402 336 459 tine
351 403 479 474 epistolae
500 402 669 458 sententiam
682 399 847 471 hujusmodi
858 397 946 455 conti·
958 397 988 457 A
1001 400 1136 470 templum
1169 401 1373 457 dedicaverunt
1392 400 1422 454 in
1441 398 1610 469 Cypriorum
1644 394 1723 453 insul

121 494 197 550 neri:
214 491 559 563 quiamuitotieslocutus
570 505 635 548 oum
646 489 853 546 comministris
864 487 944 556 meis,

122 587 154 639 ut
166 579 348 638 auferrentur
372 579 520 652 imagines,
547 586 676 649 receptus
691 592 746 634 non
760 591 823 633 sum
835 574 871 631 ab
892 576 944 645 eis,

121 664 944 741 nequeaudirevocemmeamsaltempaululumpassisunt.

120 759 304 816 intendamus
324 771 401 828 ergo,
423 756 473 828 qui
495 755 604 812 inerint
622 754 799 824 temporibus
809 753 868 823 jam
885 766 947 807 me-

121 846 223 904 morati
246 847 339 902 Patris
352 846 442 901 nostri
465 845 619 915 Epiphanii
637 844 666 899 in
678 844 803 899 Ecclesia
817 842 946 898 illustres

121 936 261 1009 magistri,
278 940 307 992 et
319 935 494 1004 incorruptae
511 933 688 989 munitiones
703 931 853 988 Ecclesiae:
871 929 946 985 Basi-

120 1025 179 1081 lius
190 1038 309 1097 magnus
324 1023 354 1079 in
369 1036 453 1093 opere
465 1029 493 1078 et
505 1036 644 1092 sermone,
662 1021 818 1093 Gregorius
836 1032 946 1092 cogno-

120 1120 215 1169 mento
233 1110 402 1183 Theologus,
429 1110 585 1183 Gregorius
608 1109 793 1181 Nyssensium
819 1107 946 1164 civitatis

120 1201 236 1272 praesul,
264 1202 347 1256 Pater
369 1201 485 1256 Patrum
504 1198 540 1255 ab
562 1197 696 1255 omnibus
720 1198 900 1254 nominatus:
918 1198 945 1251 ει

999 489 1149 559 discipuli,
1162 488 1422 546 nominantesiliud
1434 488 1561 557 ejusdem
1571 485 1723 543 vocabuloi

1000 585 1110 634 etcum
1133 579 1231 634 multis
1252 578 1320 634 aliis
1334 577 1504 634 titularibus
1526 575 1649 646 qticturis
1674 575 1723 630 ima

1000 667 1063 735 ejus
1076 668 1104 722 in
1117 667 1178 737 ipso
1198 668 1302 736 templo
1318 668 1491 723 locaverunt.
1505 667 1539 721 Et
1553 665 1579 720 si
1598 665 1652 720 iste
1665 660 1723 720 tali

1001 755 1511 812 nerabillumabominareturvuitum
1525 754 1696 825 imaginum,
1715 766 1723 808 ι

999 842 1035 898 do
1048 844 1184 914 discipuli
1196 847 1259 915 ejus
1270 843 1464 915 imaginaliter
1477 844 1552 899 hunc
1569 842 1723 913 depingere

999 932 1101 1002 dicate,
1113 947 1209 989 omnes
1224 932 1274 1004 qui
1290 933 1408 1002 auditis,
1438 938 1465 988 et
1486 932 1633 987 veritatem
1648 944 1665 985 a
1681 941 1723 986 me

999 1026 1144 1093 separate:
1169 1023 1308 1093 quianon
1329 1023 1422 1077 Patris
1442 1021 1584 1077 editiones
1604 1020 1658 1091 bae,
1671 1017 1723 1075 sed

1000 1113 1107 1168 chaicse
1122 1115 1249 1182 quaedam
1263 1118 1348 1169 sunt:
1372 1125 1444 1183 quas
1460 1110 1605 1183 fugiamus
1622 1113 1653 1164 ut
1666 1106 1723 1165 iellr

1002 1201 1141 1257 ritudinis
1161 1201 1267 1271 plenas.
1282 1201 1338 1271 ipsi
1353 1201 1429 1256 enim
1452 1205 1480 1256 et
1498 1197 1680 1255 confusionis
1694 1194 1723 1252 iu

120 1292 253 1361 ioannes,
266 1290 351 1359 cujus
364 1301 381 1344 a
402 1287 501 1360 lingua
513 1302 567 1345 vox
580 1287 662 1344 melle
674 1287 789 1344 dulcior
807 1285 945 1358 effluebat,
1002 1293 1095 1345 ctores
1106 1289 1178 1345 hanc
1189 1289 1308 1362 effigiem
1331 1289 1448 1345 minime
1461 1290 1637 1358 receperunt,
1652 1284 1723 1356 quip

120 1379 196 1435 unde
218 1382 246 1434 et
265 1390 420 1450 cognomen
448 1377 529 1432 aurei
554 1377 614 1433 oris
640 1375 759 1446 accepit.
783 1376 902 1446 insuper
920 1379 948 1429 ει
1001 1378 1141 1434 ιειιειιει
1165 1378 1351 1434 humanatum
1372 1379 1461 1433 heum
1484 1375 1608 1433 Verbum
1627 1387 1717 1431 carue

118 1465 298 1537 ambrosius,
314 1464 544 1536 Amphilochius,
561 1468 589 1519 et
599 1463 726 1534 cyrillus
738 1462 948 1533 hierosolymi·
1001 1466 1234 1538 dogmatizantes,
1256 1468 1303 1523 sed
1321 1482 1370 1537 per
1390 1466 1569 1536 phantasiam
1580 1469 1608 1520 et
1622 1463 1723 1534 conjec

120 1560 213 1613 tanus.
230 1556 260 1612 Si
273 1555 365 1628 igitur
381 1555 441 1625 ipse
456 1553 505 1625 qui
521 1553 696 1625 conscripsit
712 1554 814 1609 horum
829 1551 948 1622 exposi-
1001 1555 1149 1625 Propterea
1174 1562 1201 1611 et
1224 1555 1273 1611 isti
1297 1555 1476 1626 phantasiam
1499 1554 1586 1626 passi,
1610 1553 1682 1610 aliis
1697 1567 1723 1625 pr

118 1648 225 1703 tionem
248 1645 391 1701 dictorum
422 1649 520 1700 contra
544 1642 721 1699 venerabiles
746 1642 896 1714 imagines,
917 1654 947 1696 se
1003 1643 1166 1715 intellectis,
1181 1643 1330 1715 proferunt
1344 1645 1422 1700 haec:

120 1749 174 1793 non
193 1742 336 1805 receptum
359 1734 460 1791 dicita
484 1734 591 1790 sanctis
612 1732 747 1788 Patribus
760 1730 810 1803 qui
828 1736 895 1787 tunc
916 1724 988 1785 inB

118 1826 177 1882 vita
190 1829 368 1895 supererant,
381 1823 522 1894 quomodo
531 1823 601 1879 talsa
612 1823 689 1878 dicta
705 1835 768 1893 quae
780 1819 837 1890 ipsi
853 1819 944 1876 sancti

119 1916 215 1970 Patres
239 1925 295 1968 nou
315 1915 491 1984 receperunt,
508 1925 561 1968 nos
587 1911 637 1982 qui
670 1910 701 1965 in
716 1909 801 1965 linem
823 1908 947 1965 saeculo-

119 2018 182 2060 rum
205 2002 371 2059 devenimus
390 2008 418 2057 et
440 2000 560 2057 scientia
584 2014 616 2056 ac
633 2012 762 2056 sermone
785 1997 945 2069 deficimus,

119 2092 188 2162 quia
200 2105 250 2147 nec
263 2089 402 2160 discipuli
415 2103 512 2146 eorum
523 2088 605 2161 digni
616 2102 716 2145 sumus
729 2086 835 2157 vocari,
846 2092 945 2142 contra

118 2180 273 2236 Ecclesiam
296 2177 490 2249 recipiemus?
513 2174 945 2233 Absitscelerataactemeraria

15 2259 17 2263 ⁴
118 2268 269 2338 expositio.
285 2268 446 2323 caruerunt
468 2271 544 2321 recto
558 2278 687 2321 sermone
711 2261 808 2338 [recta
819 2260 942 2337 mtione]

120 2358 170 2430 qui
194 2358 247 2414 hoc
269 2362 368 2412 contra
389 2355 544 2411 Ecclesiam
568 2355 624 2411 nisi
647 2360 732 2410 sunt:
752 2355 781 2410 ιι
809 2354 892 2410 nobis
906 2354 946 2410 sit

117 2447 264 2503 Christum
286 2443 477 2517 diligentibus
494 2443 623 2514 Apostoli
655 2444 776 2507 dictum,
799 2448 945 2499 teneamus

118 2533 288 2592 traditiones
303 2546 375 2602 quas
390 2531 562 2603 accepimus,
584 2536 612 2587 et
632 2530 763 2601 prolanas
775 2544 874 2587 vocum
891 2546 947 2587 no-

118 2622 220 2677 vitates
246 2620 416 2692 devitemus,
440 2624 469 2676 et
494 2618 641 2676 mendacia
664 2620 723 2675 haec
744 2632 806 2675 esse
820 2616 945 2675 sciamus

116 2709 157 2783 (ll
181 2710 272 2765 Thess.
303 2723 333 2764 u.
358 2710 388 2763 ll
420 2710 489 2763 Tim.
520 2723 564 2772 ru,
591 2709 659 2763 Tim.
687 2708 739 2782 ιιι).
767 2707 844 2764 Libri
869 2708 944 2764 enim

116 2799 209 2856 sancti
222 2797 315 2854 Patris
329 2797 420 2853 nostri
432 2796 597 2869 Epiphauii,
609 2796 727 2867 sivequi
738 2797 848 2852 dicitur
858 2795 947 2867 rincy.

118 2892 206 2945 rotos.
218 2888 278 2943 sive
291 2885 408 2958 reliqui,
428 2886 457 2941 iu
471 2899 581 2942 omnem
593 2885 689 2942 orbem
703 2891 844 2941 terrarum
854 2882 946 2941 dilla-

118 2981 242 3047 mantur,
258 2979 287 3031 et
307 2987 396 3031 sonus
418 2988 515 3031 eorum
530 2974 673 3046 vulgatus,
691 2978 718 3030 ει
742 2973 944 3045 propemodum

1215 1791 1357 1856 Gregorius
1377 1790 1516 1857 episcopus
1532 1787 1612 1855 legit:

1038 1933 1051 1967 v
1071 1912 1212 1969 Similiter
1226 1919 1320 1970 autern
1336 1919 1364 1970 et
1381 1914 1538 1986 Gregorius
1550 1914 1708 1984 deiloquus
1722 1929 1723 1933 ¹

1002 2020 1015 2050 u
1037 2002 1166 2059 minibus
1187 2003 1249 2059 suis
1272 2002 1362 2059 dicit:
1389 2004 1499 2073 injuria
1515 2008 1558 2058 εει
1583 2001 1667 2057 iidem
1681 1999 1723 2058 hal

1001 2108 1015 2139 a
1036 2091 1192 2161 coloribus,
1204 2098 1232 2146 ει
1248 2106 1302 2147 non
1320 2092 1453 2148 incorde.
1468 2092 1624 2162 Quaestum
1642 2092 1672 2147 in
1684 2091 1723 2147 co]

1001 2197 1014 2228 a
1035 2185 1088 2251 est,
1106 2177 1190 2236 lacile
1201 2181 1341 2237 diluitur:
1360 2197 1423 2252 quae
1436 2181 1543 2238 veroin
1558 2177 1723 2251 prolondor

1001 2287 1014 2318 a
1037 2269 1086 2324 ilia
1099 2276 1141 2326 est
1154 2270 1226 2326 milri
1244 2271 1387 2327 amabilis.
1406 2290 1418 2322 u

1195 2414 1367 2483 Epiphanius
1391 2415 1521 2468 diaconus
1550 2414 1630 2481 legit:

1036 2538 1167 2593 Perverse
1195 2552 1297 2593 rursus
1323 2538 1525 2609 intelligentes,
1552 2543 1579 2593 ει
1614 2537 1695 2594 aliud
1720 2560 1723 2588 ι

999 2625 1131 2697 Gregorii
1146 2626 1280 2699 Theologi
1304 2626 1462 2698 proferunt,
1488 2627 1596 2698 quoda
1618 2628 1723 2683 Patre(

1002 2714 1041 2770 ιιι
1054 2715 1195 2784 prolatum
1215 2723 1274 2771 est:

1031 2856 1127 2918 injuris
1137 2860 1176 2906 εει
1189 2858 1262 2906 lldcm
1273 2856 1369 2907 habere
1379 2861 1406 2909 in
1415 2858 1552 2918 coloribus,
1565 2863 1591 2909 ei
1600 2861 1686 2908 nonin
1698 2874 1723 2909 cr

999 2920 1049 2979 Qui
1066 2920 1174 2970 fluentes
1189 2921 1334 2980 diluuntur;
1351 2924 1397 2971 sed
1418 2922 1481 2971 mihi
1496 2928 1595 2982 gratum
1608 2926 1648 2973 osi
1660 2921 1723 2985 proi

119 3079 169 3135 per
182 3064 343 3120 universam
359 3063 514 3118 Ecclesiam
529 3063 621 3133 sparsi
640 3067 716 3119 sunt.
735 3063 839 3118 llarum
850 3067 943 3126 autem
960 3048 984 3110 C
1034 3053 1076 3110 Ab
1090 3055 1156 3111 istis
1181 3061 1274 3112 autem
1291 3056 1468 3128 falsiloquiis
1483 3059 1541 3114 ita:

1035 3144 1144 3214 injuria
1165 3152 1207 3201 est
1232 3146 1315 3202 tidem
1341 3147 1444 3203 hahere
1471 3148 1500 3203 in
1516 3146 1672 3220 coloribus,
1685 3154 1717 3204 et

1000 3234 1093 3289 corde.
1111 3234 1179 3304 Quae
1203 3236 1279 3291 enim
1303 3237 1333 3291 in
1345 3237 1492 3294 coloribus
1513 3242 1565 3308 est,
1583 3234 1667 3291 lacile
1679 3235 1724 3292 dil

1001 3336 1063 3391 quae
1077 3337 1142 3378 vero
1152 3323 1180 3379 in
1196 3323 1335 3393 proluudo
1349 3326 1462 3395 mentis,
1480 3326 1531 3381 ilia
1541 3331 1585 3381 est
1599 3325 1670 3381 mihi
1682 3338 1723 3381 ιιι

1000 3410 1211 3469 Obturaverunt
1225 3427 1318 3485 aures,
1332 3420 1361 3469 ει
1381 3415 1479 3471 oculos
1501 3415 1677 3487 clauserunt,
1711 3428 1723 3471 e

1001 3498 1162 3570 intelligere
1173 3501 1327 3558 noluerunt
1336 3503 1365 3558 hi
1379 3503 1429 3574 qui
1441 3510 1608 3573 spreverunt
1617 3503 1723 3560 ecclesi

119 3151 348 3209 ratiuncularum
380 3166 442 3222 quae
477 3161 575 3207 contra
603 3151 780 3208 venerabiles
806 3151 946 3222 imagines

119 3247 312 3311 murmurant,
327 3241 385 3297 duo
395 3240 437 3295 vel
453 3244 509 3296 tres
523 3255 571 3311 per
584 3241 750 3296 universum
766 3240 862 3297 orbem
876 3239 945 3295 libri

119 3343 174 3386 non
187 3329 384 3397 inveniuntur,
399 3329 455 3384 nisi
470 3327 541 3385 lorte
557 3329 667 3386 noviter
679 3329 780 3400 scripti
793 3329 867 3385 sint:
882 3329 945 3386 etsi

117 3419 279 3475 essentnoti
291 3417 320 3473 in
331 3416 472 3474 catholica
482 3418 619 3486 Ecclesia,
633 3419 710 3474 sicut
721 3417 946 3490 illequidicitur

116 3505 275 3577 ancyrotos
291 3507 382 3563 sancti
397 3506 564 3576 Epiphauii,
591 3507 619 3563 in
636 3507 770 3563 omnibus
791 3510 834 3563 est
845 3507 946 3562 Eccle-

117 3596 171 3652 siis
186 3595 334 3665 dilatatus,
360 3595 443 3649 itaet
467 3594 523 3663 ipsi
538 3594 652 3649 dilatati
664 3595 827 3650 existerent.
843 3594 896 3650 Sed
913 3600 944 3649 ut

117 3683 244 3741 extranei
267 3686 294 3737 et
306 3681 394 3737 alieni
410 3684 438 3736 et
450 3679 558 3752 falsati,
571 3682 697 3737 nondum
719 3682 748 3737 in
760 3681 885 3738 Ecclesia
900 3696 944 3737 ca-

117 3772 225 3829 tholica
237 3770 340 3840 recepti
357 3773 435 3840 sunt,
463 3782 554 3840 neque
569 3777 772 3840 apparuerunt.
796 3773 870 3844 Ergo
892 3785 942 3826 nec

118 3873 204 3929 nunc,
221 3864 253 3914 ut
279 3871 333 3928 pax
351 3857 401 3912 Dei
429 3857 459 3912 iu
474 3857 608 3914 omnibus
631 3858 768 3915 Ecclesiis
783 3864 811 3915 et
823 3859 942 3930 antiqua

117 3945 335 4017 traditiodegat.
347 3946 387 4000 Ne
399 3945 543 4001 emitttant
554 3951 649 4002 autem
658 3946 772 4019 linguas
781 3946 941 4019 vaniloqui,

116 4033 325 4090 calumniantes
343 4047 392 4090 eos
422 4034 472 4103 qui
498 4038 572 4090 recte
596 4035 723 4106 sapiunt,
746 4036 821 4107 quod
843 4041 941 4093 sancto

115 4122 277 4194 Epiphanio
297 4122 484 4178 adversentur
498 4122 528 4178 bi
552 4123 602 4194 qui
627 4124 771 4194 recipiunt
792 4125 939 4197 antiquam

116 4210 325 4282 legislationem
338 4210 486 4266 catholicae
504 4211 655 4268 Ecclesiae:
671 4212 745 4284 quod
760 4225 938 4284 nequaquam

114 4313 210 4356 verum
239 4303 290 4355 cst.
316 4298 562 4370 Conscriptioncm
585 4301 661 4356 enim
683 4299 847 4373 abjicimus,
870 4316 941 4358 san-

1000 3587 1178 3644 traditiones.
1195 3589 1351 3647 auditione
1366 3593 1471 3662 quippe
1484 3593 1649 3663 audierunt,
1665 3596 1723 3649 etn

999 3674 1187 3733 tellererunt:
1212 3685 1239 3734 et
1256 3681 1384 3736 videntes
1405 3680 1549 3752 viderunt,
1567 3688 1594 3738 ει
1614 3694 1669 3738 ιιι
1686 3696 1722 3740 co

997 3769 1072 3819 runt.
1089 3766 1229 3823 Obcaecati
1240 3770 1316 3824 enim
1329 3776 1397 3826 sunt
1410 3772 1505 3840 corde,
1520 3777 1548 3826 et
1570 3777 1723 3841 paternasr

997 3855 1065 3910 nasi
1073 3857 1116 3908 Gr.
1130 3857 1248 3920 add.,ac
1259 3858 1447 3931 traditiones]
1463 3867 1658 3930 perverterunt
1669 3875 1723 3919 secr

996 3957 1048 3998 sua
1062 3944 1215 4000 desideria.
1239 3947 1359 4004 Sanetus
1370 3962 1492 4020 namque
1506 3949 1662 4021 Gregorius
1672 3949 1721 4006 dei

997 4032 1723 4110 inmetriciseditionibussuissententiamquamp

995 4121 1723 4195 runtipsi,dictans,quemdammoralemsermoneo

994 4209 1723 4287 cit,inlormansvitamnostram,utrecedamusate:

995 4297 1723 4377 libusetmundauisnegotiisetcarnalibusvolupt¹

112 4395 188 4446 ctum
203 4402 269 4446 vero
282 4390 391 4445 Patrem
408 4387 551 4445 doctorem
573 4390 706 4446 Ecclesiae
725 4391 873 4447 catholicae
886 4406 942 4447 no·
954 4401 981 4461 ι)
994 4392 1080 4458 atque
1094 4394 1235 4446 sectemur
1253 4392 1340 4447 vitam
1354 4394 1536 4462 spiritualem
1555 4409 1618 4465 quae
1639 4396 1674 4451 ad
1699 4410 1723 4452 ει

115 4479 346 4552 ιιιιιιξιιιειιιι
359 4478 549 4534 sacratissimi
569 4480 675 4551 Patres,
690 4481 783 4551 quiin
797 4489 898 4552 quarta
912 4487 941 4537 et

117 4568 272 4626 universali
295 4572 392 4625 sancta
414 4567 636 4641 Chalcedonensi
656 4571 762 4641 syuodo
777 4571 939 4644 congregati

116 4661 193 4729 suut,
214 4656 363 4727 epistolam
391 4655 506 4725 quidem
526 4671 589 4726 quae
606 4656 716 4714 dicitur
735 4659 790 4716 lhae
812 4659 939 4732 episcopi

115 4744 226 4801 Edessa
240 4744 274 4800 ad
288 4745 379 4800 llariu
394 4745 506 4800 Persam
521 4747 839 4820 anathematizaverunt,
851 4746 939 4806 veluti

115 4832 246 4890 Nestorio
263 4831 497 4889 concordantem:
521 4835 658 4891 similiter
676 4841 704 4892 et
716 4838 823 4907 quintae
838 4838 939 4909 synodi

115 4923 228 4977 Patres:
251 4921 326 4977 ibam
348 4927 442 4977 autem
463 4936 649 4994 nequaquam.
668 4927 727 4981 Nou
748 4927 825 4982 enlm
844 4941 940 4983 verum

115 5009 259 5081 apparuit,
275 5009 351 5079 quod
362 5008 417 5066 lbae
430 5007 517 5067 luerit
531 5013 652 5082 epistola
666 5032 672 5067 z
690 5012 757 5069 hine
771 5015 800 5070 iu
819 5016 943 5072 anathe-

116 5096 258 5153 matismis
280 5109 336 5153 non
362 5097 439 5153 ibam
461 5099 634 5155 anathemati
663 5100 868 5175 submiserunt,
893 5104 940 5159 sed

115 5185 265 5256 epistolam
280 5199 342 5255 quae
354 5184 511 5259 dicebatur}
522 5187 591 5242 ibae:
607 5188 756 5245 dicebatur
770 5191 858 5262 euim,
874 5193 943 5248 licet

116 5287 171 5329 non
184 5279 266 5329 esset.
283 5275 325 5328 lta
336 5286 403 5345 ergo
416 5279 445 5328 et
457 5274 516 5330 ιιι
536 5275 680 5331 mendacis
692 5277 861 5336 assertionis
871 5296 943 5338 con-

116 5362 233 5434 scripta,
253 5376 316 5432 quse
328 5368 426 5417 contra
448 5362 623 5419 venerabiles
638 5364 777 5437 imagines
791 5375 868 5441 sunt,
891 5372 942 5427 di-

115 5456 221 5507 cuntur
233 5449 378 5521 quidema
393 5448 564 5521 quibusdam
589 5453 679 5507 sancti
700 5455 854 5526 Epiphanii
868 5474 938 5530 esse,

116 5539 165 5595 sed
181 5537 356 5596 nullomodo
375 5543 453 5608 sunt,
472 5542 504 5594 ut
516 5537 741 5599 demonstratum
764 5551 816 5602 est.
828 5547 940 5604 Etenim

995 4479 1094 4547 ducit,
1107 4483 1135 4534 et
1146 4492 1201 4534 non
1215 4481 1364 4537 credamus
1375 4482 1444 4538 huic
1456 4484 1571 4553 mundo,
1582 4488 1609 4538 et
1619 4488 1723 4554 tempor

996 4580 1059 4636 quse
1075 4579 1130 4622 uon
1148 4575 1321 4639 permanent,
1337 4584 1386 4626 nec
1403 4572 1569 4641 perdurant,
1586 4586 1649 4642 qnae
1673 4578 1723 4629 ειι

996 4657 1154 4713 nominavit
1166 4676 1172 4712 z
1185 4659 1232 4714 sed
1245 4659 1402 4715 haereamus
1415 4661 1512 4729 potius
1529 4661 1723 4730 spirituaiibu

996 4746 1048 4815 ris,
1065 4761 1128 4817 ιιι,
1152 4747 1181 4803 ιι
1200 4749 1284 4804 corde
1301 4749 1463 4805 llrmitatem
1478 4750 1592 4820 hahent,
1609 4756 1637 4806 et
1660 4732 1723 4822 peri

997 4834 1027 4891 in
1042 4843 1189 4892 aeteruum.
1203 4839 1272 4893 Nam
1288 4838 1424 4894 sacculum
1438 4844 1568 4895 nostrum
1582 4840 1723 4914 liunibile,

997 4924 1072 4980 latus
1083 4930 1127 4980 est
1140 4940 1262 4994 praesens
1277 4927 1345 4982 vita.
1366 4927 1448 4983 Sicut
1461 4929 1538 4984 enirn
1549 4929 1628 4985 color
1639 4936 1669 4986 et
1680 4937 1723 4988 atr

997 5017 1056 5069 tum
1070 5014 1127 5071 cito
1139 5016 1274 5087 diluitur,
1292 5016 1387 5072 liceta
1403 5017 1512 5087 pictore
1530 5017 1723 5077 conficiantur

997 5101 1106 5172 pictore
1118 5102 1354 5180 transformatur]
1368 5124 1374 5159 ε
1394 5106 1433 5161 ιιι
1446 5113 1473 5161 ει
1487 5106 1516 5161 in
1532 5107 1638 5163 mundo
1652 5106 1722 5180 isto,

996 5192 1148 5248 admodum
1175 5194 1235 5264 ipse
1256 5194 1307 5265 ait,
1332 5195 1474 5251 circuitus
1494 5203 1657 5252 nostrarum
1686 5199 1723 5255 dir

998 5295 1092 5337 rerum
1107 5296 1310 5354 nonnunquam
1322 5285 1416 5353 aliter,
1432 5285 1461 5341 iu
1478 5300 1533 5342 una
1549 5282 1623 5359 ιιι,
1639 5287 1717 5345 ιΙιιε

998 5372 1027 5427 ιι
1044 5370 1116 5440 ιιι]
1130 5372 1187 5442 die,
1204 5379 1246 5428 est
1258 5379 1352 5428 autern
1368 5375 1481 5443 quando
1494 5380 1522 5431 ει
1538 5376 1607 5431 hora
1621 5375 1678 5432 lert
1694 5391 1721 5435 m

995 5476 1054 5517 nes.
1072 5462 1182 5516 Etenim
1201 5476 1277 5518 more
1300 5463 1407 5518 umbrae
1424 5464 1520 5519 omnia
1532 5465 1723 5523 exterminant

997 5563 1088 5619 mana,
1112 5556 1139 5606 et
1160 5550 1287 5622 ampulla
1307 5552 1336 5606 in
1360 5565 1434 5622 aqua
1462 5565 1496 5608 ει
1523 5552 1620 5622 pluvia
1642 5551 1721 5612 lacta
