3876 6090
111 226 184 290 4000
788 187 889 299 imon
906 238 952 296 00
969 235 1141 298 0000000.
1393 262 1396 267 -
1604 238 1610 252 ·
1743 233 1815 301 4004

110 363 250 436 superins
273 370 458 438 memoratos,
472 364 532 425 045
546 367 597 440 qui
615 367 651 425 ad
671 379 794 425 mensem
815 363 937 422 solarem
950 358 981 422 Α
1309 369 1348 425 lte
1361 368 1491 424 0000040.

111 455 265 513 adduntur
276 468 365 526 00000
378 454 494 513 300400.
506 458 541 514 lit
551 470 617 513 000
628 470 695 530 ergo
703 456 778 514 4000
789 452 936 524 4300000,
1027 455 1121 514 lxvi.
1152 457 1296 515 Numerus
1323 457 1398 529 apud
1431 457 1578 530 ilebraeoe,
1606 456 1754 516 chaldeos
1785 460 1815 516 et

111 544 141 601 id
163 550 207 601 est
221 544 285 602 dies
305 543 336 600 44
358 546 392 603 00
415 559 505 604 00000
525 545 632 606 solares
651 545 811 619 implendos
829 543 939 601 4000404
991 544 1078 616 Syros
1090 545 1167 603 0400
1176 547 1304 618 dicitur,
1317 560 1382 604 000
1395 546 1503 603 Graecis
1512 546 1656 604 aritbmue
1668 560 1815 619 nuncupa-

110 633 254 705 adluuctl,
270 639 382 691 restant
395 636 430 692 de
446 635 544 694 eodem
560 650 655 694 mense
670 636 745 693 lunae
762 635 826 692 dies
841 631 883 690 49.
904 633 939 690 444
992 633 1087 705 batur,
1103 637 1178 707 apud
1199 636 1345 709 dipyptios
1364 635 1532 708 laterculus,
1548 651 1634 706 penes
1647 639 1814 695 Macedones

111 722 181 780 biuc
195 722 434 782 embolismorum
457 725 531 783 ratio
552 725 691 797 probatur
708 725 840 795 existere,
861 722 937 796 quod
992 723 1208 796 calculus,cum
1224 725 1336 782 latinis
1347 730 1507 796 compotus,
1524 737 1586 781 ema
1599 738 1664 782 cum
1676 726 1812 791 ilebraeis,

110 813 938 885 communiumannorumvideturdamnasupplere,usque
992 813 1067 884 apud
1090 814 1203 870 Graecos
1224 825 1327 885 emera,
1345 825 1431 884 penes
1450 811 1567 870 Latinos
1590 810 1662 868 dies.
1678 812 1760 869 libia
1784 814 1814 870 iu

111 901 225 972 expleto
242 902 492 959 decemnovennali
505 919 593 962 cursu
605 904 780 961 conveniunt
790 903 820 959 iu
836 914 935 958 0000.
992 901 1119 972 Hebraeo,
1133 902 1210 959 nicta
1226 903 1256 959 in
1272 902 1380 968 Graeco,
1396 915 1455 958 uox
1467 901 1542 973 apud
1559 901 1683 958 Latinos.
1701 901 1815 958 Primus

109 991 763 1065 llocquoquenonestadmilteudum,quodin
776 989 936 1061 illosolari,
991 991 1067 1061 apud
1088 992 1209 1064 gentiles
1231 991 1295 1049 dies
1318 990 1485 1048 nominatur
1505 1004 1522 1047 0
1542 990 1612 1061 0040,
1635 990 1780 1048 secundus
1799 1002 1815 1045 a

111 1079 141 1136 in
163 1094 221 1152 quo
241 1080 311 1138 luna
328 1081 434 1152 incipit
448 1083 575 1154 accendi,
591 1082 617 1138 04
633 1081 717 1139 babet
731 1082 794 1139 dies
807 1078 852 1150 34,
868 1084 938 1136 4000
992 1079 1071 1150 4000,
1087 1081 1223 1138 40044000
1246 1083 1345 1150 440040,
1367 1085 1488 1152 quartus
1507 1093 1524 1136 a
1545 1079 1698 1150 Mercurio,
1724 1079 1815 1151 quiu-

110 1168 224 1226 0404400
240 1167 937 1242 40003ος4044400000004400004040000000
991 1175 1039 1228 400
1064 1183 1081 1227 0
1107 1171 1187 1243 love,
1221 1175 1321 1228 sextus
1346 1183 1364 1226 a
1392 1171 1513 1242 Venere,
1547 1167 1689 1238 septimus
1714 1181 1732 1225 a
1758 1168 1814 1225 Sa-

109 1252 156 1326 34,
173 1262 242 1314 4000
256 1256 426 1328 0404400039,
441 1264 470 1315 04
485 1259 552 1316 iude
572 1257 597 1329 4,
614 1259 672 1316 0404
688 1258 803 1331 quando
823 1258 853 1313 40
873 1254 936 1312 4404.
991 1262 1087 1315 turno.

109 1343 184 1417 Aug.
205 1344 353 1418 40004439,
370 1349 445 1418 quod
462 1347 566 1406 0040040
587 1347 750 1406 rationibus
771 1346 937 1404 intermisso
990 1348 1028 1402 lle
1048 1349 1130 1403 00040
1151 1348 1338 1411 naturalibus,
1364 1351 1390 1403 et
1409 1347 1517 1415 000040
1543 1359 1591 1424 000
1611 1344 1813 1401 solstitialibus.

109 1433 160 1490 die
170 1435 302 1492 noscitur
313 1436 427 1507 addere,
441 1437 484 1492 vel
495 1437 634 1493 minuere.
647 1440 743 1507 40000
757 1449 872 1508 quoquc
887 1449 939 1492 nu·
1027 1437 1132 1493 LXVII.
1155 1437 1256 1494 40000
1271 1436 1415 1494 naturalis
1434 1440 1487 1507 est,
1504 1440 1615 1492 04000
1630 1447 1660 1490 se
1675 1433 1730 1490 soli
1747 1431 1815 1490 luna

111 1523 937 1597 meromclarenoscitur,quibusmensibus3ldiesbabere
992 1523 1141 1597 subponit,
1164 1533 1197 1582 ut
1220 1526 1296 1582 inter
1320 1525 1416 1581 orbem
1439 1525 1510 1581 solis
1530 1530 1558 1580 et
1578 1522 1678 1580 oculos
1702 1526 1816 1578 nostros

109 1611 231 1668 dicitur.
248 1611 364 1669 Scilicet
378 1616 453 1685 lan,
470 1618 498 1671 et
516 1616 610 1686 biart,
634 1615 712 1686 ilai,
732 1615 801 1685 404,
823 1613 936 1685 00400,
992 1613 1085 1670 00040
1101 1613 1175 1671 40040
1186 1614 1317 1671 tenebras
1332 1614 1423 1671 totius
1436 1613 1517 1683 orbis
1529 1611 1643 1684 eiiciat,
1656 1611 1732 1683 quod
1744 1609 1817 1667 dici·

110 1699 200 1756 ceteri
215 1714 282 1758 vero
294 1715 320 1757 00
335 1704 407 1758 Nou.
423 1707 452 1758 et
464 1703 561 1760 cuncti
577 1715 627 1759 0000
645 1703 685 1759 40.
948 1683 974 1745 Β
990 1704 1039 1758 400
1052 1702 1180 1775 eclipsis.

109 1790 179 1845 4440
195 1790 228 1845 cle
242 1792 380 1846 mensibus
398 1796 463 1861 quot
477 1792 558 1847 boras
573 1793 692 1847 babeant
709 1793 740 1847 in
754 1791 799 1847 die
811 1796 836 1847 et
849 1795 933 1846 nocte.
1026 1790 1126 1849 40000
1141 1806 1262 1865 magnus
1273 1792 1394 1863 dicitur,
1409 1791 1523 1862 quaudo
1538 1789 1635 1846 omnia
1649 1789 1745 1847 sidera
1759 1802 1817 1846 cer·

147 1879 243 1935 LXIII.
259 1879 370 1949 Aprilis
384 1885 413 1936 et
427 1880 503 1951 Sept.
525 1881 631 1947 babent
647 1881 733 1938 boras
748 1881 778 1936 40
795 1878 935 1953 0004043,
991 1878 1815 1952 tistemporibus,numerisquecompletisadsuumlocum

111 1967 143 2024 40
157 1966 206 2023 040
222 1964 264 2024 43.
282 1968 375 2025 440400
389 1976 418 2025 04
431 1970 579 2043 Augustus
599 1971 685 2028 boras
701 1970 731 2026 iu
748 1973 829 2026 nocte
845 1966 890 2034 44,
907 1969 936 2025 40
991 1969 1034 2025 004
1043 1970 1173 2027 ordinem
1185 1974 1377 2037 revertuntur,
1390 1982 1474 2042 quem
1483 1967 1711 2039 anuumantiqui
1719 1967 1814 2040 00400,

108 2057 160 2114 die
175 2052 217 2113 43.
233 2058 339 2115 lunius
350 2063 377 2116 et
391 2059 487 2116 404400
498 2059 583 2116 boras
599 2059 630 2115 iu
645 2056 770 2131 000409,
785 2058 877 2115 40040
892 2055 934 2115 46.
991 2057 1035 2113 vel
1050 2057 1207 2128 adimplere
1223 2058 1369 2116 dixerunt.

108 2143 233 2203 October
251 2148 419 2205 0444004400
440 2147 525 2205 boras
545 2149 575 2205 lu
599 2153 681 2206 nocte
704 2146 746 2221 43,
769 2148 799 2205 40
821 2149 869 2204 040
893 2143 935 2203 44.
1027 2146 1128 2204 Annus
1142 2147 1310 2204 solstitialis
1324 2152 1367 2205 est
1381 2161 1447 2204 000
1462 2144 1505 2204 sol
1520 2144 1633 2216 expleto
1647 2158 1698 2216 per
1718 2143 1815 2201 omnia

109 2234 269 2308 Novembep
289 2241 318 2293 et
336 2236 416 2294 Febr.
439 2237 525 2294 boras
544 2238 574 2294 iu
599 2244 681 2296 00040
703 2236 746 2304 44,
770 2239 801 2294 40
822 2238 870 2294 040
893 2235 936 2295 40.
993 2236 1076 2308 sigua
1090 2237 1218 2294 circuitu
1235 2239 1263 2293 in
1285 2237 1325 2308 id,
1349 2236 1424 2294 unde
1444 2235 1622 2308 principium
1641 2248 1745 2290 000000
1767 2232 1814 2289 004

108 2324 243 2382 44000000.
260 2330 288 2382 04
302 2327 364 2382 400.
381 2325 467 2383 boras
481 2327 511 2383 in
528 2331 610 2383 nocte
625 2323 669 2399 45,
683 2330 712 2384 04
727 2327 757 2384 40
769 2327 817 2385 040
831 2324 857 2382 9.
992 2327 1126 2395 sumpsit,
1143 2326 1275 2383 recurrit.
1290 2328 1352 2397 lpse
1364 2329 1407 2382 004
1419 2325 1524 2382 0040040
1534 2337 1638 2395 00000,
1651 2321 1694 2380 004
1706 2321 1813 2394 0404440,

201 2461 202 2464 ,
385 2417 662 2473 ltemdemensibus.
931 2402 934 2413 '
992 2412 1404 2488 quidiebus365peragitnr.

149 2503 239 2560 dxlv.
267 2505 383 2561 400000.
409 2519 437 2561 00
462 2508 534 2563 Non.
554 2520 617 2578 000,
641 2506 705 2563 0400
727 2503 772 2575 34,
796 2506 864 2563 4000
891 2504 935 2570 30,
1268 2505 1537 2560 0000000040ηο.

110 2590 193 2647 Febr.
207 2604 236 2647 vv
248 2592 322 2648 Non.
338 2606 397 2664 000,
420 2593 483 2649 0400
496 2591 541 2664 38,
564 2593 632 2650 4000
649 2591 695 2650 39.
716 2595 798 2650 biart.
815 2608 842 2650 00
864 2594 934 2650 Non.
1027 2581 1146 2649 valn.
1168 2594 1358 2650 incenduntur
1383 2592 1458 2649 lunae
1471 2590 1526 2649 335
1539 2590 1627 2649 certis
1641 2589 1816 2661 computatis

109 2693 185 2751 xvii,
200 2677 320 2751 dies3l,
335 2679 461 2738 400030.
478 2681 570 2752 April.
588 2696 616 2738 00
629 2685 701 2740 Nou.
717 2695 800 2739 00000.
816 2680 936 2750 040030,
993 2681 1124 2750 minutis,
1150 2681 1179 2738 id
1207 2686 1251 2738 est
1277 2680 1311 2738 40
1340 2695 1418 2752 paene
1446 2682 1558 2738 minuta
1587 2680 1617 2735 iu
1645 2691 1816 2749 unaquaque

111 2767 341 2827 4000394404υο
355 2783 383 2826 00
395 2772 466 2826 Non.
479 2784 550 2842 0000,
562 2770 626 2827 0400
638 2769 683 2840 34,
696 2770 764 2828 4000
776 2769 820 2829 30.
833 2773 938 2829 400400
993 2769 1062 2827 bora
1087 2784 1136 2841 per
1156 2770 1272 2843 singula
1293 2771 1443 2828 continent
1461 2774 1604 2828 momenta
1625 2766 1666 2824 40.
1693 2768 1734 2823 440
1752 2767 1816 2824 dies

112 2871 142 2914 00
158 2858 230 2914 4400.
249 2870 321 2928 xvii,
337 2855 458 2929 040030,
477 2857 546 2914 4000
563 2855 607 2914 39.
623 2858 719 2915 404400
733 2873 760 2915 00
777 2861 847 2916 Nou.
866 2874 936 2931 0000,
992 2866 1021 2916 04
1042 2873 1097 2916 uox
1113 2873 1179 2916 raro
1196 2860 1386 2928 diminuitur,
1408 2859 1498 2916 donec
1515 2859 1544 2914 in
1560 2857 1616 2914 ilne
1636 2857 1704 2913 0004
1730 2852 1763 2912 44
1785 2856 1814 2913 40

111 2946 176 3003 dies
196 2942 241 3014 34,
263 2944 329 3002 4000
355 2943 400 3002 30.
420 2944 568 3018 Augustus
592 2960 620 3002 00
642 2948 715 3003 Non.
738 2960 800 3019 000,
815 2947 878 3004 0400
891 2945 935 3005 34.
991 2947 1130 3005 ediciuut.
1143 2948 1191 3005 Sic
1201 2948 1323 3004 mutatio
1334 2947 1410 3003 lunae
1421 2946 1599 3019 intelligitur
1609 2959 1657 3017 000
1670 2939 1814 3002 49000000.

112 3032 182 3090 4000
201 3031 246 3090 39.
262 3034 426 3104 September
440 3048 468 3090 00
483 3037 555 3091 Non.
576 3049 638 3104 xix,
657 3034 721 3092 dies
739 3033 783 3106 30,
803 3035 872 3092 luna
891 3034 936 3094 30.
952 3025 977 3090 G
1249 3038 1287 3091 440
1302 3037 1346 3090 000
1360 3037 1425 3091 solis
1440 3038 1562 3090 00400440.

110 3120 235 3178 October
246 3135 273 3178 00
292 3123 360 3178 Non.
376 3136 449 3189 xvir,
464 3122 528 3179 dics
539 3120 585 3187 34,
599 3123 667 3180 4000
679 3121 724 3180 39.
738 3123 894 3181 November
908 3137 937 3180 vv
1028 3125 1125 3181 LXIX.
1139 3125 1206 3181 Dies
1216 3127 1260 3181 est
1275 3123 1346 3180 solis
1355 3123 1478 3180 orientis
1489 3121 1650 3193 praesentia,
1664 3133 1816 3192 quousque

111 3213 185 3267 Non.
200 3224 282 3279 00000,
298 3210 361 3268 0400
376 3209 421 3282 30,
436 3212 505 3268 4000
516 3209 563 3272 30.
577 3213 731 3268 December
746 3226 774 3270 00
786 3214 857 3269 Non.
875 3226 935 3285 xix,
991 3213 1026 3270 ad
1045 3226 1176 3270 occasum
1200 3212 1354 3284 perveniat.
1371 3212 1439 3268 Dies
1460 3216 1556 3268 00400
1576 3210 1739 3283 geminatur
1760 3221 1817 3280 ap-

111 3299 177 3357 dies
195 3296 259 3373 [3l],
276 3300 344 3356 luna
358 3297 403 3356 39.
992 3303 1093 3373 pellani
1113 3302 1186 3359 solet
1205 3303 1320 3373 0000040
1334 3315 1351 3357 0
1365 3300 1437 3358 00440
1451 3305 1517 3357 0040
1533 3299 1624 3357 usdue
1644 3311 1700 3369 quo
1719 3297 1815 3355 veniat

396 3392 435 3444 lie
445 3391 557 3460 0000440
572 3391 651 3445 tona.
991 3392 1025 3448 ad
1041 3404 1184 3462 occasum,
1198 3390 1299 3461 spatie,
1312 3388 1381 3445 'die
1395 3389 1455 3446 duo
1468 3393 1536 3444 0004
1549 3388 1623 3444 40400
1634 3386 1774 3442 0400000
1787 3390 1816 3443 04

150 3480 229 3536 LXV.
248 3481 325 3537 4000
342 3480 444 3551 00400,
461 3478 477 3536 4
492 3482 610 3551 0000440
622 3482 707 3554 40004,
725 3482 753 3538 40
769 3479 861 3540 00440
873 3496 938 3540 00-
992 3485 1174 3551 000400000,
1191 3485 1220 3536 04
1234 3485 1277 3536 004
1291 3479 1354 3535 0400
1370 3480 1504 3536 bonarum
1518 3476 1562 3535 43.
1578 3478 1674 3533 Partes
1688 3475 1816 3531 abusivae

113 3568 228 3625 000440.
246 3571 323 3625 4000
338 3566 366 3631 3.
383 3567 394 3624 4
410 3569 480 3626 liora
493 3567 550 3626 et3
570 3575 666 3641 00004.
686 3568 804 3641 40003,
824 3569 842 3628 3
857 3572 938 3628 boris
990 3568 1049 3625 diei
1060 3566 1078 3625 3
1090 3574 1168 3637 0004,
1183 3582 1275 3641 0000,
1290 3567 1435 3639 00040400,
1452 3573 1480 3623 04
1494 3579 1636 3638 suprema.
1652 3562 1740 3626 initia
1755 3562 1813 3618 diei

111 3664 141 3714 04
159 3655 177 3713 3
196 3663 294 3728 00004.
310 3660 388 3714 4000
407 3655 433 3721 4,
450 3655 467 3714 3
482 3659 563 3715 boris
581 3656 636 3715 etl
660 3665 756 3730 punct.
780 3662 859 3716 Luna
877 3658 903 3731 5,
921 3657 938 3715 4
991 3658 1043 3716 0444
1068 3671 1084 3714 0
1107 3658 1178 3714 00440
1197 3662 1263 3714 0040
1279 3663 1390 3729 004004,
1411 3656 1447 3712 ab
1468 3669 1581 3725 occasu,
1607 3655 1660 3711 alii
1685 3667 1700 3710 0
1723 3651 1816 3708 media

113 3745 196 3802 boris
215 3746 300 3800 40004.
321 3748 399 3802 4000
418 3745 445 3811 6,
461 3744 478 3803 4
494 3748 574 3804 boris
591 3754 619 3804 04
638 3745 655 3804 4
671 3754 766 3818 00004.
784 3745 904 3813 40007,
919 3746 938 3806 5
992 3753 1084 3804 00040.
1093 3749 1163 3804 Nam
1174 3746 1300 3805 Chaldaei
1311 3759 1327 3802 a
1338 3745 1550 3803 0044000400404
1563 3744 1682 3800 initium
1692 3741 1814 3812 iaciunt,

113 3833 177 3890 bor.
194 3830 254 3889 043
270 3839 365 3904 00004.
381 3832 500 3905 40008,
517 3833 608 3891 64000.
626 3842 654 3891 04
667 3833 686 3892 3
701 3842 798 3906 00004.
815 3839 893 3894 4000
908 3833 936 3896 9.
993 3841 1084 3893 40400
1112 3836 1142 3892 40
1170 3836 1295 3906 0004400
1320 3835 1350 3891 bi
1374 3835 1451 3892 diem
1476 3833 1662 3905 appellantes.
1689 3828 1815 3902 AEgyptii

111 3918 204 3979 ibor.
221 3920 275 3978 etl
294 3929 390 3993 punct.
412 3924 491 3980 Luna
511 3921 554 3995 40,
574 3922 669 3979 libor.
691 3924 777 3981 lucet.
794 3926 873 3982 4000
893 3922 936 3993 44,
992 3930 1087 3981 00400
1102 3938 1137 3981 ex
1152 3925 1239 3981 initio
1253 3924 1351 3981 noctis·
1362 3922 1510 3994 sequentis
1522 3921 1582 3979 diei
1599 3920 1740 3992 originem
1754 3923 1818 3975 tra-

111 4008 130 4065 8
155 4024 216 4066 000.
242 4016 271 4068 04
294 4008 310 4068 4
333 4020 429 4081 00004.
457 4013 535 4068 4000
558 4010 601 4082 43,
623 4009 641 4066 9
661 4013 723 4069 bor.
749 4019 777 4068 et
798 4012 815 4070 3
838 4020 936 4084 00004.
993 4012 1075 4069 40004.
1093 4011 1214 4068 llomani
1234 4018 1329 4069 autem
1349 4011 1475 4069 amedio
1494 4010 1588 4068 noctis
1604 4010 1721 4066 initium
1741 4007 1816 4068 oriri

115 4098 252 4170 400043,
267 4097 300 4156 40
318 4099 381 4156 bor.
398 4105 426 4157 et
443 4098 461 4157 3
476 4104 573 4171 00004.
589 4102 668 4157 4000
685 4098 727 4168 44,
746 4098 775 4156 44
796 4101 858 4158 hor.
877 4107 904 4158 et
922 4100 933 4159 4
991 4100 1052 4158 0404
1066 4100 1175 4169 004004,
1189 4105 1218 4156 04
1229 4101 1259 4157 40
1271 4101 1364 4158 medio
1376 4100 1568 4158 noctisiluiri.
1581 4098 1818 4164 Fastidiessunt,

114 4195 210 4261 punct.
235 4187 377 4260 400045,
397 4188 431 4246 60
451 4196 566 4261 000040,
589 4191 617 4247 40
632 4194 676 4246 004
695 4186 729 4245 43
748 4190 842 4247 boras.
859 4193 938 4247 Luna
993 4186 1201 4260 quibusiatur,
1219 4188 1309 4245 idest
1328 4189 1449 4260 dicitur,
1470 4193 1504 4245 04
1518 4187 1621 4245 0040044
1638 4186 1745 4259 quibus
1761 4198 1818 4243 000

114 4273 157 4348 46,
173 4275 202 4332 44
219 4276 350 4334 nometi
370 4284 468 4349 punct.
485 4279 563 4336 Luna
580 4276 623 4343 47,
641 4276 674 4335 40
690 4280 752 4335 4000.
766 4277 826 4336 043
840 4286 938 4351 00004,
993 4277 1113 4334 dicitur.
1129 4276 1235 4333 Feriati
1259 4276 1331 4344 dies,
1353 4276 1383 4332 40
1406 4275 1514 4346 quibus
1540 4289 1585 4333 res
1606 4276 1705 4332 divina
1728 4275 1769 4344 04,
1791 4281 1820 4331 04

113 4368 192 4423 4000
213 4364 256 4434 48,
280 4365 297 4422 9
318 4367 380 4424 bor.
404 4374 433 4423 et
453 4365 583 4439 300004.
603 4369 682 4424 Luna
706 4365 748 4436 49,
766 4366 785 4424 8
802 4369 864 4425 4000.
881 4375 908 4424 04
923 4363 940 4424 4
955 4366 1140 4434 Dabstiuere
1160 4365 1291 4423 homines
1309 4379 1326 4422 a
1347 4364 1451 4420 litibus
1474 4368 1597 4433 oportet.
1620 4361 1739 4419 Proicsti
1755 4362 1818 4417 dies

114 4461 211 4525 punct.
234 4457 313 4512 4000
331 4454 377 4514 30.
393 4455 411 4512 8
425 4457 487 4513 hor.
503 4457 590 4513 locet.
606 4456 686 4513 Luna
702 4454 734 4513 34
740 4498 747 4526 ,
761 4451 779 4512 7
796 4458 856 4514 bor.
876 4464 905 4514 et
925 4455 936 4512 4
995 4454 1077 4512 400440
1089 4455 1240 4525 contrarii,
1256 4454 1283 4510 id
1297 4453 1415 4510 0040400
1428 4451 1726 4523 religionelltridies
1738 4456 1815 4519 sunt,

113 4549 211 4613 punct.
228 4544 308 4601 Luna
321 4542 367 4614 33,
382 4544 400 4602 0
414 4546 474 4602 bor.
491 4550 520 4602 et
535 4544 553 4602 3
568 4551 666 4616 00004.
683 4546 763 4602 4000
778 4543 823 4618 33,
837 4544 854 4604 5
875 4548 936 4604 4000.
995 4544 1045 4615 qui
1061 4548 1089 4600 04
1100 4557 1265 4601 communes
1279 4548 1426 4601 00000400.
1439 4540 1592 4611 siderales,
1607 4541 1637 4596 iu
1653 4538 1760 4611 quibus
1772 4540 1819 4596 si-

112 4637 140 4686 et
158 4626 175 4686 3
194 4637 292 4701 punct.
315 4634 394 4689 Luna
408 4631 454 4703 34,
477 4630 494 4688 4
515 4632 577 4689 bor.
598 4638 627 4690 04
645 4629 661 4687 4
679 4639 776 4704 00004.
796 4636 873 4692 4000
892 4633 937 4710 35,
994 4634 1062 4690 dcra
1075 4638 1234 4703 moventur,
1250 4638 1279 4689 et
1293 4632 1424 4690 homines
1438 4645 1454 4687 a
1469 4628 1704 4702 navigationibus
1716 4628 1819 4687 00040-

112 4716 129 4774 4
152 4720 213 4776 bor.
238 4721 323 4777 lucet.
348 4724 426 4779 Luna
440 4721 485 4794 36,
502 4721 595 4780 34000.
611 4720 664 4780 044
685 4729 781 4795 00004.
800 4727 878 4782 4000
892 4723 937 4796 34,
993 4722 1114 4794 000400,
1131 4722 1181 4779 4044
1201 4721 1339 4778 00044000
1352 4719 1396 4778 30.
1420 4721 1578 4791 4400440000,
1595 4719 1703 4792 qulbus
1717 4717 1819 4776 400004

111 4806 129 4864 3
154 4809 217 4880 4000,
239 4814 268 4866 04
290 4807 309 4866 3
330 4817 428 4882 00004.
451 4810 596 4882 400038,
622 4810 634 4868 4
661 4812 722 4869 bor.
748 4818 777 4869 et
799 4811 817 4869 3
840 4819 938 4884 punct.
996 4812 1105 4868 bostem
1118 4810 1192 4867 bello
1206 4810 1353 4866 lacessere.
1368 4810 1554 4868 404000040οο0
1566 4810 1709 4868 04000004
1722 4805 1749 4879 6,
1765 4808 1817 4880 qui

111 4895 248 4967 400039,
263 4895 280 4954 4
294 4905 391 4970 00004.
407 4901 501 4957 babet.
515 4903 594 4959 Luna
607 4899 652 4972 30,
665 4899 684 4958 3
695 4901 812 4973 0000440
823 4904 938 4979 crescit,
990 4902 1075 4971 juxta
1084 4898 1232 4973 AEgyptios
1242 4906 1398 4969 supersunt
1411 4896 1445 4956 43
1458 4899 1615 4970 mensibus,
1629 4905 1657 4955 04
1672 4897 1818 4969 400404004

110 4990 141 5041 04
152 4982 330 5044 3000000044.
994 5003 1023 5046 ix
1038 4990 1100 5046 4404.
1111 4989 1188 5059 Sept.
1199 4991 1228 5043 04
1240 5001 1257 5042 0
1270 4987 1332 5044 llal.
1346 4994 1566 5045 memoratarum
1581 4987 1734 5045 00400400.
1750 4987 1818 5043 Dies

127 5136 130 5140 ,
147 5073 200 5129 Dic
219 5076 291 5133 mibi
308 5083 379 5150 quot
396 5078 481 5134 horas
496 5079 573 5136 lucet
585 5079 664 5152 luna,
678 5079 722 5137 vel
735 5087 807 5152 quot
820 5087 940 5151 punctos
993 5083 1156 5150 epactarum
1171 5081 1240 5134 sunt
1255 5075 1300 5148 44,
1316 5078 1367 5149 qui
1384 5091 1432 5149 000
1448 5077 1580 5151 singulos
1600 5091 1690 5135 00000
1703 5077 1738 5133 00
1754 5089 1817 5131 000-

111 5161 198 5219 babet
219 5163 297 5238 luna,
322 5168 431 5241 quibus
456 5167 588 5239 partibus
613 5168 666 5226 hoc
689 5171 809 5241 reperiri
835 5170 938 5243 000044,
994 5182 1057 5227 000
1070 5168 1200 5224 lunarem
1210 5166 1390 5223 0000000004.
1406 5168 1476 5222 Nam
1491 5167 1521 5223 40
1534 5180 1609 5225 0000
1624 5165 1658 5225 43
1672 5166 1747 5222 lunae
1762 5160 1815 5220 354

108 5253 204 5323 Quare
222 5252 424 5328 0004000400
443 5257 624 5329 multiplicas
638 5259 729 5328 ipsam
747 5259 855 5331 lunam,
869 5260 939 5331 quia
993 5258 1056 5316 dies
1088 5256 1201 5327 habeut,
1234 5260 1378 5312 00000004
1410 5256 1445 5312 00
1472 5270 1589 5314 cursum
1613 5252 1680 5311 0004
1710 5251 1815 5308 solaris

109 5347 214 5413 quarta
244 5343 293 5400 die
327 5343 421 5402 iactus
450 5346 559 5402 004004
591 5350 619 5403 04
654 5345 731 5402 4000.
766 5347 859 5417 Quare
890 5362 940 5419 000
992 5348 1055 5406 dies
1080 5343 1124 5414 44,
1149 5359 1222 5416 quos
1243 5349 1357 5416 epactas
1383 5344 1509 5417 AEgyptii
1536 5352 1677 5406 vocavere,
1706 5353 1757 5410 pro
1781 5351 1815 5396 eo

112 5430 246 5501 quintam
257 5432 379 5505 dividis,
390 5439 420 5492 04
432 5435 562 5508 quiuque
574 5433 673 5506 puncti
688 5447 773 5491 unam
785 5433 884 5493 boram
894 5450 939 5495 ex·
994 5437 1070 5509 quod
1085 5434 1121 5492 ad
1135 5433 1335 5492 inveniendam
1349 5433 1447 5492 40000
1461 5435 1612 5507 00040400
1623 5440 1729 5485 aunum
1743 5428 1816 5498 adji-

112 5517 232 5591 94494444·
995 5526 1118 5584 cientur.
1136 5524 1310 5585 solstitiales
1332 5523 1396 5581 dies
1417 5525 1495 5592 suut,
1518 5520 1548 5577 in
1566 5517 1672 5590 qulbus
1686 5518 1729 5579 eol
1744 5523 1813 5591 stat,
