3876 6090
116 229 170 292 595
732 229 908 287 munsilsll
933 226 1203 284 ululloullucnun
1772 219 1829 279 596

117 358 168 431 qui
178 358 366 415 consederant
377 358 403 414 ei
417 359 564 431 ingressus
574 363 617 415 est
632 358 766 415 nuntiare
779 353 945 427 imperatori
961 351 991 412 A
1001 365 1066 410 cum
1091 366 1148 410 uno
1172 352 1350 409 solummodo
1367 351 1534 406 indumento
1549 359 1691 405 asumma
1702 346 1829 402 discisso

117 460 237 519 quaeque
251 448 311 518 ipse
325 447 426 503 voluit.
444 448 612 504 Eduxerant
622 453 716 503 anum
732 451 861 501 sanctum
873 457 947 514 apo-
1003 443 1117 498 induas
1140 448 1244 515 partes,
1270 442 1375 498 alsine
1394 440 1535 496 cinctorio
1557 437 1744 509 sequebatur,
1758 436 1830 492 adeo

115 535 481 593 stolicumvirumdecella
494 537 612 607 judicii,
625 536 820 606 magisautem
836 533 946 589 exaula
1001 537 1035 588 ut
1053 533 1192 589 interiora
1213 532 1276 601 ejus
1300 529 1509 602 quodammodo
1525 528 1601 585 nuda
1621 526 1828 597 panderentur,

114 624 238 695 Caipbae,
269 625 299 681 in
324 626 479 696 gestatorio
505 625 591 681 sedili
615 625 768 689 sedentem,
788 627 816 679 et
835 626 947 678 statue-
1000 627 1029 678 et
1044 620 1203 677 multitaria
1220 621 1334 692 quidem
1353 620 1491 676 continuo
1505 617 1689 689 populorum,
1702 628 1831 685 conspe·

116 718 185 770 runt
199 727 263 770 enm
277 713 306 769 in
328 714 420 770 medio
439 714 507 770 atrii
530 714 605 785 quod
622 718 683 769 erat
697 717 763 768 ante
780 710 880 767 cellam
896 723 947 766 sa-
1001 711 1057 767 ctis
1081 725 1145 783 qua
1173 710 1288 779 debant,
1311 708 1468 782 gemebant,
1498 713 1530 763 ut
1551 706 1701 762 ueritatem
1722 705 1828 773 dicam,

115 802 237 874 cellarii,
249 806 277 858 et
296 802 457 872 imperialis
474 803 593 874 stabuli,
610 817 667 875 quo
681 804 866 857 consueverat
879 813 945 855 om·
1001 803 1029 856 et
1043 798 1282 871 lacrymabantur.
1299 799 1385 854 Pauci
1399 804 1493 855 autem
1505 796 1708 852 ministrorum
1723 799 1830 850 samaa

115 893 163 949 nis
183 891 307 962 populus
330 892 481 948 convenire
503 896 531 947 et
550 896 712 962 exspectare
734 889 878 947 sacellarii
896 889 947 945 in·
1001 888 1162 961 gaudebant
1178 894 1207 945 et
1225 888 1448 959 subsannabant,
1466 891 1494 942 ct
1512 886 1606 958 capita
1633 887 1827 956 transeuntes,

115 996 253 1056 gressum.
266 981 522 1037 Circumdederunt
543 994 607 1037 eum
620 980 810 1047 excubitores,
829 984 947 1048 eratque
1001 979 1078 1034 sicut
1091 978 1231 1048 scriptum
1248 981 1293 1034 est
1306 977 1463 1048 monebant,
1478 976 1621 1032 dicentes:
1640 974 1694 1028 Ubi
1709 974 1828 1028 estlleua

114 1070 249 1127 omnibus
263 1069 457 1140 spectaculum
471 1067 652 1125 formidabile
667 1069 771 1125 turbis.
792 1070 858 1123 Post
872 1080 947 1137 pau·
1001 1067 1070 1135 ep‘as,
1086 1072 1111 1122 ct
1122 1068 1171 1122 ubi
1179 1068 1245 1138 tides
1256 1068 1325 1136 oJas,
1340 1072 1365 1122 ct
1378 1067 1426 1120 abi
1435 1066 1560 1120 doctrina
1572 1065 1659 1134 ipsias
1670 1065 1684 1117 ?
1695 1062 1753 1132 Qui
1765 1075 1828 1118 cum

115 1161 208 1220 lulum
219 1173 296 1231 ergo,
306 1159 456 1228 jusserunt
468 1156 569 1214 inferri
586 1172 649 1214 eum
667 1159 697 1214 in
709 1157 853 1214 solarium
863 1170 946 1228 expo
1000 1157 1125 1212 uenisset
1136 1157 1164 1213 in
1177 1158 1342 1227 praetorium
1353 1155 1558 1212 dehonestatus
1569 1158 1625 1209 eta
1640 1150 1829 1208 carnificibus

115 1249 244 1319 sitionis,
258 1252 290 1304 ut
302 1252 377 1304 esset
388 1247 429 1302 ibi
442 1253 585 1318 quatenus
599 1248 775 1318 prospiceret
790 1247 947 1318 imperator
1000 1245 1165 1302 vinculatus
1185 1260 1250 1302 cum
1274 1246 1389 1318 gladiis,
1412 1245 1596 1314 conjecerunt
1608 1255 1674 1298 eum
1691 1241 1723 1296 in
1740 1253 1826 1298 unum

114 1351 165 1408 pcr
176 1337 318 1394 cancellos
338 1336 462 1392 triclinii
478 1337 524 1393 sui
540 1350 574 1392 ea
596 1351 660 1407 qua
675 1335 772 1393 lutura
787 1340 868 1392 erant
883 1335 944 1394 teri
1000 1348 1144 1392 carcerum
1156 1350 1221 1392 cum
1233 1335 1398 1402 homicidis,
1411 1341 1439 1390 et
1454 1338 1612 1404 postumam
1626 1330 1712 1402 quasi
1729 1329 1826 1388 boram

114 1427 181 1483 Erat
197 1426 294 1497 itaque
308 1425 465 1482 multitudo
483 1425 654 1497 populorum
679 1425 821 1495 usquead
839 1425 946 1496 hippo-
1000 1426 1129 1482 tulerunt
1144 1439 1207 1481 eum
1229 1425 1305 1496 inde,
1324 1430 1352 1481 et
1374 1424 1613 1494 transposuerunt
1627 1421 1658 1476 in
1678 1433 1753 1492 eam,
1767 1433 1827 1490 qua

114 1517 245 1573 dromum
275 1513 403 1570 conserta
425 1514 658 1570 convenientium
681 1513 753 1570 illic.
776 1514 946 1570 statuerunt
1000 1516 1110 1572 dicitur
1142 1515 1289 1572 Diomedis
1318 1514 1459 1584 custodia,
1479 1513 1509 1568 in
1533 1510 1667 1583 prataria
1686 1508 1823 1566 Praefecti.

114 1617 181 1676 ergo
193 1603 455 1659 reverentissimum
467 1603 561 1659 virum
578 1603 608 1659 in
620 1604 714 1659 medio
729 1603 829 1659 solarii
842 1603 947 1673 dispo-
1000 1606 1089 1661 Tanta
1109 1609 1204 1661 autem
1224 1604 1363 1660 instantia
1375 1607 1403 1658 et
1420 1603 1447 1658 vi
1461 1600 1612 1659 trahebant
1622 1613 1689 1656 eum
1703 1599 1826 1657 vinculis

114 1692 242 1762 ebionis,
259 1692 409 1762 praesentia
422 1692 513 1747 totius
535 1691 819 1748 senatussubnixum
839 1692 907 1748 hinc
918 1700 947 1751 et
961 1671 987 1730 B
1003 1708 1106 1751 nexum
1122 1699 1154 1751 ut
1172 1694 1384 1750 dilaniarentur
1401 1705 1487 1748 crura
1505 1695 1534 1746 et
1558 1690 1683 1762 poplites
1708 1689 1781 1760 ejus,
1800 1694 1826 1745 et

115 1780 190 1836 inde.
208 1780 291 1836 Facta
303 1784 347 1836 est
359 1793 426 1853 ergo
439 1782 613 1851 constipatio
623 1781 721 1836 subito
741 1795 798 1839 nan
814 1781 945 1838 minimas
1002 1786 1120 1855 sanguis
1133 1783 1258 1840 efflueret
1270 1797 1320 1854 per
1329 1796 1477 1839 ascensum
1491 1781 1573 1837 scalae
1585 1779 1713 1849 ejusdem
1729 1782 1827 1834 custo-

114 1875 142 1926 et
160 1869 259 1925 exiens
278 1868 313 1925 ab
335 1870 506 1940 imperatore
530 1870 699 1926 sacellarius
723 1871 831 1940 apertis
848 1871 948 1941 ianuis
1001 1875 1066 1931 die.
1081 1873 1239 1930 Suntenim
1252 1872 1408 1943 scopulosi,
1422 1877 1450 1927 et
1464 1871 1557 1941 asperi
1571 1870 1700 1925 valdeac
1713 1868 1825 1939 penitus

117 1957 241 2014 triclinii
263 1958 291 2013 in
312 1956 450 2013 solarium
470 1958 598 2014 dividere
618 1958 783 2015 universum
809 1959 945 2031 populum

113 2047 212 2117 jussit.
225 2045 404 2117 veniensque
413 2046 447 2101 ad
460 2052 588 2104 sancttnn
603 2060 635 2101 ac
649 2047 839 2103 venerabilem
852 2049 945 2106 uirum

115 2134 272 2190 Martiarum
283 2133 484 2204 apostolicum,
496 2134 573 2190 dixit
590 2137 624 2191 ad
638 2149 720 2191 eum:
736 2137 805 2192 Vide
815 2139 946 2208 quamodo

117 2224 189 2277 Deus
203 2226 229 2276 te
249 2222 378 2288 clamitet
393 2223 511 2278 tradidit
522 2226 552 2277 in
573 2240 671 2280 manas
682 2230 797 2281 nostras.
817 2229 857 2282 Ta
872 2230 947 2282 nite-

116 2311 192 2366 baris
210 2315 305 2365 aoatra
325 2313 532 2393 imperatorem:
550 2312 618 2382 qaid
641 2314 692 2368 tibi
705 2317 764 2384 spei
785 2319 867 2372 erat?
880 2319 947 2373 Eece

117 2399 290 2469 dereliquisti
299 2401 395 2462 Deum,
417 2403 443 2454 et
457 2399 603 2470 dereliquit
625 2405 649 2456 tc
662 2405 743 2457 Deus.
758 2404 794 2459 Et
806 2405 945 2461 continuo

115 2486 277 2544 exclamans
289 2488 459 2545 sacellarius
471 2490 620 2559 quemdam
633 2492 791 2549 astantium
801 2494 947 2551 excubito·

114 2589 178 2631 ram
197 2580 350 2645 tonsorem,
378 2578 512 2647 pracepit
526 2579 589 2634 sine
611 2594 688 2636 mara
707 2580 819 2638 auterre
840 2584 946 2652 psach-

113 2663 183 2719 nion
196 2673 212 2705 α
224 2664 329 2720 summi
347 2668 374 2719 et
391 2665 541 2735 apostolici
559 2674 644 2738 atque
667 2671 803 2740 precipui
821 2674 944 2741 pastoris

114 2753 244 2809 omnium
258 2753 501 2828 Cbristianorum,
518 2757 567 2827 qui
579 2758 766 2815 orthodoxam
780 2767 943 2820 sanctarum

113 2842 229 2898 Patrum
251 2847 278 2898 et
295 2843 467 2913 synodorum
490 2844 708 2919 consessionem,
731 2849 784 2906 hoc
798 2856 841 2907 est
860 2851 943 2908 iidem

1003 1964 1033 2019 in
1056 1963 1145 2019 altum
1168 1961 1290 2033 porrecti
1311 1962 1425 2034 gradus.
1449 1962 1515 2016 Erat
1529 1965 1624 2015 autem
1645 1959 1708 2029 ipse
1730 1957 1826 2015 beatus

1003 2046 1825 2123 prasentisnitaproximusjamcareresuppliciis,anima

1001 2141 1151 2198 deliciante
1173 2139 1258 2196 etiam
1275 2144 1340 2195 ante
1362 2138 1500 2211 gladium,
1526 2138 1661 2208 cumjam
1676 2150 1735 2193 non
1750 2135 1825 2191 rale-

1002 2235 1045 2288 ret
1065 2230 1253 2287 conscendere
1274 2242 1339 2284 cum
1353 2242 1382 2284 sc
1404 2226 1594 2284 trahentibus.
1613 2225 1824 2282 introducentes

1001 2334 1067 2393 ergo
1080 2332 1155 2388 cum,
1169 2318 1426 2390 quomodocunque
1438 2318 1467 2372 in
1478 2316 1637 2372 custodiam
1648 2316 1824 2372 decidentem

1000 2409 1107 2479 sapius
1121 2413 1149 2463 et
1162 2412 1324 2479 surgentem
1335 2412 1503 2479 posuerunt,
1513 2406 1543 2461 in
1559 2418 1676 2461 scamno
1692 2405 1822 2461 indutum

1000 2498 1103 2555 calibis
1117 2504 1145 2554 et
1163 2497 1281 2554 catenis.
1305 2498 1384 2551 Tunc
1396 2495 1483 2565 enirn,
1507 2495 1620 2565 quando
1640 2494 1770 2551 traditus
1786 2497 1824 2550 est

999 2602 1015 2644 a
1030 2587 1136 2658 Caipha
1149 2587 1240 2644 Pilato
1253 2586 1517 2658 utcrucillgeretur,
1530 2584 1583 2640 hoc
1597 2587 1667 2640 esta
1684 2582 1822 2655 praeiecto,

999 2677 1209 2734 continuocum
1222 2679 1357 2731 exuerent
1366 2688 1431 2729 eum
1444 2673 1603 2743 carnifices,
1613 2673 1742 2746 graviter
1754 2671 1824 2745 algo

1000 2766 1081 2823 ribus
1091 2765 1264 2821 vexabatur:
1279 2764 1427 2820 eratenim
1442 2763 1636 2820 intolerabilis
1652 2762 1756 2818 biems.
1773 2763 1820 2817 lm·

999 2861 1155 2927 posuerant
1184 2855 1382 2927 eigrarissima
1411 2852 1479 2909 terri
1510 2853 1644 2925 pondera,
1668 2857 1698 2908 et
1729 2851 1823 2908 nullus

113 2930 304 3002 confirmaxit,
316 2939 345 2989 et
358 2934 422 2989 noui
440 2936 548 2992 erroris
562 2944 686 3010 exortos,
697 2944 839 3013 auctores,
857 2956 943 3000 nonos
997 2946 1095 3001 aderat
1109 2946 1134 3001 ci
1152 2945 1300 3000 hominum
1322 2944 1384 3013 ejus
1398 2944 1542 3014 proprius,
1566 2945 1685 3012 excepto
1700 2955 1760 2998 uno
1775 2953 1820 2996 so-

115 3019 249 3076 nidelicet
269 3021 427 3096 hereticos,
446 3037 511 3079 cum
529 3024 629 3095 impiis
641 3027 825 3100 dogmatibus
843 3044 942 3088 eorum
958 3012 982 3076 C
997 3034 1143 3091 lummodo
1165 3033 1269 3089 clerico
1294 3032 1490 3088 adolescente:
1515 3031 1624 3102 quique
1642 3041 1821 3088 commanens

113 3109 250 3165 canonice
260 3113 288 3166 et
298 3099 432 3181 synodice
450 3113 709 3171 anathematizavit.
730 3118 799 3175 Cum
812 3133 880 3191 ergo
893 3121 944 3175 in-

113 3196 233 3254 cidisset
245 3199 402 3269 psachnion
413 3200 489 3258 beati
506 3202 561 3259 viri
572 3205 731 3279 excubitor,
748 3212 777 3264 et
788 3210 942 3283 corrigiam

112 3287 327 3360 campagiorum
344 3288 416 3361 ejus,
435 3292 533 3346 statim
556 3294 680 3351 tradidit
697 3310 762 3353 eum
776 3299 945 3357 sacellarius

112 3372 244 3443 praeieuio
270 3375 362 3446 urbis,
378 3378 492 3435 diceus:
512 3381 585 3436 Tolle
599 3399 669 3447 cum,
690 3384 798 3440 dominc
807 3392 943 3469 perfecte,

113 3464 277 3518 etcantiauo
297 3466 469 3522 membratim
486 3469 577 3523 incide
595 3472 681 3526 illam.
705 3473 775 3529 Cum
789 3475 835 3531 bis
849 3483 943 3534 aulem

112 3551 248 3608 omnibus
255 3553 345 3621 jussit
358 3555 522 3612 astantibus
531 3559 772 3617 anathematizare
781 3576 855 3634 eum,
868 3566 942 3635 quod

112 3643 141 3695 et
164 3638 300 3696 iecerunt.
324 3643 385 3697 Non
401 3644 609 3713 responderunt
627 3653 722 3705 autem
745 3651 940 3721 hujuscemodi

112 3729 174 3785 uoci
188 3729 290 3800 viginti
310 3729 438 3786 virorum
458 3732 570 3788 animae.
587 3734 639 3792 Sed
654 3750 752 3795 omnes
768 3741 877 3814 quique
889 3745 942 3802 hoc

113 3817 208 3888 ipsum
223 3815 366 3882 videbant,
386 3821 415 3872 et
434 3818 563 3876 sciebant
586 3823 654 3895 quia
676 3831 719 3881 est
732 3828 808 3885 Deus
820 3830 850 3886 in
870 3833 942 3890 coelo

112 3909 280 3974 conspector
301 3916 399 3960 earum
420 3920 483 3977 quae
507 3908 620 3979 debant,
636 3913 758 3972 dimisso
775 3917 857 3975 vultu
876 3936 942 3980 curo

113 3991 204 4047 multa
215 3991 411 4049 mestitudine
419 3996 585 4056 recedebant
595 4001 737 4060 tribulati.
749 4006 943 4079 suscipientes

113 4093 259 4153 argaeum
282 4081 431 4139 carnifices
449 4092 728 4150 exueruntexterius
746 4097 809 4166 ejus
821 4098 941 4170 pallium

995 3121 1819 3197 eiincustodia,etsuperstanslamcntabaturmagistrun,

996 3213 1082 3270 sicuti
1107 3213 1215 3269 Petrus.

1034 3401 1101 3454 Erat
1119 3397 1205 3453 etiam
1227 3396 1395 3452 convinctus
1418 3394 1555 3466 magister
1577 3394 1720 3451 custodiar
1736 3393 1821 3451 eidcn

999 3488 1091 3556 beato,
1108 3485 1242 3558 quoniam
1265 3485 1307 3540 sic
1331 3489 1390 3541 erat
1410 3498 1480 3554 moS,
1503 3488 1535 3540 ut
1557 3482 1677 3539 iuturus
1699 3484 1760 3554 pati
1779 3495 1821 3554 per

999 3575 1125 3648 gladium
1137 3574 1352 3631 convinciretur
1360 3573 1496 3646 magistro
1504 3571 1653 3629 custodiae.
1664 3573 1756 3629 lirant
1762 3582 1821 3645 crgo

998 3665 1063 3720 duae
1074 3665 1219 3730 mulieres,
1232 3664 1359 3737 genitrix
1373 3669 1400 3719 et
1415 3667 1491 3732 nata,
1506 3663 1724 3733 praenuminatae
1735 3667 1822 3720 custo

998 3755 1054 3812 diae
1068 3754 1161 3810 claves
1175 3757 1313 3820 tenentes,
1329 3765 1449 3824 quaque
1471 3751 1646 3822 aspicientes
1659 3751 1822 3823 importabi-

999 3844 1053 3901 lem
1064 3843 1190 3901 dolorem
1204 3843 1294 3898 sancti
1307 3842 1389 3898 illius
1402 3841 1451 3912 qui
1469 3842 1544 3897 inter
1556 3845 1599 3897 tot
1608 3855 1760 3912 poenarum
1776 3855 1822 3916 ge-

998 3947 1065 3989 nera
1087 3946 1150 4004 quae
1173 3932 1300 4000 aderant,
1326 3929 1421 4003 algore
1445 3929 1616 4001 quatebatur
1639 3930 1818 3988 durissimo:

997 4027 1080 4079 mota
1094 4020 1342 4092 compassionibus
1363 4019 1526 4091 querebant
1547 4019 1675 4091 aliquam
1689 4020 1822 4076 exhibere

997 4110 1224 4167 misericordiam
1245 4123 1308 4165 oum
1333 4123 1376 4181 eo,
1392 4114 1420 4165 et
1434 4115 1582 4183 contegere
1596 4123 1673 4180 eum,
1698 4110 1748 4167 sed
1768 4119 1819 4166 noa

112 4169 299 4270 ⁵³00i00¹³l¹⁸
328 4171 418 4243 ⁵2⁰¹&
438 4178 467 4229 θῑ
486 4177 649 4236 scindentes
673 4182 734 4240 ³¹³⁸
757 4188 861 4244 iunicae
879 4205 941 4260 (luae
996 4199 1138 4256 audebant
1159 4204 1275 4271 propter
1289 4199 1472 4255 convinctum
1491 4202 1519 4254 ei
1533 4198 1746 4255 custodientem
1758 4211 1822 4255 ear-

112 4260 174 4312 elii
187 4261 341 4360 lssieifflsfl
355 4275 467 4364 summo
480 4279 570 4337 usqne
582 4269 715 4327 deorsum
730 4274 940 4347 circumposue·
996 4288 1118 4345 nidcem.
1130 4288 1272 4345 Putabant
1283 4288 1360 4345 enim
1370 4293 1498 4344 actutum
1509 4293 1658 4357 uenturam
1672 4301 1820 4346 censuram

42 4428 45 4432 Ι
113 4350 181 4402 runt
194 4344 283 4402 ferrea
295 4350 409 4451 vincula
424 4365 453 4407 1n
469 4361 594 4411 sanctam
605 4359 668 4427 ejus
682 4362 830 4437 cervicem,
847 4371 874 4422 et
890 4383 939 4438 per
954 4348 982 4410 D
997 4382 1028 4434 nt
1042 4377 1245 4434 trucidaretur.
1261 4378 1327 4433 Post
1340 4376 1476 4448 quasdam
1492 4390 1557 4433 nero
1573 4376 1669 4446 boras,
1685 4390 1754 4434 cum
1771 4390 1822 4433 no-

113 4448 195 4492 omue
213 4449 318 4539 corpus
342 4442 569 4542 substrahentes
582 4459 648 4502 cum
662 4449 702 4518 vi,
719 4464 775 4508 non
796 4468 940 4516 concesse·
994 4471 1106 4523 cassant
1117 4466 1233 4539 quidam
1246 4465 1281 4521 ab
1295 4467 1395 4523 imoex
1407 4466 1508 4523 ordine
1518 4465 1640 4522 militari
1650 4467 1819 4540 magistrum

112 4529 180 4580 runt
194 4529 309 4595 penitus
330 4542 356 4584 er
376 4529 484 4630 alicubi
500 4532 625 4590 residere
635 4540 663 4592 et
682 4540 807 4599 animam
822 4546 941 4605 reiocil·
994 4556 1102 4628 vigiliae
1116 4556 1288 4627 carnidcem,
1315 4557 1502 4612 descendente
1516 4569 1559 4624 eo,
1585 4568 1642 4612 una
1664 4557 1819 4613 mulierum

112 4611 181 4685 lasea
205 4615 252 4671 ⁸⁰⁶
276 4630 292 4672 ³
315 4616 421 4687 l³l³t¹0
445 4618 595 4722 dimum.
623 4637 687 4726 eum
714 4631 893 4699 publicantes
912 4649 940 4702 et
994 4645 1204 4718 ergastulorum
1219 4646 1335 4702 illorum
1361 4645 1477 4717 pietatis
1495 4645 1716 4718 nisoeredueta,
1739 4657 1820 4702 acoe-

111 4700 332 4805 dehonestantes
341 4719 392 4776 per
402 4706 527 4764 medinm
540 4710 710 4773 civitatrsad
723 4725 898 4802 praetorium,
911 4735 940 4786 et
993 4733 1064 4791 dens
1078 4734 1306 4805 amplectensque
1318 4733 1484 4791 bellatorem
1502 4734 1622 4804 Christi,
1633 4739 1663 4791 et
1676 4733 1820 4806 apostoli-

112 4790 226 4864 i¹³d¹¹¹⁸
240 4807 334 4851 ⁰⁰l³ffl
353 4807 396 4851 ⁰⁰·
969 4824 970 4828 ’
993 4838 1058 4882 cunt
1074 4828 1192 4895 patrem,
1215 4828 1387 4894 portansque
1406 4823 1557 4880 reclinavit
1571 4838 1637 4880 eum
1653 4824 1684 4880 in
1703 4825 1819 4898 proprio

132 4880 213 4981 Em
231 4891 325 4983 autem
339 4883 422 4985 dolor
440 4899 560 4960 magnus
579 4890 660 4951 beato
675 4895 732 4968 illi,
744 4905 774 4957 et
788 4902 939 4963 inenarra-
994 4918 1056 4971 toro
1068 4927 1130 4986 suo,
1142 4917 1295 4985 contegens
1309 4912 1422 4971 utiliter
1429 4919 1457 4969 ct
1472 4913 1628 4970 involvens.
1643 4914 1753 4971 liansit
1764 4929 1819 4972 au-

111 4967 197 5069 brlrs:
228 4971 333 5041 oppido
359 4984 436 5074 enlm
455 4983 516 5034 erat
540 4976 632 5038 lessus
661 4989 690 5040 et
709 4987 851 5055 infirmus,
881 5009 938 5065 prae
994 5007 1049 5059 tem
1074 5002 1211 5073 usquead
1230 5016 1378 5072 uesperum
1402 5003 1466 5060 sine
1488 5016 1565 5060 uoce.
1584 5004 1709 5075 Vespere
1725 5009 1818 5063 autent

109 5061 201 5114 tantis
226 5059 416 5119 incommodus
445 5061 578 5172 iuturus·
590 5071 752 5145 relinquere
779 5080 939 5142 animama
994 5088 1078 5162 lacto,
1093 5091 1173 5147 misit
1183 5090 1216 5148 ad
1236 5105 1300 5147 eum
1317 5091 1474 5164 Gregorius
1492 5091 1646 5149 Praefectus
1660 5093 1820 5151 Eunuchus

112 5159 245 5217 pressura
265 5148 432 5218 passionum
457 5159 485 5210 et
500 5160 641 5261 unanime
660 5165 783 5234 coporis.
807 5168 938 5230 Attamen
992 5193 1025 5236 ex
1048 5179 1237 5237 cubiculariis
1262 5182 1395 5251 majorem
1418 5182 1521 5239 domus
1548 5196 1608 5238 suae
1633 5197 1701 5240 cum
1724 5185 1820 5256 parnis

111 5235 238 5335 gaudens
262 5251 311 5307 spe
340 5239 566 5348 confortabatur·
582 5263 611 5304 nn
646 5252 784 5312 Domino:
809 5263 847 5330 et,
882 5278 938 5335 quo
993 5267 1122 5339 cibariis,
1158 5269 1207 5339 qui
1240 5268 1339 5325 reiecit
1370 5284 1445 5342 cum,
1478 5271 1598 5328 dicens:
1624 5274 1665 5330 Ne
1701 5273 1819 5332 dedcias

111 5336 202 5395 magus
224 5338 289 5381 cum
318 5327 472 5387 ablucirone
492 5338 519 5389 et
539 5349 567 5391 vr
586 5338 762 5407 trahebatur,
784 5360 816 5404 eo
839 5365 938 5412 sereno
993 5358 1022 5413 in
1044 5356 1292 5429 tribulationibus,
1316 5360 1489 5417 confidimus
1505 5360 1534 5416 in
1554 5362 1657 5434 Deum,
1675 5376 1733 5421 non
1755 5376 1820 5420 ωο-

111 5411 329 5471 obtutuductus
353 5431 418 5473 cum
442 5420 531 5477 multa
543 5429 703 5487 constantia
717 5435 819 5495 anirnae
829 5441 935 5518 justus,
991 5445 1137 5504 ricris.1n
1159 5462 1216 5520 quo
1245 5449 1336 5521 magis
1360 5456 1530 5523 aggravatus
1558 5450 1610 5506 ille
1635 5450 1741 5512 beatm
1770 5455 1820 5511 in·

145 5520 161 5552 a
172 5511 228 5567 lloc
240 5516 283 5567 est
295 5514 414 5583 pallium
427 5518 469 5574 vel
484 5534 587 5590 peram.
606 5527 676 5585 Vide
689 5532 790 5593 Barou.
806 5541 840 5597 ad
865 5556 930 5601 ann.
951 5543 1013 5617 att,
1031 5560 1112 5610 numa
1124 5547 1167 5622 lb,
1181 5549 1232 5621 qul
1246 5563 1312 5606 cum
1328 5549 1396 5608 aliis
1416 5549 1653 5622 legitpsacbmoo·
