3876 6090
181 246 236 308 815
649 244 890 305 wocrnattbtts
916 239 1111 299 PRESBYTER
1141 242 1433 304 tlasatvtvlnvtlvds.
1839 243 1895 307 876

181 380 249 437 dnm
272 383 427 435 memorata
449 374 679 432 sanctimonialis
690 372 805 430 Liubila
824 386 887 443 qua
903 371 933 426 in
950 371 1007 426 isto
1023 367 1053 429 Α
1063 373 1145 442 jusve
1160 375 1256 429 meriti
1277 374 1352 445 apud
1369 377 1457 431 Deum
1474 374 1533 432 hac
1554 380 1653 432 sancta
1673 375 1714 432 sit
1737 375 1820 447 virgo
1832 389 1894 446 quc

181 468 353 528 monasterio
375 476 443 525 tuuc
464 470 565 523 enatet
579 465 674 522 adbuc
690 467 834 535 permanet
849 459 1006 530 abbatissa,
1066 461 1232 533 hujusmodi
1251 469 1280 520 et
1296 464 1405 521 similia
1422 465 1573 535 impetrare
1589 470 1716 522 meretur

183 570 248 614 cum
260 553 329 610 aliis
351 553 406 608 Deo
430 553 550 610 sacratis
570 552 687 608 leminis
700 554 729 606 ln
747 552 808 620 ipso
819 548 926 621 oppido
940 560 1011 618 pro-
1376 554 1486 609 cApUT
1504 555 1578 610 x111,

186 651 248 717 pter
263 642 448 700 traditionem
465 654 549 712 quam
574 640 678 697 lecerat
699 641 728 694 B.
752 636 924 694 willibaldo
945 637 1011 706 jure
1101 640 1378 714 liocigitnrpalrato
1392 643 1895 702 miraculoddelbertnsAlamanniae

184 731 366 791 haetadiwtw
381 730 507 802 ejusdem
522 730 702 797 ῐῐιῡιῑῑιδῑθιὶῑι
719 729 797 785 δὶῡῠῑ
810 727 854 784 lex
866 724 1006 783 Sutlavel'
1066 743 1160 786 comes
1180 731 1306 788 illustris
1322 733 1371 789 ille
1385 748 1475 805 usquc
1497 735 1616 791 devotus
1631 735 1759 804 advenit,
1782 748 1894 791 cereum

183 823 249 880 dica
261 834 276 865 ι
289 821 428 893 continet,
448 826 592 876 moratura
605 820 700 876 tribus
720 820 749 874 in
770 819 855 874 domo
878 822 1012 872 extranea
1067 833 1123 875 non
1139 821 1282 877 modicum
1304 822 1419 890 detulit,
1438 829 1466 879 et
1483 824 1588 879 altario
1612 838 1720 895 pronus
1744 824 1892 895 imposuit,

184 903 1011 982 noctibussoporimembradedissetgraviqneincommodo
1068 924 1118 980 pro
1141 924 1172 966 se
1196 910 1314 983 suisque
1343 913 1514 983 suppliciter
1537 914 1691 970 Dominum
1710 919 1740 971 et
1755 915 1893 989 virginem

184 1005 314 1077 podagrae
327 1008 506 1075 quateretur,
522 1001 617 1056 astitit
628 1001 653 1055 ei
665 998 781 1070 quidam
792 995 952 1053 veneranda
968 1006 1012 1048 ca·
1066 1000 1203 1073 exoravit,
1220 1002 1319 1072 sicque
1340 1002 1539 1059 benedictione
1559 1005 1649 1074 potita
1664 1005 1699 1060 ad
1714 1005 1835 1076 propria
1849 1019 1893 1062 re-

183 1094 257 1151 nitie
266 1093 389 1149 clericus
411 1091 461 1162 qui
477 1104 538 1146 eam
555 1090 595 1145 ita
614 1088 788 1158 compellans
801 1085 858 1141 ait:
884 1082 1010 1156 Liubila,
1066 1089 1178 1144 meavit.
1191 1090 1357 1161 suscipiens
1367 1097 1462 1148 autem
1473 1093 1599 1149 eamdem
1609 1094 1760 1151 candelam
1771 1094 1893 1169 Liubila,

183 1197 235 1241 cnr
250 1182 383 1240 dormis‘l
397 1182 490 1250 Quare
506 1194 562 1236 uon
582 1191 701 1250 surgens
716 1176 751 1232 ad
769 1173 925 1232 Ecclesiam
943 1185 1011 1242 per⁴
1066 1177 1134 1249 qula
1149 1177 1265 1248 prelato
1280 1180 1379 1236 comiti
1397 1180 1627 1237 familiarissima
1642 1187 1725 1240 estet
1739 1196 1819 1256 cara,
1833 1199 1893 1241 can

184 1271 317 1346 gis‘lCui
332 1270 587 1339 illa,uthactenns
603 1267 717 1338 asserii,
732 1264 840 1321 similis
855 1258 1009 1319 dormienti
1063 1267 1179 1324 delabro
1203 1269 1294 1325 erexit
1318 1274 1346 1326 el
1368 1270 1545 1327 inaccensam
1571 1280 1639 1328 tunc
1661 1270 1736 1329 1⁴01·oe
1766 1273 1892 1345 reliquit,

184 1360 350 1433 rospondit:
368 1359 403 1415 Ut
417 1359 487 1431 quid
508 1371 584 1414 nnnc
597 1357 632 1412 ad
651 1355 800 1412 ecclesiam
815 1352 940 1409 eundum
956 1353 1008 1421 esi,
1064 1356 1171 1426 Quarto
1185 1371 1251 1414 vero
1270 1358 1318 1414 die
1336 1359 1450 1416 coelitus
1473 1360 1568 1417 lumen
1592 1361 1713 1433 accepit,
1745 1361 1894 1435 tribusque

184 1464 249 1508 cum
273 1451 356 1522 signa
380 1447 562 1504 matutinalia
584 1444 704 1502 necdum
732 1443 843 1513 pulsata
858 1439 939 1496 sint‘l
952 1439 1011 1510 Ego
1065 1445 1168 1503 diebus
1181 1451 1210 1502 ct
1225 1447 1358 1503 noctibus
1374 1449 1401 1504 in
1421 1463 1453 1505 ea
1468 1449 1577 1506 lumine
1595 1451 1782 1523 perdurante,
1794 1457 1893 1524 quarto

185 1540 292 1612 quippe
309 1552 359 1595 nec
382 1537 444 1593 illic
463 1536 576 1592 incessu
589 1535 692 1605 pedum
713 1544 827 1604 pergere
844 1528 932 1598 valeo,
952 1527 1010 1584 nisi
1066 1535 1179 1592 nemine
1189 1543 1358 1609 emungente
1368 1539 1508 1595 exstincta
1517 1547 1569 1596 est.
1585 1541 1658 1596 Hora
1674 1545 1771 1597 antem
1787 1555 1845 1613 qua
1855 1543 1893 1598 di-

185 1627 319 1686 manibtts
346 1627 470 1683 aliorum
487 1624 581 1680 delata
602 1622 747 1680 θιὸῑῑῑθιῡ·
773 1619 828 1690 Qui
854 1618 910 1674 ιὶῑῑ
933 1615 1011 1672 Vide
1065 1627 1307 1683 vinitusccomas
1323 1628 1463 1685 radiantis
1479 1628 1556 1701 ignis
1571 1629 1744 1703 ablambuit,
1762 1631 1892 1689 videlicet

184 1716 325 1788 ῡθΙθιῑῑθῑι
340 1729 375 1772 1¹0
384 1713 515 1786 'millis’
534 1712 602 1784 quia
615 1715 642 1767 Β·
657 1709 847 1766 willibaldus
862 1705 1011 1763 ecclesiam
1026 1697 1053 1760 Β
1066 1728 1149 1788 nona,
1165 1716 1204 1773 ita
1220 1731 1250 1773 se
1262 1723 1362 1788 sponte
1371 1719 1444 1774 ostia
1459 1717 1628 1775 obstruxere
1642 1719 1774 1776 ecclesiae
1787 1725 1819 1776 ut
1836 1721 1892 1778 uul-

183 1821 249 1864 cum
265 1807 356 1863 multo
367 1805 481 1878 agmine
493 1803 574 1874 petit,
590 1800 715 1874 qualiter
728 1806 854 1856 sanctam
871 1810 951 1853 suam
968 1809 1011 1851 80·
1065 1803 1111 1860 lus
1127 1804 1201 1860 inira
1223 1804 1346 1861 duarum
1363 1805 1422 1863 iere
1449 1807 1582 1863 borarnm
1599 1807 1686 1877 spatii
1702 1809 1889 1878 quantitatem

185 1910 278 1954 rorem
298 1894 472 1952 reconditam
500 1890 646 1960 babeas,a
670 1895 696 1945 tc
717 1888 831 1944 curiose
847 1885 1011 1957 perquirere
1066 1893 1162 1964 patula
1188 1894 1289 1950 babere
1309 1901 1468 1951 moreretur
1483 1901 1511 1952 et
1534 1897 1640 1966 pervia.
1664 1897 1775 1953 Deinde
1804 1897 1888 1969 isqui

185 1985 291 2043 volens.
303 1985 370 2055 Quae
379 1983 527 2052 optimae
538 1981 563 2036 si
575 1980 650 2036 nibil
661 1976 833 2043 lrvcommodi
845 1974 1011 2047 pertulisset
1033 2020 1038 2027 .
1065 1981 1210 2039 obstruxit
1223 1983 1356 2040 cbristus
1372 1985 1507 2055 apparuit
1520 1991 1549 2042 et
1573 1986 1701 2056 patentia
1719 1986 1829 2043 intrare
1843 2001 1890 2044 vo-

183 2089 340 2148 exsnrgens
354 2077 382 2131 et
396 2072 506 2129 deloco
526 2071 561 2127 ad
578 2070 671 2126 locum
691 2066 839 2137 exsiliens,
860 2065 1008 2121 basilicam
1066 2069 1193 2127 lentibus
1204 2070 1280 2127 fecit.

182 2165 218 2222 ad
247 2178 331 2237 quam
353 2161 486 2219 tendebat
517 2159 670 2217 sanissima
697 2158 826 2229 ingressa
856 2159 908 2225 est,
944 2155 1011 2209 Deo
1376 2161 1486 2219 CAPUT
1504 2160 1577 2219 χιιι,

184 2268 239 2326 qne
252 2252 340 2310 simul
353 2259 446 2325 grates
459 2255 488 2306 ct
501 2249 608 2322 virgini
623 2261 673 2319 pro
688 2247 789 2317 adepta
810 2243 948 2315 sospitate
969 2254 1011 2298 re·
1100 2269 1169 2324 ΒΜ
1193 2274 1326 2341 mmm„
1348 2271 1471 2342 virginis
1493 2271 1626 2342 pmsidia
1651 2271 1836 2344 ,equinum
1854 2272 1888 2328 g.

183 2345 293 2429 pendit.
1065 2357 1112 2416 luc
1143 2360 1277 2415 devenere
1310 2359 1455 2431 mulieres,
1488 2365 1578 2417 mater
1612 2376 1677 2418 cnm
1712 2361 1784 2433 fllia,
1820 2368 1889 2419 utra·

1064 2462 1120 2519 que
1147 2463 1281 2504 manuum
1320 2449 1475 2506 curvedine
1499 2450 1659 2522 inhonesta,
1688 2453 1727 2508 de
1749 2453 1815 2508 vico
1843 2453 1885 2524 qui

216 2522 466 2592 Quidampauper,
484 2518 598 2575 ¹¹⁰ffli¹¹0
612 2514 766 2585 Leib⁰¹f¹¹⁸r
783 2527 817 2570 ⁰⁸
835 2518 917 2568 utem
932 2510 1010 2583 geni·
1064 2538 1174 2596 dicitnr
1199 2538 1385 2609 wemedinga
1406 2538 1426 2593 d.
1452 2540 1499 2595 Hae
1520 2539 1587 2595 dum
1608 2542 1712 2599 erectis
1737 2541 1768 2599 ia
1790 2541 1886 2599 coelum

182 2612 268 2669 tricis
282 2609 471 2681 parientisita
482 2612 646 2664 contractus
658 2610 686 2660 et
699 2618 805 2661 curvus
817 2607 860 2658 est
880 2606 964 2657 natus
978 2606 1009 2657 ut
1064 2630 1158 2685 oculis
1180 2631 1276 2687 cordis
1291 2632 1433 2688 ,uxilium
1449 2631 1484 2687 ab
1500 2631 1563 2702 ipso
1582 2632 1633 2702 qu,
1648 2630 1719 2687 fecit
1738 2632 1844 2690 coequm
1864 2638 1888 2688 ,g

182 2700 266 2772 ‘lum
282 2702 441 2755 “mnarum
462 2695 580 2766 ³¹isl¹¹⁰d
600 2698 765 2793 cemesefffl'
779 2706 796 2747 ³
810 2691 932 2792 οΨΨῑῙε·
952 2689 1008 2758 Ουί
1065 2725 1168 2775 terram
1182 2720 1306 2791 supplici
1320 2721 1470 2778 devotione
1484 2722 1678 2792 deposcerent,
1696 2726 1725 2777 et
1738 2723 1887 2780 missarum

180 2790 250 2845 ‘¹⁰⁰¹
264 2787 447 2857 mmmm
472 2783 522 2856 ‘¹¹¹¹
537 2783 571 2839 ad
590 2786 888 2881 patf⁰⁰¹¹¹¹³v¹fg¹¹¹¹⁸
902 2791 1011 2878 ⁰⁰¹¹V⁰J
1063 2809 1213 2864 solemniis
1233 2809 1413 2881 interessent,
1443 2810 1541 2867 divina
1564 2809 1676 2866 meritis
1698 2810 1827 2884 virginis
1850 2811 1888 2867 cis

182 2876 289 2941 labant,
303 2877 333 2932 in
345 2876 441 2932 eodem
452 2871 726 2929 monasteriovictns
739 2874 847 2940 parator
855 2867 1008 2925 etremedar
1063 2894 1270 2967 affluamus,
1288 2902 1316 2953 e,
1337 2897 1366 2952 in
1380 2898 1497 2955 exordio
1513 2897 1608 2953 festivi
1627 2897 1723 2954 missae
1737 2904 1888 2956 concentus

182 2971 321 3039 qnaereret
336 2965 483 3036 solatium,
502 2963 624 3034 quadam
645 2966 727 3016 nocte
742 2958 810 3015 dum
831 2956 1008 3014 lectisternia
1064 2990 1154 3040 mam
1176 2986 1277 3055 adepta
1294 2992 1337 3042 es,
1359 2987 1524 3058 sospitatem
1550 2986 1670 3043 laudans
1685 2989 1775 3044 Deum
1800 2989 1889 3044 eun,

499 2429 608 2485 CAPUT
627 2429 687 2484 xli.

180 3055 327 3114 dormiens
350 3058 497 3124 premeret,
520 3051 601 3107 beata
620 3049 700 3121 virgo
719 3047 887 3120 walpurgis
908 3047 934 3102 ei
960 3060 1009 3116 per
1023 3024 1048 3089 ὓ
1063 3073 1168 3146 ginem·
1186 3076 1256 3131 Tum
1283 3083 1348 3133 na„
1375 3078 1502 3147 parentis
1518 3076 1624 3134 dubios
1639 3077 1669 3133 in
1692 3078 1818 3134 ,remulo
1841 3091 1889 3148 po„

178 3144 273 3202 visnm
288 3142 424 3214 apparuit
436 3147 463 3197 et
479 3140 558 3196 atad
575 3137 724 3195 eeclesiam
741 3142 869 3209 pergeret
881 3136 1009 3206 impera-

178 3233 229 3289 vit.
246 3232 308 3300 Quo
336 3230 523 3301 respondente
538 3241 600 3284 sese
614 3227 723 3298 algoris
736 3226 870 3282 canitiem
886 3225 1009 3295 perbor-

179 3335 289 3380 rescere
300 3327 329 3377 et
344 3319 479 3392 glaciales
499 3317 624 3388 injurias
639 3315 803 3386 formidare,
819 3316 940 3386 ideoque
956 3328 1006 3371 nec

176 3425 193 3470 a
209 3412 271 3469 loco
287 3411 395 3482 quietis
410 3408 515 3465 audere
528 3408 627 3463 saltem
643 3420 813 3478 exsurgere,
830 3405 926 3462 illaad
941 3419 1005 3460 eum

177 3501 293 3558 blandis
307 3499 433 3571 eloquiis
449 3497 561 3568 iuquit:
580 3496 689 3552 vadens
702 3496 781 3563 vade,
796 3494 914 3562 miselle,
929 3493 1006 3549 cele·

178 3591 259 3662 riter,
273 3589 409 3661 quoniam
423 3601 474 3659 ego
489 3599 506 3641 a
522 3591 549 3640 te
569 3585 621 3641 illo
642 3598 698 3655 quo
712 3597 788 3640 nunc
811 3582 950 3653 premeris
968 3582 1008 3637 al·

178 3694 246 3755 gore
260 3680 372 3736 deterso
388 3676 524 3732 fervidam
543 3672 734 3729 membrorum
748 3672 941 3744 compaginem
957 3672 1007 3728 mi·

178 3766 317 3837 nistrabo,
343 3770 372 3822 et
399 3764 486 3834 buius
515 3762 544 3817 in
568 3760 830 3831 recompensatione
855 3760 1004 3831 mercedis,

177 3853 327 3914 scabellab
341 3853 414 3910 mibi
428 3850 536 3923 quibus
548 3850 644 3906 adbuc
658 3849 756 3906 curvis
766 3849 888 3905 artubus
903 3849 1003 3920 uteris,

175 3945 282 4004 donare
292 3941 418 3999 debebis.
435 3939 490 4009 Qui
506 3939 574 3996 licet
586 3938 684 4011 segnis
698 3938 847 3995 ecclesiam
861 3939 1004 4010 introivit,

177 4037 206 4091 et
224 4031 373 4105 paululum
399 4033 602 4100 commoratus,
625 4028 692 4084 inde
706 4029 740 4084 ad
765 4028 906 4100 bospitale
931 4029 1006 4085 unde

176 4128 293 4180 venerat
314 4121 420 4178 anxius
449 4119 546 4177 rediit.
571 4120 710 4192 surgente
732 4133 798 4175 vero
826 4124 922 4189 optata
944 4117 1003 4174 diei

175 4212 390 4271 aurorailerum
401 4209 554 4267 basilicum
565 4209 649 4278 adiit,
660 4211 762 4264 etanta
773 4207 907 4263 lerctrum
918 4207 1006 4278 virgi·

177 4303 225 4361 nis
241 4301 411 4359 benedctun
437 4305 607 4370 accepturus
627 4297 757 4354 accessit.
782 4296 864 4352 Circa
890 4298 1003 4353 tertiam

177 4404 243 4452 vero
260 4392 357 4449 boram
370 4389 468 4447 subito
479 4389 646 4461 palpitando
662 4400 692 4443 se
703 4385 961 4456 volutarecoepitet
974 4386 1003 4442 in
1017 4381 1045 4445 D

177 4483 339 4555 pavimento
350 4481 503 4537 reflectere.
521 4478 592 4534 Cum
609 4490 674 4533 ecce
686 4475 817 4546 tripediae
833 4474 939 4545 quibus
952 4490 1004 4531 sua

1063 3169 1140 3221 ctore
1152 3165 1264 3222 animos
1278 3172 1391 3239 gestans
1408 3173 1436 3223 et
1451 3167 1602 3239 fluctivaga
1619 3173 1712 3223 mente
1730 3169 1888 3225 consistens

1063 3253 1207 3310 inellabilo
1227 3256 1255 3311 ci
1276 3258 1311 3312 de
1325 3257 1426 3312 matris
1448 3258 1559 3313 reddita
1584 3257 1707 3314 sanitate
1728 3257 1888 3328 tripudium

1063 3342 1173 3416 irvtnlit,
1199 3346 1234 3401 de
1254 3359 1305 3403 sua
1328 3360 1393 3402 vero
1420 3348 1526 3403 nodosa
1541 3347 1738 3404 contractione
1749 3347 1885 3421 gemebat.

1064 3432 1181 3490 Videbat
1197 3435 1255 3505 jam
1274 3450 1354 3491 suam
1369 3449 1453 3507 quam
1466 3442 1568 3492 natura
1582 3436 1699 3493 dederat
1721 3438 1887 3509 geraitricem

1061 3522 1887 3596 obpansismanibuscmlibenedicereconditorem,vernn

1061 3611 1156 3667 adbuc
1172 3613 1200 3668 in
1214 3627 1244 3669 se
1261 3612 1400 3669 misellam
1416 3613 1549 3669 cernebat
1562 3628 1681 3687 regnare
1693 3615 1884 3673 curvedinem.

1060 3700 1123 3756 llaec
1133 3702 1201 3758 dnm
1215 3703 1322 3772 saepius
1335 3703 1502 3759 nutabunda
1517 3709 1610 3759 mente
1627 3705 1777 3761 retlectens
1792 3706 1887 3761 consi-

1060 3794 1156 3861 steret,
1171 3790 1252 3847 llnito
1273 3792 1400 3862 ejusdem
1417 3792 1511 3848 missae
1523 3805 1637 3865 canore,
1652 3793 1688 3849 ab
1714 3794 1780 3864 ipso
1796 3795 1887 3865 quise

1061 3879 1177 3936 initium
1193 3885 1222 3936 et
1237 3880 1319 3936 daem
1335 3880 1427 3937 voluit
1443 3882 1591 3952 propalare
1610 3887 1638 3938 et
1653 3883 1716 3954 ipsa
1738 3884 1885 3939 sanitatem

1060 3969 1166 4025 meruit
1198 3968 1335 4026 obtinere.
1368 3971 1447 4027 Tunc
1481 3971 1578 4027 eadem
1607 3979 1696 4029 mater
1721 3988 1790 4030 cum
1818 3974 1884 4042 blla,

1060 4059 1198 4116 moniales
1208 4074 1272 4115 cum
1287 4063 1375 4116 matre
1386 4059 1510 4132 Liubila,
1525 4074 1634 4117 necnon
1645 4067 1675 4118 et
1685 4065 1885 4121 astansomnis

1059 4149 1220 4206 communis
1234 4164 1319 4206 sexus
1334 4149 1459 4215 lamilia,
1475 4151 1689 4209 exsultantibus
1704 4154 1814 4212 animis
1825 4168 1884 4210 cam

1060 4236 1174 4308 hymnis
1197 4245 1225 4295 et
1246 4239 1369 4295 canticis
1388 4239 1575 4296 reddiderunt
1596 4242 1718 4298 Domino
1742 4242 1885 4299 landesio

1059 4327 1149 4398 caelis,
1161 4327 1212 4398 qui
1225 4327 1397 4384 solutionem
1413 4328 1518 4385 tribuit
1541 4331 1714 4401 compeditis
1726 4333 1885 4389 eterectio-

1060 4430 1122 4474 nem
1145 4416 1269 4490 largitur
1291 4418 1396 4475 allisis.

1382 4545 1493 4603 CAPUT
1504 4546 1563 4606 XV.

177 4585 249 4630 usus
267 4577 310 4628 cst
326 4571 355 4626 in
372 4571 444 4638 vita,
458 4567 601 4624 divinitus
622 4579 637 4621 e
653 4564 784 4621 manibus
805 4564 865 4620 acsi
888 4565 1002 4637 evulsa,

176 4666 242 4717 ante
253 4661 343 4716 altare
358 4658 490 4729 projecte
508 4659 585 4712 sunt.
601 4653 705 4724 Sicque
719 4653 855 4711 membris
869 4654 1005 4711 omnibns
1093 4653 1572 4711 Delatnestadidcmmonasterium
1580 4654 1885 4730 mulierquaedammo·

177 4748 311 4808 solidatis
322 4751 409 4817 atque
422 4745 526 4801 erectis
541 4743 622 4800 stetit
634 4749 662 4799 et
674 4743 842 4816 ambulavit,
859 4745 909 4815 qui
922 4745 1004 4815 prius
1060 4742 1362 4816 minelteginsvvindis,
1374 4744 1883 4816 qnaeipsiusestvicinaecclesiae,ita

68 4896 73 4905 ,
178 4837 296 4896 natibus
317 4835 523 4893 miserabiliter
539 4848 649 4907 repens,
674 4834 781 4904 prioris
802 4836 868 4891 vitae
887 4850 1004 4893 cursum
1060 4833 1195 4890 membris
1205 4832 1340 4889 omnibus
1351 4832 1490 4890 destituta
1500 4839 1533 4891 nt
1545 4834 1604 4890 nisi
1616 4835 1763 4908 vebiculo,
1777 4837 1884 4895 duobus

179 4926 355 4985 laboriosum
380 4924 555 4995 impleverat.
573 4926 648 4980 ldem
665 4937 786 4995 namque
801 4938 889 4981 samm
910 4932 939 4981 et
952 4941 1005 4982 va·
1059 4923 1194 4979 videlicet
1205 4922 1409 4994 deferentibus,
1423 4922 1539 4979 lacertis
1551 4924 1883 4984 insertisetaltrinsccas

179 5016 241 5075 lens
265 5015 294 5071 ln
320 5014 483 5071 ministerio
510 5013 637 5085 ejusdem
665 5028 757 5085 usque
773 5014 858 5070 bodie
880 5015 1006 5074 deservit
1060 5013 1186 5069 oneratis
1203 5024 1319 5084 quoquo
1338 5017 1419 5082 pacto
1447 5011 1498 5069 illo
1518 5013 1634 5083 pervebi
1654 5015 1809 5084 potuisset.
1822 5018 1883 5086 Qua

178 5105 306 5162 ecclesiae
320 5108 351 5159 nt
363 5102 476 5159 cunctis
493 5101 606 5173 liquido
621 5102 834 5158 demonstretur
844 5103 1006 5173 qualiscu-
1059 5108 1125 5160 ante
1137 5103 1227 5159 altare
1238 5101 1374 5158 teretrum
1387 5102 1481 5160 adbuc
1491 5103 1792 5175 virginiscontinens,
1803 5105 1883 5164 asnis

215 5209 415 5269 ·Sualaveldia
435 5222 524 5281 pagus
546 5222 595 5265 seu
615 5214 733 5278 tractus,
762 5209 791 5264 io
808 5225 863 5281 quo
887 5213 1006 5269 llclden-
1095 5212 1204 5267 cForte
1227 5214 1372 5266 divinitas.
1395 5211 1442 5267 Sic
1461 5210 1538 5267 enim
1554 5211 1724 5283 Philippus:
1743 5217 1819 5270 Horu
1832 5232 1883 5269 ιι-

180 5285 324 5368 beimense
340 5281 552 5383 monasterium,
571 5281 653 5336 modo
669 5281 703 5335 ad
726 5281 1004 5354 wirtembergensem
1060 5290 1111 5369 tem
1126 5300 1181 5354 quo
1194 5285 1288 5338 ildoino
1303 5285 1391 5338 virtus
1407 5298 1494 5337 comus
1511 5284 1648 5339 rodtmdis
1663 5285 1764 5360 (ignis)
1778 5289 1882 5343 obstar-

179 5359 489 5496 samagam
516 5420 600 5478 inira.
631 5421 815 5479 Scobolloram
842 5426 928 5483 etiam
953 5443 1004 5486 scu
1060 5363 1107 5468 md
1121 5362 1306 5496 eliffe'adlarpoa,
1334 5440 1390 5483 non
1422 5427 1567 5501 inelegans
1588 5428 1694 5488 civitas
1718 5429 1750 5489 in
1781 5430 1881 5489 linibus

179 5499 367 5559 scamellorum
377 5495 508 5569 meminit
530 5494 707 5551 adrevaldus
722 5495 752 5552 in
767 5495 843 5554 libro
856 5498 1001 5558 deblirac.
1059 5499 1206 5572 bajoaria,
1231 5504 1302 5555 teste
1321 5498 1472 5556 Stevartio.

180 5572 208 5634 Β.
219 5569 334 5644 bened„
350 5581 411 5641 cag.
429 5565 473 5640 36,
490 5565 594 5624 saeculo
606 5579 637 5622 ιι.
