3876 6090
174 254 227 314 tlt

785 253 964 312 maasiasu
987 255 1258 313 tuttoruucunu

1826 256 1878 315 446

209 384 375 444 Eoniiacius
388 386 655 456 episcopussanctae
669 383 848 440 bleranensis
862 382 1038 443 EcclesiaeA
1088 385 1232 441 Romanus
1245 384 1390 456 presbyter
1400 388 1504 441 macta
1524 383 1659 440 Ecclesia
1682 384 1817 439 homene
1835 383 1880 438 ti-

174 476 311 534 similitar
325 475 494 545 subscrpsi.

210 564 373 621 hildericus
385 564 537 634 episcopus
550 568 654 618 sancte
668 562 886 618 Tudertincnsis
899 561 998 617 Eccle-

176 652 227 710 siae
242 653 379 710 similiter
391 653 561 722 subscripsi.

210 743 331 798 ioannes
344 743 496 813 episcopus
515 745 619 797 salicta
632 740 844 796 Ferentinensis
865 739 998 795 Ecclesiae

177 830 315 887 similiter
328 830 498 900 subscripsi.

213 919 373 988 Stephanus
394 919 546 988 episcopus
572 921 676 973 sauma
696 917 844 986 Nepesina
867 916 1000 972 Ecclesia

179 1005 317 1063 similiter
329 1007 499 1077 subscripsi.

214 1095 424 1166 Hildeprandus
438 1096 592 1165 episcopus
613 1097 717 1149 sanctae
735 1093 933 1149 Berolanensis
946 1093 1002 1148 Ec-

179 1185 274 1242 clesiae
286 1184 423 1241 similiter
431 1183 600 1253 subscripsi.

1053 472 1107 529 tuli
1122 474 1213 530 sancti
1226 474 1300 530 Sinti
1313 473 1450 530 similiter
1459 473 1630 543 subscripsi.

1088 563 1209 619 loannes
1220 563 1365 634 presbyter
1378 567 1483 619 sanctae
1492 562 1624 618 Romanae
1643 560 1778 616 Ecclesia
1796 560 1879 617 tituli

1055 657 1159 708 sauctae
1171 653 1274 708 Prisca.
1284 651 1421 708 similiter
1432 650 1603 720 subscripsi.

1089 742 1211 798 loannes
1222 741 1367 811 presbyter
1388 744 1491 796 cinctae
1502 741 1633 795 Romana.
1645 737 1780 794 Ecclesia
1797 737 1880 795 tituli

1055 830 1146 886 sancti
1160 829 1275 885 Eusebii
1286 829 1425 884 similiter
1438 828 1611 898 subscripsi.

1091 917 1234 974 Leoninus
1247 918 1393 988 presbyter
1413 921 1517 973 sancta
1539 918 1670 972 homanae
1690 915 1828 971 Ecclesia
1840 914 1883 970 ti-

1056 1006 1110 1062 tuli
1125 1013 1230 1077 quatur
1240 1007 1444 1064 coronatorum
1460 1004 1597 1061 similiter
1606 1004 1789 1074 subscripsi.

1090 1094 1441 1151 loannesarchidiaeonus
1452 1098 1557 1149 sancta
1569 1093 1734 1163 apostolicae
1749 1091 1830 1148 sedis
1838 1091 1884 1147 his

1058 1180 1748 1255 sententiisanobispromulgatissicutsuperius
1764 1180 1883 1253 legitur,

215 1273 317 1330 Florus
331 1273 483 1345 episcopus
498 1271 852 1328 sanctaehianturianeusis
869 1269 1002 1327 Ecclesia
1058 1273 1200 1342 consensi,
1214 1278 1242 1327 et
1254 1272 1369 1343 propria
1383 1284 1468 1328 mauu
1484 1270 1656 1340 subscripsi.

181 1362 494 1433 similitersubscripsi.

1094 1363 1376 1418 Leontiusdiaconus
1389 1366 1494 1416 sanctae
1508 1359 1673 1431 apostoliea
1687 1359 1768 1416 sedis
1780 1359 1886 1415 simili-

215 1451 502 1521 Donatuscpiscopus
514 1454 618 1505 sanctae
628 1448 770 1505 Ostiensis
781 1447 915 1504 Ecclesiae
924 1447 1005 1503 sirni-
1060 1457 1102 1507 ter
1115 1452 1285 1522 subscripsi.

182 1539 249 1595 liter
261 1539 431 1609 subscripsi.

1096 1543 1149 1597 Leo
1171 1540 1311 1597 diaconus
1333 1545 1436 1595 sanctae
1456 1539 1620 1611 apostolicae
1641 1539 1720 1595 sedis
1746 1537 1886 1594 similiter

216 1628 556 1698 Gaudericnsepiscopus
568 1630 672 1682 sanctae
688 1624 904 1703 belliternensis
914 1623 1007 1680 Eccle
1061 1629 1230 1700 subscripsi.

182 1716 233 1771 siai
243 1716 379 1772 similiter
394 1716 564 1786 subscripsi.

218 1806 370 1862 Formosus
391 1806 543 1875 episcopus
556 1808 661 1860 sanctie
683 1802 851 1859 Portuensis
870 1801 1007 1857 Ecclesiae

183 1893 321 1949 similiter
333 1894 505 1963 subscripsi.

140 2026 143 2030 .
218 1982 418 2039 crescentinus
437 1982 590 2052 episcopus
605 1985 710 2037 sancte
728 1980 859 2037 cerensis
875 1980 1008 2037 Ecclesiae

184 2070 322 2127 similiter
332 2070 502 2141 subscripsi.

222 2171 1010 2249 Petrusepiscopussanctaelemensis[cl.,Perusinae]

189 2266 323 2322 Ecclesiae
335 2266 473 2323 similiter
487 2265 658 2335 subscripsi.

227 2371 338 2428 albinus
355 2372 507 2443 episcopus
522 2376 626 2426 mactae
643 2370 815 2426 anianensis
828 2369 962 2425 Ecclesiae
977 2371 1015 2426 si·

194 2458 303 2514 militer
317 2458 486 2529 subscripsi.

223 2545 369 2603 hdoaldus
383 2548 535 2617 episeopus
548 2551 652 2602 sanctae
661 2545 907 2617 balneoregiensis
919 2545 1012 2601 Ecclc

189 2635 240 2690 siaa
252 2648 336 2692 manu
348 2635 464 2706 propria
476 2635 647 2705 subscripsi.

222 2740 1014 2812 loannesepiscopussanctaeTriumtabernensisEccle-

191 2831 241 2886 siae
254 2831 392 2887 similiter
406 2830 576 2901 subscripsi.

225 2921 278 2976 Leo
293 2921 445 2990 episcopus
458 2926 563 2975 sanctae
578 2917 777 2975 blatrinensis
787 2918 921 2974 Ecclesia
934 2920 1014 2975 simi-

189 3005 257 3063 liter
268 3007 437 3078 subscripsi.

224 3096 527 3166 Ste;hanusepiscopu

192 3184 299 3240 militer
310 3184 480 3255 subscripsi.

225 3274 332 3330 Paulus
351 3273 502 3344 episcopus
513 3279 618 3329 sanctae
632 3272 805 3330 hibanensis
819 3273 953 3330 Ecclesia
968 3275 1015 3329 si-

192 3362 300 3418 militer
315 3362 484 3433 subscripsi.

226 3453 368 3508 Martinus
394 3452 546 3522 episcopus
570 3456 675 3508 sanctie
697 3453 865 3509 Narniensis
880 3452 1014 3508 Ecclesiae

88 3580 91 3585 -
192 3554 277 3598 manu
289 3543 404 3612 propria
417 3541 591 3610 subscripsi.

226 3650 347 3704 loannes
362 3649 501 3703 diaconus
513 3646 607 3702 locum
622 3646 747 3701 retinens
760 3647 942 3716 episcopatus
959 3648 1016 3701 Er-

192 3737 356 3792 binenslum
368 3735 499 3790 Ecclesia
512 3733 649 3789 similiter
661 3733 830 3805 subscripsi.

228 3826 329 3880 Petrus
344 3824 496 3892 episcopus
510 3827 613 3877 sanctae
637 3822 860 3894 Senogalliensis
883 3824 1017 3880 Ecclesiae

195 3912 333 3968 similiter
351 3911 521 3980 subscripsi.

229 4000 511 4069 loannesepiscopus
523 4001 627 4054 sancte
646 3999 810 4072 signiensis
829 4000 962 4057 Ecclesiae
972 4001 1019 4057 si-
1038 4055 1040 4058 ,

197 4088 486 4157 militersubscripsi.
1027 4078 1030 4085 '

231 4179 370 4248 losephus
379 4192 414 4248 ep
428 4190 532 4246 scopus
543 4180 647 4249 sanctae
657 4178 876 4235 Pensaurieusis
885 4180 1018 4237 Ecclesia

197 4266 334 4322 similiter
349 4266 517 4338 subscripsi.

1019 1700 1046 1763 Β
1097 1714 1888 1788 Marinusdiaconussanctaeapostolicaescdissimillter

1063 1807 1233 1878 subscripsi.

1098 1898 1198 1952 Petrus
1218 1896 1358 1953 diaconus
1378 1902 1482 1953 sancta
1500 1896 1665 1967 apostolicae
1682 1895 1761 1951 sedis
1783 1893 1888 1950 simill-

1065 1991 1108 2042 ter
1120 1985 1291 2057 subscripsi.

1100 2076 1135 2130 Et
1157 2080 1220 2145 post
1242 2075 1300 2131 haec
1325 2076 1480 2132 ascendens
1501 2075 1599 2131 Niceta
1612 2076 1669 2130 Deo
1689 2073 1889 2131 amicissimus

1066 2164 1288 2221 archidiaconus
1297 2168 1325 2220 et
1338 2164 1468 2220 notarius
1479 2164 1549 2236 legit
1562 2163 1816 2221 commonitorium
1834 2175 1891 2219 ser-

1069 2267 1179 2310 monem
1192 2254 1226 2309 ad
1246 2253 1318 2309 Phot
1332 2268 1379 2310 um
1392 2258 1421 2309 et
1433 2260 1540 2324 partem
1559 2253 1622 2322 ejus
1633 2266 1649 2308 a
1661 2266 1730 2309 voce
1741 2251 1891 2308 sanctissi-

1070 2355 1180 2398 morum
1196 2342 1369 2398 vicariorum
1379 2342 1605 2399 seniorisliomae
1615 2359 1622 2396 :
1631 2343 1690 2397 lam
1703 2338 1888 2397 manifestum

1069 2436 1121 2486 est.
1136 2444 1152 2487 o
1166 2430 1350 2486 dilectissimi
1364 2429 1465 2486 iratres
1485 2436 1514 2486 et
1525 2431 1752 2502 consacerdotes,
1767 2430 1798 2485 in
1814 2441 1891 2499 pra-

1069 2520 1180 2576 cedenti
1211 2525 1323 2577 actune
1345 2521 1433 2589 hujus
1460 2524 1564 2576 sanda
1584 2533 1618 2576 ac
1645 2533 1752 2591 magnae
1776 2517 1889 2590 synodi,

1070 2609 1211 2681 quomodo
1223 2610 1388 2667 admonitus
1401 2610 1441 2666 sit
1451 2610 1572 2666 Photius
1584 2608 1708 2666 forensis
1719 2606 1889 2669 etcurials.

1069 2703 1097 2754 et
1120 2712 1252 2768 pervasor
1273 2698 1597 2769 Constantinopolitanae
1625 2697 1766 2768 Ecclesia,
1791 2701 1823 2754 ut
1839 2711 1893 2767 po-

1070 2788 1297 2843 neretcerricem
1320 2800 1412 2845 suam.
1435 2793 1464 2844 et
1480 2786 1605 2844 rerboet
1631 2786 1740 2857 scripto
1760 2799 1893 2856 pronun-

1069 2876 1155 2931 tiaret
1168 2881 1312 2946 peceatum
1326 2890 1422 2946 suum,
1435 2881 1463 2932 et
1475 2876 1639 2933 anathemat
1651 2879 1729 2931 naret
1744 2889 1810 2946 quae
1830 2875 1893 2931 ini-

1069 2979 1124 3036 que
1140 2970 1202 3021 acta
1217 2970 1246 3021 et
1258 2965 1364 3036 scripta
1384 2965 1502 3022 suntab
1516 2980 1549 3022 eo
1571 2965 1617 3022 bis
1630 2970 1730 3021 corrtra
1748 2965 1893 3038 ignatium

530 3111 544 3149 s
559 3100 664 3151 sanem
673 3073 1053 3152 Gallisanaemlesiaesbc
1069 3054 1261 3125 patriarcham
1285 3069 1381 3111 suum.
1406 3061 1434 3110 et
1451 3055 1631 3126 profiteretur
1655 3054 1766 3111 nullam
1781 3053 1894 3111 machi·

1070 3144 1215 3200 nationem
1239 3144 1269 3199 in
1295 3157 1359 3200 eum
1384 3145 1426 3200 rel
1449 3145 1667 3201 commotionem
1691 3157 1723 3199 se
1745 3142 1824 3200 ultra
1847 3140 1894 3198 ia-

1069 3238 1194 3300 cturum,
1210 3234 1258 3290 sed
1273 3232 1349 3289 hunc
1363 3237 1394 3289 ut
1415 3247 1512 3290 rerum
1535 3233 1697 3304 pontiilcem
1719 3246 1807 3289 suurn
1828 3245 1892 3287 cunr

1070 3335 1170 3394 magna
1197 3323 1576 3393 reverentiasuscepturum.
1598 3322 1823 3392 apostolicaeque
1845 3333 1894 3376 sc·-

1069 3411 1249 3481 dsdecreta,
1272 3416 1328 3467 tam
1351 3412 1386 3467 de
1410 3424 1441 3466 se
1465 3423 1549 3481 qnam
1573 3410 1609 3466 de
1630 3409 1740 3483 ignatio
1766 3409 1894 3479 patriar-

1069 3499 1121 3553 cha
1131 3499 1250 3570 prolata,
1266 3499 1475 3557 honorabiliter
1487 3500 1697 3569 amplexurum.
1711 3499 1745 3553 Et
1757 3496 1891 3568 quoniam

1072 3585 1101 3641 in
1114 3586 1160 3641 his
1174 3586 1309 3643 omnibus
1321 3588 1452 3644 videmus
1462 3602 1527 3644 enm
1543 3601 1600 3644 non
1612 3586 1739 3655 obedire,
1754 3587 1805 3642 sed
1815 3584 1894 3642 obtu-

1072 3687 1134 3730 rare
1145 3688 1229 3729 aures
1244 3689 1311 3730 suas
1326 3681 1357 3730 ut
1368 3676 1480 3746 aspidis
1492 3676 1597 3743 surdae,
1622 3674 1730 3731 idcirco
1754 3687 1812 3731 non
1826 3672 1894 3744 pati·

1072 3775 1136 3818 mur
1155 3763 1242 3818 taceri
1256 3763 1426 3819 sententiam
1451 3777 1467 3818 a
1493 3762 1660 3820 beatissimo
1682 3776 1754 3832 papa
1769 3763 1893 3819 ilomano

1072 3849 1189 3906 Nicolao
1199 3850 1234 3906 ab
1251 3851 1409 3908 indictione
1434 3851 1583 3908 undecima
1606 3856 1782 3908 contraeum
1806 3849 1895 3921 prola·

1073 3943 1141 4006 tam,
1155 3943 1183 3994 et
1194 3953 1269 3995 nunc
1285 3940 1389 3996 iterum
1409 3940 1624 4011 pronuntiatam
1639 3953 1688 4009 per
1701 3952 1893 3996 successoren

1072 4028 1134 4096 ejus
1146 4026 1303 4083 adrianum
1319 4032 1423 4084 sanctae
1437 4030 1568 4084 llomanae
1581 4028 1714 4085 Ecclesia
1731 4027 1891 4098 praesulem,

1072 4115 1155 4184 cnjus
1167 4129 1242 4172 nunc
1267 4130 1319 4172 nos
1334 4114 1433 4172 lamul.
1460 4117 1524 4185 ejus
1548 4117 1641 4172 locum
1657 4120 1788 4172 boemus
1805 4115 1836 4170 in
1847 4114 1896 4170 hac

1074 4204 1237 4260 honoranda
1250 4205 1368 4275 synodo,
1382 4218 1445 4275 quau
1459 4204 1677 4274 periussionem
1691 4208 1858 4260 sanctorum
1869 4206 1897 4259 st

1072 4294 1157 4348 allec
1171 4298 1361 4361 protectorum
1388 4293 1604 4364 imperatorum,
1619 4291 1694 4348 Easil
1712 4292 1720 4347 i
1744 4291 1859 4348 scilicet
1869 4295 1897 4347 et

232 4355 393 4425 Stephanus
402 4356 554 4426 episcopus
562 4355 971 4441 *sarrctaesuanensisEcclcsiae
981 4358 1059 4436 si-1)
1073 4382 1264 4450 constantim,
1279 4382 1308 4436 p„
1331 4381 1384 4438 pac
1404 4384 1490 4439 ape,
1514 4381 1707 4438 mnsemnpa
1734 4381 1816 4454 ψ
1830 4379 1898 4439 prpe

198 4444 308 4501 militer
320 4444 488 4516 subscripsi.

233 4534 374 4607 Georgius
384 4534 614 4605 archipresbyter
625 4538 729 4590 sanctae
744 4535 875 4591 liomauae
886 4535 1019 4592 Ecclesiae

200 4622 280 4679 tituli
297 4623 387 4679 sancti
412 4623 569 4693 Laurentii,
590 4622 640 4693 qui
661 4623 821 4694 appellatur
837 4626 960 4695 Lucinae,
972 4625 1019 4680 his

203 4712 379 4767 sententiisa
395 4711 479 4767 nobis
491 4711 690 4783 promulgatis,
701 4712 778 4768 sicut
798 4713 932 4783 superius
945 4713 1021 4786 legi-

203 4804 260 4870 tur,
276 4800 406 4856 consensi
421 4804 449 4855 et
459 4812 543 4855 manu
558 4800 672 4870 propria
683 4799 853 4871 subscripsi.

239 4907 382 4961 Romanus
394 4905 538 4977 presbyter
544 4911 648 4962 sanctae
655 4906 788 4964 Romanae
796 4907 929 4964 Ecclesiae
939 4907 1020 4965 tituli

203 5000 366 5050 sanctorum
380 4995 496 5050 loannis
506 5001 534 5050 et
544 4995 624 5052 Pauli
636 4995 773 5052 similiter
783 4994 951 5067 subscripsi.

237 5083 312 5138 iiaio
335 5082 479 5153 presbyter
502 5089 605 5139 sanctae
629 5086 761 5141 Romanae
782 5084 916 5140 Ecclesia
940 5084 1020 5140 tituli

202 5171 294 5227 sancti
308 5171 419 5242 Cyriaci
433 5172 571 5227 similiter
586 5172 755 5242 subscripsi.

238 5277 338 5332 Petrus
351 5276 496 5347 presbyter
506 5281 610 5333 sanctae
635 5278 767 5333 Romanae
788 5277 921 5334 Ecclesia
942 5279 1022 5337 tituli

202 5367 293 5420 sancti
305 5365 479 5437 Chrysogoni
491 5365 628 5420 similiter
639 5364 809 5436 subscripsi.

240 5453 327 5509 Ursus
351 5453 496 5524 presbyter
515 5457 619 5509 sauctae
640 5454 772 5509 Romanae
796 5453 928 5511 Ecclesia
944 5456 1024 5512 tituli

203 5546 306 5598 macta
317 5543 500 5599 Pudentaanae
513 5542 651 5598 similiter
666 5541 838 5614 subscripsi.

1072 4475 1242 4542 congregata
1260 4474 1313 4537 est,
1336 4483 1392 4526 non
1407 4471 1436 4526 in
1452 4470 1667 4528 subversionem
1688 4470 1798 4539 ludicii
1822 4468 1897 4540 quod

1072 4558 1152 4615 deeo
1168 4556 1273 4614 lactum
1296 4562 1339 4613 est
1354 4559 1382 4613 in
1406 4561 1532 4615 Romana
1555 4558 1693 4628 Ecclesia,
1714 4558 1763 4614 sed
1785 4562 1898 4628 propter

1075 4646 1227 4703 elationem
1241 4661 1342 4703 sensus
1354 4647 1427 4718 ejus,
1440 4661 1525 4718 quam
1541 4661 1570 4703 rn
1582 4650 1695 4717 pectore
1710 4660 1766 4703 suo
1788 4646 1900 4704 obstru-

1075 4749 1134 4790 sam
1158 4735 1353 4804 conspicimus
1366 4754 1374 4806 ς
1391 4736 1499 4806 etquis
1522 4748 1613 4807 neque
1626 4734 1656 4790 in
1669 4736 1899 4792 commuuione·

1075 4837 1140 4879 eum
1166 4824 1335 4880 orthodoxis
1363 4825 1392 4880 in
1416 4825 1543 4881 Ecclesia
1575 4824 1624 4880 Ilei
1657 4836 1721 4880 esse
1744 4824 1899 4893 desiderat,

1076 4917 1223 4983 propterea
1243 4913 1439 4982 proterendam
1457 4927 1518 4970 esse
1543 4914 1646 4969 iterum
1660 4926 1747 4984 sraper
1758 4927 1826 4969 eum
1839 4923 1902 4969 ana-

1076 5001 1211 5056 thematis
1227 5003 1397 5058 sententiam
1411 5003 1560 5058 duximus.

1112 5091 1146 5144 Et
1170 5095 1233 5159 post
1259 5090 1317 5145 hcec
1343 5091 1499 5146 ascendens
1528 5091 1689 5161 Stephanus
1709 5091 1767 5145 Deo
1796 5086 1904 5145 amabi-

1079 5178 1210 5234 lissimus
1230 5178 1371 5234 diaconus
1383 5185 1410 5234 et
1431 5180 1570 5249 notarius,
1589 5176 1903 5249 legitacclamatoriunt

1077 5266 1180 5338 Ignatii
1196 5266 1372 5321 sanctissimi
1388 5268 1558 5337 patriarchae
1568 5278 1737 5324 sermonem.

1149 5369 1316 5424 declamatio
1328 5373 1431 5440 lpnatii
1442 5374 1607 5427 sanctissimi
1616 5370 1785 5442 patriarcba
1794 5371 1834 5425 ad

1327 5467 1451 5516 sanctam
1465 5462 1608 5530 synodum.

1114 5546 1227 5604 Fratres
1238 5548 1330 5604 sancti
1343 5553 1372 5604 et
1393 5548 1448 5605 tilii
1469 5549 1581 5622 dilecti,
1608 5563 1678 5622 rogo
1690 5563 1742 5605 ros
1756 5561 1825 5619 erpo
1845 5545 1908 5604 bu-
