3876 6090
153 101 201 160 itii
360 110 368 128 ‘
536 106 790 165 COLLECTANEA.
803 141 840 153 -
856 109 1037 170 uunsrhsu
1055 114 1285 178 neodhtslhurl
1305 124 1478 182 EPISTOLA.
1805 127 1860 187 662

153 245 214 288 eos:
226 233 325 291 Tertio
336 234 505 292 decimodie
516 236 638 307 Augusti
653 240 758 295 mensis
771 239 857 309 hujus
872 241 977 295 instan-
993 239 1021 299 A
1037 243 1150 315 iterum,
1170 252 1198 302 et
1224 248 1327 318 recipit
1349 252 1557 321 principatum:
1582 252 1624 307 nil
1646 257 1739 309 11111111
1758 268 1856 312 eorum

151 320 189 376 tis
200 322 312 392 quinte
323 323 440 379 decimae
453 337 464 364 ·
479 324 658 397 indictionis,
678 325 749 383 feria
765 329 885 398 septima
899 344 977 386 assu·
1034 345 1096 400 quae
1112 333 1260 403 pollicitus
1283 343 1326 393 est
1339 339 1395 393 Deo
1414 343 1442 393 et
1462 339 1560 394 crebro
1573 338 1661 394 dictis
1686 340 1735 395 Dei
1754 342 1856 399 amicis

152 416 206 466 met
218 426 262 467 mc
272 414 427 469 Dominus:
447 415 520 484 quod
539 421 566 470 et
591 413 697 471 factum
716 421 768 472 est.
784 419 877 489 Igitur
891 421 977 478 tertio
1033 420 1214 491 principibus
1238 425 1358 495 inopus
1383 427 1525 495 perduxit.
1553 429 1574 481 E
1595 428 1739 484 contrario
1762 436 1856 486 11111111

149 498 260 555 decimo
294 500 342 556 die
371 501 499 571 predicti
532 502 654 574 Augusti
686 507 792 561 mensis
828 510 977 577 praeteritae
1032 509 1856 583 manibusnequamdeductusuirorum,repromissionum

150 588 258 656 quintae
275 588 446 645 indictionis
462 591 617 646 secundum
641 591 772 649 divinum
787 596 849 663 ejus
870 597 977 652 vatici·
1030 596 1145 664 quidem
1166 599 1274 655 oblitus
1293 609 1345 668 est,
1369 602 1431 658 tolli
1454 606 1547 657 autem
1563 615 1643 657 mea
1664 609 1758 658 castro
1777 603 1858 660 Phu-

149 675 240 746 nium,
257 675 329 733 feria
341 678 471 750 septima,
484 679 835 754 praesentibusderelictis,
851 685 976 753 perrexit
1030 685 1169 740 stensium
1185 691 1213 742 et
1227 689 1370 745 maturius
1389 690 1419 745 iu
1440 688 1624 747 schemareos
1635 696 1760 747 castrum
1780 689 1857 746 mittl

147 764 179 819 ad
193 765 360 822 Dominum.
374 767 471 837 Porro,
487 765 604 823 etaliud
621 768 792 825 miraculum
805 770 880 840 quod
893 772 975 829 diri·
1029 773 1172 842 precepit.

147 853 226 909 nitus
239 853 270 909 in
293 860 391 911 sancto
409 856 473 924 ejus
487 861 669 912 monumento
687 855 819 931 edicitur,
841 861 974 930 quodque
1063 860 1177 917 Factum
1194 862 1302 920 interea
1314 869 1366 937 est,
1382 879 1447 923 curu
1467 864 1604 923 ducerent
1618 881 1663 923 me
1682 866 1712 923 in
1723 867 1781 937 lam
1801 881 1857 926 uo-

146 955 237 1012 usque
259 944 290 998 in
315 958 450 1014 praesens,
467 944 517 1014 qui
533 949 660 1000 castrum
683 945 757 1001 illud
774 951 802 1002 et
813 948 876 1018 ejus
895 950 973 1005 circa
1027 949 1167 1005 minatum
1182 957 1318 1023 castrum,
1335 959 1367 1010 ut
1386 954 1437 1011 ille
1450 955 1553 1012 iterum
1570 955 1724 1026 pelleretur
1743 960 1857 1014 etesset

146 1031 289 1101 regionem
313 1031 477 1088 inhabitant
496 1032 646 1089 intuentur
666 1037 695 1088 et
711 1034 875 1106 predicant,
892 1037 970 1093 etad
1027 1035 1166 1108 profugus
1190 1039 1239 1095 ubi
1265 1047 1293 1096 et
1316 1042 1440 1112 primum
1464 1042 1568 1100 fuerat.
1595 1042 1738 1099 Excitavit
1760 1049 1856 1101 autem

146 1118 282 1188 quosdam
303 1119 389 1175 etiam
410 1119 572 1189 principum
588 1124 673 1190 atque
689 1127 850 1192 magnatum
872 1137 973 1192 pervc-
1026 1124 1101 1181 Deus
1117 1126 1252 1194 spiritum
1277 1142 1361 1184 suum
1382 1130 1411 1184 in
1435 1129 1497 1185 viro
1520 1129 1587 1186 bonl
1614 1129 1789 1200 aemulatore,
1804 1129 1853 1203 qui

145 1208 194 1277 nit,
218 1207 343 1279 dignum
361 1215 404 1263 est
427 1212 455 1264 et
477 1208 558 1264 vobis
584 1222 698 1279 quoque
719 1211 920 1281 sanctissimis,
943 1216 972 1267 et
1025 1212 1076 1267 Dei
1099 1212 1200 1269 habeat
1221 1216 1251 1270 in
1278 1231 1308 1272 se
1333 1218 1462 1274 timorem
1488 1219 1595 1288 pariter
1621 1224 1648 1275 et
1669 1233 1803 1290 amorem,
1825 1224 1856 1276 et

145 1309 249 1364 perros
260 1295 396 1352 omuibus
408 1297 458 1367 qui
472 1295 577 1352 ibidem
592 1304 660 1352 suut
674 1299 776 1369 sancti,
799 1313 848 1367 per
861 1300 971 1356 litteras
1025 1312 1090 1355 vero
1104 1301 1301 1373 pheronymeb
1316 1306 1483 1376 uigilantem
1503 1307 1659 1362 secundum
1678 1309 1767 1363 ileum
1784 1321 1854 1377 pos-

146 1384 200 1440 1111
217 1382 449 1441 manifestum'in
467 1385 588 1456 gloriam
599 1391 627 1440 et
642 1386 753 1442 laudem
767 1388 817 1442 Dei
833 1389 883 1458 qui
901 1387 971 1444 facit
1025 1387 1261 1455 sideatmentem,
1283 1393 1411 1463 quicum
1433 1396 1489 1450 Deo
1504 1409 1581 1451 nunc
1604 1400 1705 1465 preest
1729 1396 1851 1469 regioni,

144 1471 289 1527 mirabilia
307 1473 337 1527 in
355 1473 461 1528 sanctis
474 1472 536 1528 suis
552 1478 581 1528 et
595 1473 736 1546 glorificat
749 1477 912 1531 memoriam
926 1490 970 1532 eo·
1024 1479 1062 1544 et,
1089 1476 1176 1532 Deum
1211 1479 1342 1535 imitante
1369 1483 1608 1538 condescensione
1643 1498 1692 1539 seu
1719 1497 1853 1553 compas-

143 1573 198 1615 rum
217 1561 271 1630 qui
288 1575 319 1616 se
339 1561 495 1617 orthodoxe
514 1575 546 1616 ac
558 1561 669 1617 sincere
683 1561 853 1633 glorificant.
870 1565 899 1619 ld
914 1569 966 1634 est,
983 1551 1009 1612 B
1024 1563 1105 1618 sione
1121 1569 1224 1636 motus,
1240 1568 1355 1623 reduxit
1375 1583 1418 1623 me
1431 1582 1448 1624 a
1460 1571 1506 1624 via
1520 1570 1620 1626 crebro
1632 1570 1704 1626 dicti
1725 1571 1854 1628 Schema·

141 1653 192 1704 tres
206 1648 357 1719 lampades
370 1648 496 1704 luciferae
514 1649 703 1721 persingulas
719 1655 816 1706 noctes
837 1657 967 1708 sanctum
1024 1662 1087 1705 reos
1110 1653 1198 1707 castri
1211 1658 1240 1708 11
1259 1655 1413 1711 constituit
1425 1670 1468 1711 me
1492 1657 1574 1726 quasi
1589 1658 1740 1727 quinque⁰
1759 1657 1853 1729 signis

138 1739 228 1795 sancti
254 1739 339 1795 illius
360 1738 494 1808 martyris
516 1737 632 1792 blaximi
653 1746 866 1795 monumentum
895 1742 968 1797 illu·
1024 1738 1139 1810 longius
1164 1755 1180 1796 a
1203 1742 1346 1799 divinitus
1360 1745 1548 1801 custodienda
1569 1746 1653 1801 domo
1677 1759 1727 1802 sua
1744 1746 1774 1802 in
1791 1745 1852 1803 loco

135 1832 237 1883 strant.
274 1829 337 1883 llec
365 1827 401 1882 de
435 1824 611 1881 memorabili
640 1825 693 1882 hoc
726 1827 798 1896 viro,
828 1828 967 1900 beatoque
1023 1827 1174 1886 monachos
1203 1830 1341 1886 veraciter
1366 1833 1546 1902 condecente,
1571 1833 1698 1902 praebens
1722 1845 1851 1889 necessa·

131 1915 290 1971 Anastasio
319 1916 375 1969 Deo
410 1910 628 1968 honorabilibus
654 1912 744 1983 vobis,
772 1919 801 1970 et
831 1929 880 1985 per
916 1929 966 1972 ros
1022 1915 1080 1970 rias
1096 1914 1256 1987 largissime
1270 1920 1399 1988 corporis
1414 1920 1565 1975 utilitates.
1588 1921 1641 1975 Pro
1660 1919 1768 1990 quibus
1786 1933 1852 1975 om-

117 2003 211 2060 ·omni
223 2006 333 2059 sancte
345 2004 406 2073 Dei,
421 2017 483 2071 quae
494 2003 556 2059 illic
569 2007 685 2061 inrecta
698 2002 752 2059 tide
764 2004 852 2075 degit,
866 2004 966 2060 Eccle-
1021 2001 1107 2058 nibus
1123 2004 1257 2062 Christus
1272 2021 1355 2063 verus
1367 2010 1452 2077 fleus,
1471 2022 1520 2077 per
1532 2007 1761 2077 intercessiones,
1785 2021 1848 2079 quat

126 2092 178 2148 slae
193 2091 483 2148 breviterannotavi:
501 2099 641 2165 quatenus
654 2099 682 2151 et
692 2109 751 2166 vos,
768 2094 814 2150 his
828 2093 962 2166 cognitis,
1022 2091 1104 2147 illum
1116 2096 1273 2150 secundum
1288 2108 1400 2151 carnem
1414 2095 1523 2167 genuit,
1538 2096 1588 2151 bei
1604 2095 1755 2167 genitricis
1770 2109 1849 2151 sem-

122 2180 307 2253 glorificetis
317 2181 416 2251 iteum,
433 2183 482 2252 qui
502 2187 545 2238 est
565 2183 708 2238 mirabilis
727 2183 756 2238 in
773 2182 962 2238 sanctissuis.
1020 2195 1126 2253 perque
1136 2183 1265 2253 Virginis
1276 2184 1383 2253 llariae,
1406 2198 1440 2240 ac
1454 2184 1582 2240 omnium
1599 2187 1762 2239 sanctorum
1779 2197 1848 2254 pro-

159 2271 281 2324 lnterea
298 2274 326 2324 et
343 2283 406 2339 quae
419 2271 490 2325 mihi
512 2271 652 2341 peccatori
666 2277 694 2326 et
708 2271 811 2342 exiguo
828 2275 890 2341 post
905 2270 964 2325 haec
1020 2274 1096 2340 tegat
1111 2283 1176 2325 cum
1199 2283 1254 2325 una
1274 2274 1338 2326 cum
1353 2271 1484 2327 amandis
1503 2272 1574 2327 illlis
1597 2271 1668 2343 suis,
1686 2276 1772 2342 atque
1794 2271 1849 2328 ho-

114 2357 328 2429 contigerunt,
344 2362 373 2412 et
388 2358 417 2412 in
434 2360 539 2430 quibus
550 2359 615 2430 sim,
627 2360 688 2429 pari
711 2360 793 2414 modo
815 2359 965 2428 perpaucis
1020 2356 1144 2412 uorabili
1161 2357 1260 2414 horum
1277 2372 1310 2414 ac
1321 2373 1438 2429 prorsus
1449 2358 1588 2415 laudabili
1601 2364 1699 2429 matre,
1715 2358 1751 2416 ab
1769 2359 1847 2415 omni

115 2445 334 2504 manifestabo.
359 2447 427 2501 Cum
447 2448 522 2503 enim
552 2446 681 2504 fecissem
706 2449 778 2503 duos
802 2460 911 2503 menses
934 2447 963 2502 in
1018 2451 1130 2501 caterva
1141 2447 1394 2516 malignantiumet
1404 2446 1591 2504 multitudine
1601 2447 1780 2516 operantium
1793 2446 1850 2502 ini·

109 2541 226 2592 castro
251 2535 397 2604 predicte
417 2535 562 2607 Thacyrioc
585 2538 616 2592 in
637 2536 804 2592 infirmitate
826 2537 961 2606 rejacens,
1020 2534 1167 2605 quitatem,
1179 2535 1288 2591 donans
1300 2536 1361 2593 illis
1375 2536 1514 2593 bonorum
1530 2534 1765 2605 refectionem,ut
1779 2549 1853 2592 sem-

110 2628 150 2680 et
167 2621 336 2692 pauxillum
349 2623 418 2693 quid
437 2624 564 2694 requiem
583 2623 701 2680 fuissem
717 2625 846 2694 adeptus,
862 2639 963 2681 rursus
1019 2636 1069 2691 per
1082 2637 1192 2679 omnem
1204 2622 1404 2680 sufficientiam
1421 2624 1556 2680 habentes
1565 2622 1710 2679 abundent
1722 2624 1752 2679 in
1766 2637 1849 2681 omne

109 2711 212 2768 misit
235 2724 281 2766 mc
297 2711 516 2782 tuncprinceps
536 2712 570 2767 ad
590 2719 684 2782 partes
697 2713 815 2782 Apsiliae
831 2719 858 2769 et
878 2714 964 2769 Misi·
1018 2711 1848 2783 opusbonum,etstationefaciateos,quaradeutrisfutura

110 2801 234 2856 mianae
257 2800 395 2857 custodiae
419 2801 638 2869 mancipandum
664 2802 693 2856 in
710 2808 804 2857 castro
821 2802 961 2858 Phustas:
1016 2805 1068 2870 cst,
1079 2800 1193 2871 dignos,
1206 2806 1292 2871 atque
1306 2801 1433 2858 divinam
1445 2803 1523 2858 illam
1536 2806 1565 2856 et
1577 2801 1677 2857 mirem
1692 2815 1787 2857 vocem
1802 2816 1850 2859 ex.

107 2896 163 2959 et,
180 2895 217 2944 ut
225 2889 358 2945 absolute
368 2889 472 2959 dicam,
486 2894 592 2960 septem
610 2891 756 2946 mensibus
768 2876 1001 2947 duxitotcir-t}
1017 2894 1121 2958 pertos,
1138 2903 1200 2958 quae
1214 2889 1305 2944 dicet:
1325 2892 1429 2960 Veutte,
1449 2891 1582 2945 benedicti
1593 2892 1685 2946 Putris
1703 2894 1765 2954 mci,
1788 2892 1849 2947 he-

109 2976 402 3046 cumduritme'per
416 2990 513 3032 omnes
531 2977 680 3046 predictas
702 2978 830 3049 regiones
851 2978 961 3034 nudum
1015 2977 1266 3047 reditctcpercipitc
1276 2984 1465 3049 preparatum
1476 2980 1674 3046 vobisreqnum
1693 2980 1727 3033 ab
1742 2982 1848 3048 origine

111 3071 154 3120 ei
168 3063 387 3134 discalceatum,
411 3070 439 3119 11
458 3065 589 3133 peditem,
606 3071 634 3120 11
658 3065 765 3137 frigore
788 3080 821 3120 ac
841 3066 914 3122 fame
933 3072 962 3122 et
1015 3065 1122 3127 mundi,
1134 3068 1200 3133 quio
1210 3066 1304 3135 hospes
1316 3069 1370 3134 1111,
1386 3072 1411 3120 11
1429 3067 1574 3133 collegistis
1586 3082 1627 3119 me
1648 3067 1756 3134 (blattis.
1777 3081 1847 3122 xxv,

115 3152 180 3208 siti
202 3152 382 3222 depressum,
408 3151 505 3208 rolens
526 3151 651 3221 profecto
670 3156 698 3207 et
723 3167 766 3206 mc
790 3167 902 3224 quoque
926 3154 961 3210 ab
1015 3149 1060 3214 3t,
1080 3150 1147 3223 :bist
1163 3158 1191 3208 11
1211 3159 1321 3218 crotera,
1344 3167 1436 3209 amen.
1460 3154 1583 3209 Obsecro
1598 3157 1693 3209 autem
1719 3155 1847 3211 sanctis-

119 3238 183 3310 hac
197 3239 344 3309 detergere
363 3238 430 3294 vita.
453 3238 506 3294 Sed
527 3241 622 3295 nescio
642 3241 712 3311 quid
734 3254 820 3310 super
839 3255 882 3296 me
904 3242 962 3297 hu-
1016 3241 1105 3296 simos
1117 3254 1165 3297 vos
1180 3241 1275 3296 cadem
1290 3255 1340 3311 pro
1363 3241 1435 3310 ipsis
1451 3241 1595 3310 postulare
1611 3242 1640 3295 iu
1654 3243 1762 3298 sanctis
1777 3256 1848 3298 ora-

120 3328 227 3384 milem
238 3327 395 3397 praevidens
406 3330 489 3399 Deus,
500 3330 549 3400 qui
558 3331 654 3386 omrria
662 3331 771 3387 salubri
784 3332 961 3401 providentia
1017 3328 1146 3384 tionibus
1161 3329 1273 3399 vestris,
1286 3333 1313 3384 ct
1329 3329 1451 3384 maxime
1465 3342 1529 3383 cum
1542 3328 1572 3382 in
1588 3328 1696 3383 sauciis
1708 3329 1847 3385 11111111-

122 3428 181 3471 sua
207 3416 352 3485 producit,
377 3431 468 3487 usque
487 3431 562 3474 nunc
583 3419 761 3475 conservavit
788 3433 831 3475 mc
850 3420 880 3474 in
910 3421 962 3476 bac
1014 3415 1063 3470 dis
1077 3417 1237 3473 oraveritis.
1249 3418 1335 3488 Digni
1351 3417 1458 3488 quippe
1473 3420 1541 3472 sunt
1563 3415 1671 3485 quibus
1688 3415 1747 3471 haec
1769 3431 1846 3486 prae-

127 3502 285 3559 multarum
309 3503 530 3560 tribulationum
546 3510 574 3562 et
589 3508 713 3562 miseriae
735 3508 802 3562 vita.
824 3509 889 3562 Post
901 3508 962 3563 ali-
1016 3505 1107 3559 stetis,
1132 3505 1198 3559 Filii
1222 3505 1297 3560 enim
1320 3504 1446 3576 germani
1464 3504 1592 3560 existunt
1615 3508 1719 3560 sanctae
1735 3504 1845 3561 Christi

129 3596 199 3660 quot
219 3591 317 3661 itaque
329 3590 392 3647 dies
407 3591 524 3661 pellitur
546 3593 628 3649 illinc
643 3595 796 3663 praedictus
816 3594 956 3664 princeps.
1015 3592 1065 3647 Dei
1091 3593 1181 3648 nostri
1203 3593 1381 3649 Anastaseos.
1403 3592 1532 3663 Denique
1546 3590 1721 3661 Stephanum
1737 3592 1787 3661 qui
1812 3592 1843 3648 in

129 3677 293 3749 Deindeque
308 3681 462 3736 succedens
476 3680 553 3736 alius
569 3682 654 3749 ,visus
668 3689 712 3737 est
729 3683 861 3751 compati.
883 3686 960 3738 luter
1014 3682 1122 3738 sanctis
1141 3686 1193 3752 est,
1210 3682 1302 3737 fllium
1319 3681 1453 3737 videlicet
1467 3679 1542 3735 beati
1557 3678 1674 3734 loannis
1686 3678 1844 3748 presbyteri

130 3778 191 3834 quae
205 3765 292 3820 duxit
312 3781 356 3821 me
374 3768 454 3836 juxta
472 3769 587 3824 domum
612 3782 692 3824 suam
709 3774 852 3838 receptum
866 3782 883 3824 a
899 3770 958 3838 jam
1013 3771 1063 3840 qui
1079 3769 1259 3825 cimiliarcha
1274 3769 1462 3825 sanctissimae
1478 3767 1561 3823 illius
1572 3765 1705 3821 Ecclesia
1719 3764 1785 3830 fuit,
1801 3779 1846 3822 ve·

131 3860 284 3910 memorato
308 3861 401 3911 castro
424 3857 635 3912 Phustensium.
660 3859 694 3911 Et
718 3863 782 3925 post
802 3871 908 3913 annum
923 3872 957 3913 ex
1013 3858 1136 3914 nientem
1150 3858 1179 3912 in
1193 3857 1265 3913 hanc
1276 3858 1430 3927 regionem,
1447 3861 1478 3911 ut
1488 3855 1609 3923 asserui,
1625 3853 1659 3908 ad
1681 3854 1846 3925 requisitio

130 3940 272 3998 diabolica
294 3944 459 4012 operatione
481 3949 573 3999 motus
592 3943 718 3999 destinat
737 3958 780 3999 me
791 3944 833 4013 ⁴ad
848 3946 958 4014 11111111-
1012 3958 1074 3999 nem
1087 3944 1263 4000 humilitatis
1275 3958 1341 3999 rneae
1357 3944 1413 4014 ipsi
1426 3943 1581 4000 cumomni
1595 3941 1845 4013 studioetgaudio

130 4034 204 4086 ctum
224 4036 361 4088 castrum.
386 4034 439 4088 Sed
465 4034 539 4088 Deus
562 4033 711 4089 remetitur
736 4033 783 4088 his
808 4033 859 4103 qui
888 4034 956 4089 aliis
1012 4037 1199 4102 susceperunt
1218 4037 1246 4088 et
1267 4033 1487 4102 honoraverunt,
1505 4036 1659 4087 etomnem
1679 4030 1846 4087 subvectio-
1902 4066 1916 4096 0

132 4121 443 4178 remetiuntur:eadem
464 4120 512 4176 die
526 4134 583 4191 qua
599 4135 642 4176 1111
659 4121 779 4191 pepulit,
799 4121 900 4190 pulsus
912 4127 956 4177 est
1012 4135 1074 4176 nem
1097 4119 1158 4176 tlad
1182 4121 1401 4191 requisitionem
1422 4120 1477 4175 mci
1507 4119 1682 4189 tribuerunt,
1707 4123 1843 4190 tanquam

131 4206 206 4278 hinc,
236 4214 264 4264 et
289 4207 412 4265 eflicitur
437 4208 576 4280 profugus
603 4209 633 4263 in
661 4209 769 4265 Christi
795 4198 1121 4266 amatorumDhomini
1134 4207 1487 4278 profectosanctaechristi
1499 4208 1548 4262 Dei
1562 4207 1652 4264 nostri
1662 4206 1844 4264 anastaseos·

131 4297 244 4370 regione
269 4297 453 4368 Abasgorum.
477 4299 512 4352 Et
532 4297 655 4353 consilio
675 4303 790 4367 accepto
805 4311 821 4353 a
846 4298 954 4354 Christi
1008 4297 1088 4353 Unde
1102 4303 1129 4353 et
1139 4296 1302 4353 subsidium
1317 4309 1414 4351 eorum
1427 4293 1534 4351 habeus
1547 4295 1658 4352 invenit
1668 4309 1712 4351 me
1726 4300 1844 4352 sauctus

129 4385 230 4439 amicis
247 4385 298 4454 qui
322 4384 383 4438 illic
408 4391 490 4440 erant
510 4385 702 4455 principibus,
726 4385 817 4457 magis
836 4398 954 4454 comps·
1010 4385 1060 4440 ille
1072 4385 1242 4455 stephanus,
1265 4385 1312 4439 cui
1331 4382 1418 4439 faciat
1435 4383 1574 4440 Dominus
1586 4387 1662 4442 Deus
1676 4381 1845 4439 misericor·

131 4472 217 4527 fiendi
232 4484 316 4541 quam
340 4485 382 4525 me
408 4473 558 4527 minimum
575 4473 773 4543 persequendi,
796 4481 824 4529 ct
842 4474 954 4529 oratio·
1008 4474 1084 4529 diam
1098 4474 1127 4527 in
1143 4472 1250 4528 illadie
1260 4473 1356 4542 justus
1364 4471 1462 4543 judex,
1477 4473 1524 4527 sed
1536 4477 1565 4527 et
1578 4472 1683 4542 uisqui
1696 4471 1845 4526 miserunt

129 4571 221 4628 uema
244 4573 287 4614 mc
306 4559 402 4629 potius
424 4574 509 4630 quam
528 4562 665 4632 gemitum
688 4562 865 4632 percipiendi
885 4559 952 4632 (ipsi
1008 4576 1082 4630 eum,
1104 4562 1239 4631 quoniam
1261 4573 1356 4616 revera
1379 4573 1451 4629 opus
1470 4560 1650 4631 evangeliste
1663 4558 1740 4616 fecit.
1758 4559 1840 4615 Sicut

128 4649 232 4717 quippe
246 4649 331 4702 amici
344 4649 451 4703 Christi
468 4650 612 4719 principes
624 4650 754 4721 Abasgiae
769 4650 954 4720 compatiun-
1007 4650 1084 4704 enim
1108 4663 1200 4719 equus
1220 4646 1383 4717 spiritualis
1405 4661 1582 4704 ascensorem
1605 4647 1721 4719 habens,
1748 4647 1842 4718 ipsum

129 4740 172 4790 tur
191 4736 296 4792 humili
316 4736 399 4807 mihi,
413 4751 576 4808 quanquam
595 4740 751 4795 nescierint
769 4740 832 4812 me),
852 4753 954 4807 repro-
1007 4738 1120 4811 scilicet
1146 4737 1245 4803 Deum,
1262 4737 1360 4806 Deum,
1382 4736 1465 4805 iuxta
1487 4736 1666 4805 scripturam
1692 4749 1755 4807 quae
1782 4736 1841 4791 ait:

128 4825 206 4879 misit
223 4826 339 4894 quidem
364 4826 435 4897 illis,
454 4829 530 4897 quod
557 4828 582 4883 si
605 4830 698 4884 exiret
721 4829 797 4900 iude,
813 4836 842 4885 11
865 4828 953 4884 resti·
1006 4826 1162 4882 ascendens
1175 4840 1256 4894 super
1274 4839 1356 4892 equos
1377 4829 1446 4886 tuos,
1469 4829 1494 4877 et
1515 4827 1654 4893 equitatus
1681 4831 1844 4879 1111111111-

128 4917 254 4968 tueretur
278 4914 307 4968 11
324 4915 499 4985 principatu,
518 4917 614 4972 omnia
631 4932 693 4987 quae
718 4916 810 4974 forent
822 4920 856 4974 ad
873 4918 953 4974 sola·
1006 4920 1048 4970 tos
1071 4915 1185 4984 (llubur.
1217 4927 1260 4984 ru,
1289 4910 1328 4987 8),
1358 4917 1445 4968 totum
1471 4912 1609 4984 Lazicam,
1633 4919 1662 4969 et
1689 4913 1841 4992 1111111111]ἱ

128 5000 196 5057 tium
220 5007 249 5057 et
275 5002 456 5074 refrigerium
484 5019 576 5062 meum
609 5008 762 5075 perficeret.
787 5009 858 5063 Dein
890 5013 953 5078 post
1006 5009 1034 5060 et
1048 5003 1197 5075 hbasgiam
1212 5002 1388 5071 discurrens,
1414 4999 1477 5057 sine
1493 5000 1605 5072 timore,
1623 5006 1679 5058 11111
1695 5000 1845 5074 quereri.

128 5102 230 5156 paucos
242 5092 314 5159 dies,
338 5094 432 5148 nescio
448 5095 523 5150 unde
535 5095 662 5167 adjutus,
677 5098 823 5167 egreditur
836 5098 951 5168 quidem
1008 5093 1076 5149 tatis
1087 5107 1170 5163 quam
1182 5106 1244 5163 quae
1265 5091 1492 5147 subintroductae
1520 5091 1661 5148 novitatis
1680 5095 1770 5159 erant,
1786 5101 1842 5144 au-

158 5194 265 5259 Quintae
288 5196 377 5259 dicte,
396 5202 427 5252 ut
446 5200 576 5254 emendat
590 5200 736 5255 Combcfls
1044 5214 1056 5241 c
1071 5200 1152 5255 Notis
1169 5198 1348 5253 milliarium.

160 5265 568 5346 bpspovtiptotc:conveniente
594 5280 649 5348 ipsi
678 5280 792 5336 nomine
818 5282 951 5351 Grpgfflrii,
1044 5269 1251 5326 ‘'Combeiisills
1272 5269 1342 5341 legii
1360 5270 1571 5325 subventionem.

130 5346 199 5414 quod
213 5347 287 5401 idem
303 5352 347 5402 est
368 5361 401 5402 ac
415 5350 490 5416 cipit.
