3876 6090
66 205 120 267 mi
451 206 643 269 salinarias
661 208 777 270 inlisa.
798 211 944 272 loiadon.
965 215 1012 273 DE
1029 216 1167 275 marsus
1185 218 1275 276 llli‘P.
1298 222 1382 281 noli.
1718 222 1777 289 Μ

66 335 281 405 conarmarent,
303 336 378 408 quod
395 336 435 395 ita
450 343 478 396 et
492 338 630 398 iecerunt.
646 341 779 400 Tradidit
797 342 895 416 ltaque
909 343 937 404 A
951 357 1010 417 ger,
1033 346 1197 420 Gundpald,
1224 347 1349 422 Eolcrlh,
1379 350 1468 425 llitto,
1493 352 1595 427 wetti,
1619 354 1776 416 hmbrlcbo

67 425 208 496 praedicta
221 425 309 483 vidua
327 427 444 499 Sigilrit
459 429 544 485 talem
564 431 767 502 proprietatem
781 432 894 504 qualem
949 433 1080 506 hspcrht.

65 516 103 573 ad
113 514 263 572 lllilizreod
276 515 379 573 habere
389 518 450 574 visa
460 524 503 575 est
513 519 601 576 simul
612 533 677 577 cum
687 521 823 579 advocato
831 536 893 595 suo,
948 541 1011 598 epp,
1028 544 1108 601 xpp,
1125 573 1163 587 ..
1176 545 1353 602 pommuyaypo
1371 549 1443 603 inte,-
1462 547 1610 619 ,rmum
1624 554 1775 622 ,piscomm

66 605 186 662 nomine
198 604 329 674 llatoldo,
339 606 374 663 ad
385 607 412 663 S.
427 607 541 664 Petrum
552 614 740 683 sanctumque
751 612 802 669 Dei
815 625 896 669 mar·
1256 623 1282 674 et
1299 620 1468 687 liutfridum.

65 699 159 766 tyram
187 696 426 752 Emmcrammum
447 714 454 767 3
476 695 529 755 hoc
549 705 593 756 est
613 717 620 755 ε
643 713 738 757 aream
759 714 780 769 l,
806 704 835 757 et
859 701 895 758 de
983 705 1101 762 Noverit
1125 710 1294 765 cunctorum
1324 710 1470 771 industria
1493 712 1621 770 lidelium
1650 712 1776 785 qualiter

64 788 144 842 terra
158 782 263 841 arabili
281 784 384 859 iugera
401 799 468 843 xxvi
489 791 517 844 et
536 790 683 869 pratorum
705 789 740 846 ad
759 789 894 847 carradas
948 791 1127 866 subsequens
1139 802 1251 868 peraeta
1263 805 1307 856 est
1318 804 1515 861 commutatio.
1531 801 1663 860 Tradidit
1676 802 1775 875 ltaque

62 887 130 945 ιιιι,
146 873 305 932 lunanum
320 875 456 933 videlicet
465 877 580 947 Aspertl
591 891 635 949 ep.
649 882 678 935 et
687 877 818 936 advocati
830 878 894 949 elus
948 883 1065 956 quidam
1081 884 1189 944 nobilis
1199 888 1255 960 vir,
1269 891 1384 949 nomine
1395 893 1519 965 liatirid,
1532 878 1710 951 ad‘sanctum
1722 890 1774 949 bel

63 963 217 1021 llerrandi.
234 965 257 1020 E
272 968 372 1022 contra
393 979 460 1023 vero
480 967 555 1023 idem
574 967 749 1041 Horrendus,
768 976 894 1025 consen-
948 977 1099 1045 martyrem
1121 976 1359 1036 Emmerammum
1379 981 1409 1038 iu
1434 995 1550 1040 manum
1571 980 1685 1053 hspertl
1709 992 1772 1037 ven.

62 1055 156 1112 ticute
176 1053 294 1111 domino
314 1068 368 1112 sua
385 1069 430 1126 ep.
448 1056 570 1113 tradidit
585 1056 620 1114 de
636 1056 761 1114 rebuss
779 1059 894 1115 Emmo-
947 1075 990 1132 ep.
1013 1065 1042 1119 et
1062 1064 1191 1121 advocati
1211 1067 1274 1136 ejus
1295 1068 1447 1128 Garaharli
1470 1072 1501 1128 ln
1523 1070 1586 1128 loca
1605 1069 1773 1142 samutinga

63 1145 169 1202 rammi
183 1143 348 1201 Peucinmos
364 1144 488 1215 praeiatae
500 1145 594 1203 vidua
604 1158 697 1204 aream
711 1160 720 1203 1
732 1147 805 1204 etde
817 1151 892 1206 tarra
947 1155 1113 1222 nuncupato
1130 1166 1224 1211 casam
1239 1168 1304 1213 cum
1319 1162 1410 1231 curte,
1430 1164 1513 1218 terrae
1530 1159 1653 1217 arabilis
1656 1198 1758 1215 .........

62 1232 171 1291 arabili
182 1233 245 1306 jug.
258 1246 316 1289 xxx
331 1233 361 1289 iu
377 1239 542 1304 perpetuam
558 1235 776 1305 possessionem.
792 1236 827 1293 El
841 1237 891 1294 isti
946 1241 1049 1295 Desunt
1067 1246 1207 1312 sequentes
1218 1247 1335 1316 pauculi
1349 1263 1453 1315 vasus,
1476 1250 1509 1305 ab
1524 1250 1623 1318 solium
1646 1249 1774 1306 altimum

61 1327 134 1382 sunt
144 1325 231 1380 testes
243 1340 250 1379 :
261 1322 411 1395 Garaheri,
426 1321 616 1397 chuniperht,
629 1324 795 1398 sindperht,
811 1326 893 1383 liod-
946 1343 960 1384 c
978 1330 1068 1386 codiee
1087 1334 1215 1389 erasum.

62 1504 1768 1550 Q

750 1638 839 1684 ΑΝΝΟ
858 1637 976 1684 DOMINI
1000 1639 1112 1686 DCGCG.

604 1794 1242 1949 EUTROPIUS

681 2037 933 2098 [lossensibus
951 2039 1158 2099 rarissimu.

57 2279 118 2409 ll
163 2277 365 2410 illllll
411 2276 473 2409 ll
510 2277 814 2410 llllllltllll
854 2278 1202 2411 lllllllllll
1233 2281 1281 2411 ll
1319 2281 1517 2414 lllllll
1558 2282 1766 2415 lllllt.

613 2489 710 2548 asilo
744 2487 869 2548 DOMINI
900 2488 1060 2549 CIRCl'l'ER
1095 2490 1211 2548 bcccc.

512 2606 601 2672 (Apud
623 2606 749 2669 uolasse,
772 2607 920 2673 Scriptores
941 2609 1041 2660 Rerum
1067 2608 1319 2673 alamannicarum.)

804 2722 1006 2738 —-

93 2856 882 2932 Priscistemporibusimperialedecuseuioruitnoma,
899 2859 1110 2932 Bstiauitatis,
1134 2859 1164 2917 in
1190 2863 1306 2933 accepto
1335 2861 1489 2937 privilegio
1515 2864 1592 2937 lesu,
1616 2862 1667 2922 ubl
1694 2865 1766 2924 alt:

58 2949 114 3008 sub
131 2950 218 3021 cujus
232 2948 429 3006 dominatione
443 2949 556 3005 diversa
574 2948 771 3006 consistebant
785 2962 882 3023 regua,
942 2949 983 3003 Ta
1001 2947 1139 3003 vocaberis
1161 2948 1266 3020 cephas
1278 2968 1288 3016 ‚·
1301 2954 1329 3005 et
1349 2950 1421 3007 alibi
1436 2971 1442 3008 :
1459 2953 1517 3021 Epo
1537 2953 1638 3023 ropabo
1658 2970 1712 3026 pro
1728 2959 1765 3021 tc,

57 3043 86 3096 et
106 3037 156 3095 cul
178 3040 288 3095 cunctae
307 3042 404 3110 gentes
426 3038 543 3109 propria
566 3037 776 3096 submittebant
797 3038 880 3097 colla.
939 3051 973 3092 ac
991 3037 1099 3107 deficiat
1113 3039 1180 3107 pines
1200 3042 1258 3093 tua.

56 3125 217 3184 Constituit
230 3139 298 3199 ergo
312 3126 454 3197 consules,
475 3127 525 3198 qui
546 3126 717 3198 quotidiano
731 3141 787 3184 usu
801 3126 882 3199 regni
974 3126 1072 3183 Divisa
1084 3132 1178 3183 autem
1193 3128 1320 3183 llomano
1338 3129 1469 3200 imperio,
1484 3143 1518 3188 eo
1533 3131 1609 3202 quod
1623 3131 1766 3202 imperia-

57 3215 252 3290 gubernacula
273 3215 396 3273 consilio
419 3214 619 3286 disponebant.
646 3215 734 3271 Erant
760 3227 883 3286 namque
938 3214 977 3271 lis
989 3214 1080 3287 sedes,
1094 3229 1158 3286 quar
1167 3217 1295 3288 antiquar
1306 3220 1401 3276 Roma
1413 3219 1499 3276 solita
1509 3224 1581 3290 erat,
1595 3218 1766 3278 Constanti-

56 3305 217 3364 distributa
228 3304 321 3362 oillcia
331 3319 381 3376 per
393 3310 537 3362 senatores
546 3308 575 3360 et
588 3304 783 3377 magistratus,
799 3307 883 3375 prout
939 3302 1066 3373 napolim
1088 3308 1163 3360 esset
1182 3303 1315 3376 deducta,
1334 3307 1490 3364 multarum
1513 3307 1641 3381 gentium
1665 3308 1763 3380 populi

57 3395 219 3467 unicuique
230 3394 426 3452 ministerium
437 3407 521 3465 opere
532 3392 719 3465 competebat.
733 3392 884 3464 imperiale
937 3396 1037 3450 contra
1056 3392 1159 3451 Urbem
1176 3391 1292 3452 fuerant
1309 3394 1438 3453 rebelles.
1455 3396 1533 3452 Unde
1548 3408 1650 3468 magna
1664 3400 1693 3452 et
1707 3409 1764 3454 non

56 3498 124 3542 vero
137 3484 226 3542 decus
238 3483 374 3541 laudibus
388 3482 604 3555 honoribusque
617 3481 653 3540 ab
666 3481 801 3540 omnibus
816 3487 884 3539 tau-
939 3496 1027 3553 pauca
1049 3487 1148 3540 contra
1167 3497 1227 3541 eam
1248 3488 1436 3542 surrexerunt
1455 3484 1539 3558 bella,
1559 3488 1631 3544 teste
1648 3485 1762 3546 Oroslo.

57 3572 411 3631 tummodoextollebatur.
422 3572 488 3631 Post
495 3571 647 3629 adventum
659 3571 803 3645 unigeniti
812 3571 881 3629 Filii
937 3573 1016 3630 Tunc
1029 3573 1107 3630 enim
1125 3573 1213 3631 lloma
1228 3587 1278 3646 per
1294 3574 1432 3646 patricios
1451 3574 1678 3647 principabatur.
1694 3576 1764 3634 Erat

56 3663 116 3736 liei,
139 3667 169 3719 et
191 3666 255 3734 post
275 3661 454 3719 ascensionis
478 3662 541 3732 elus
562 3661 695 3734 gloriam,
722 3661 881 3719 liomanurn
936 3666 1031 3719 autem
1044 3666 1155 3719 tantum
1170 3662 1298 3734 subjecta
1310 3678 1363 3722 suo
1377 3663 1555 3736 imperatori,
1568 3664 1609 3721 ita
1622 3669 1655 3723 ut
1667 3664 1764 3722 siali-

57 3751 212 3825 imperium
226 3751 392 3824 Byzantium
402 3765 432 3809 se
446 3750 581 3823 eontulit,
595 3749 882 3823 quaaconstautino
938 3751 1051 3822 quando
1068 3751 1223 3822 imperator
1238 3765 1414 3826 paganorum
1429 3753 1489 3808 ritu
1505 3752 1685 3811 inveniretur
1699 3768 1763 3812 cru·

56 3843 158 3916 Eagno
182 3841 292 3899 casare
316 3840 582 3912 Constantinopolis
610 3845 708 3897 vocata
733 3844 787 3897 est.
813 3840 882 3911 Qum
935 3839 1020 3912 delis,
1034 3854 1083 3910 per
1094 3854 1163 3898 suos
1173 3840 1291 3914 legatos,
1308 3841 1507 3899 sanctissimos
1522 3841 1658 3912 praesules
1669 3842 1763 3901 allos-

55 3932 124 4003 quia
148 3931 275 3988 Eomauo
296 3928 475 4004 gloriabatur
497 3930 628 4002 imperio,
650 3930 728 3987 dicta
749 3933 792 3987 est
812 3944 882 3985 accc
936 3940 992 3999 quc
1003 3928 1184 3986 Christianos
1195 3943 1245 4000 per
1256 3929 1369 3986 diversa
1382 3929 1526 4001 supplicia
1538 3931 1675 4001 martyrio
1684 3944 1764 3988 coro·

54 4020 212 4087 homo5sic
225 4024 318 4077 nmen
331 4024 364 4077 ut
373 4019 492 4090 antiqua
504 4021 593 4076 Roma
602 4020 729 4091 gloriosa
739 4033 884 4091 praepone·
937 4023 1027 4087 naret,
1048 4019 1198 4075 Crescente
1218 4023 1312 4075 autem
1335 4019 1499 4076 Christiana
1519 4018 1669 4091 religione,
1695 4018 1763 4076 talis

55 4114 134 4168 retur
146 4109 268 4166 catoris.
281 4108 426 4167 Euntibus
438 4113 533 4166 autem
551 4108 691 4180 apostolis
708 4108 750 4166 vel
765 4123 883 4166 succes-
936 4110 1023 4164 aestus
1034 4107 1125 4164 ddeia
1136 4106 1392 4178 patribusexarsit,
1403 4122 1494 4180 usque
1505 4108 1761 4181 dumLongobardl

53 4199 171 4257 auribus
194 4213 292 4257 eorum
319 4199 475 4270 praedicare
501 4198 697 4270 Evangelium,
722 4197 881 4255 secundum
896 4195 1760 4270 Gsuutltaliamingressi.CumqueappropinquarentPado,

51 4287 186 4345 divinum
195 4292 376 4360 praeceptum,
389 4288 567 4345 inmundum
576 4286 752 4358 universum,
763 4287 880 4345 llomam
935 4286 1101 4345 nuntiatum
1127 4290 1171 4343 est
1195 4287 1290 4343 homar
1313 4283 1496 4358 (presidebat
1520 4300 1587 4343 vero
1615 4287 1761 4359 sylverius

51 4377 178 4435 cesares
206 4376 429 4448 revertebantur,
457 4377 571 4433 diversa
599 4379 740 4433 tormenta
771 4375 880 4433 sanctis
936 4381 1089 4447 papatune
1109 4377 1241 4433 llomanae
1255 4373 1399 4448 Ecclesia)
1415 4377 1505 4432 Narso
1527 4375 1661 4446 patricio,
1675 4377 1760 4446 cujus

52 4465 220 4534 inserentes,
241 4470 274 4524 ut
290 4466 350 4523 diis
371 4465 435 4523 suis
454 4465 607 4537 placerent.
628 4465 707 4524 Unde
721 4465 833 4522 accedit
847 4472 881 4523 ut
935 4478 1008 4521 uxor
1017 4463 1172 4521 vocabatur
1181 4464 1346 4537 Polyxiana,
1361 4463 1527 4521 nuntiatum
1537 4467 1582 4520 est
1591 4468 1685 4520 autem
1697 4464 1760 4521 illis

50 4553 154 4613 beatas
175 4556 285 4627 Petrus,
309 4555 359 4626 qui
381 4555 516 4627 prelatus
537 4554 631 4612 luerat
651 4554 765 4612 caeteris
781 4567 797 4610 a
812 4556 878 4611 lesu
933 4553 1010 4624 quod
1033 4553 1169 4623 prelatus
1191 4553 1319 4625 pontifex
1341 4553 1469 4610 misisset
1488 4552 1522 4609 ad
1546 4551 1757 4626 Langobardos,
1848 4571 1850 4575 ¹

49 4643 167 4701 Christo
177 4644 298 4701 Domino
309 4647 419 4717 nostro,
434 4645 551 4701 liomam
567 4643 782 4715 praedicationis
792 4655 878 4701 causa
933 4641 1060 4698 invitans
1078 4655 1127 4698 eos
1140 4644 1268 4714 Romam,
1293 4647 1434 4714 qnatenus
1454 4645 1579 4713 potestas
1594 4641 1759 4700 Graecorum

48 4734 381 4806 veniret,quaeamnium
391 4734 519 4807 gentium
528 4733 875 4805 praedicabaturdomina3
932 4728 1096 4788 aboleretur
1122 4735 1152 4787 et
1171 4731 1305 4788 Ecclesia
1322 4733 1389 4802 lura
1407 4731 1530 4788 elevaret
1546 4729 1600 4788 sub
1621 4735 1760 4802 potestate

49 4836 114 4894 quae
126 4827 256 4895 eatenus,
272 4823 349 4880 sicut
362 4822 463 4881 multis
480 4821 622 4879 idolorum
638 4820 804 4878 simulacris
815 4825 877 4878 erat
932 4818 1078 4889 pontilicis
1093 4837 1101 4889 3
1117 4819 1164 4875 cui
1181 4823 1259 4875 tanta
1273 4824 1335 4877 erat
1354 4820 1520 4891 necessitas,
1537 4823 1570 4877 ut
1585 4818 1661 4876 nihil
1676 4819 1757 4878 aliud

47 4912 179 4983 seducta,
197 4911 237 4967 ita
252 4911 389 4983 plurimis
408 4909 664 4983 predicationibus
680 4909 875 4981 apostolorum
931 4914 1035 4979 preter
1059 4908 1252 4965 Ecclesiarum
1278 4914 1306 4965 et
1329 4908 1471 4966 clerorum
1501 4909 1619 4966 baberet
1644 4922 1755 4966 curam.

47 5001 235 5073 aliorumque
249 5006 405 5072 martyrum
420 4999 671 5059 exhortationibus
683 5012 748 5056 cum
765 4997 875 5055 caeteris
929 4996 1120 5068 Quotidianae
1133 5012 1199 5071 ergo
1214 4997 1308 5055 victus
1322 4996 1446 5055 dabatur
1459 4999 1494 5055 de
1509 4997 1617 5069 palatio
1631 5012 1758 5057 consue-

47 5104 186 5148 canversa
198 5110 205 5162 3
218 5090 266 5148 ubi
282 5092 368 5148 etiam
385 5091 485 5148 beatus
501 5091 601 5147 Petrus
615 5094 643 5146 et
658 5089 764 5147 Paulus
775 5089 876 5146 doctor
930 5089 987 5155 tus,
999 5091 1026 5143 et
1038 5087 1256 5145 annualiadoua
1270 5102 1320 5159 pro
1339 5088 1550 5145 restauratione
1566 5089 1754 5147 ecclesiarum

46 5182 178 5254 gentium
194 5181 330 5252 martyrio
344 5180 472 5238 coronati
488 5185 576 5237 suut:
592 5183 624 5235 ut
636 5179 712 5236 sicut
722 5179 809 5235 lioma
826 5192 875 5248 per
928 5177 1073 5234 etcaesarc
1089 5177 1267 5249 eleemosyna
1283 5177 1401 5235 honoris
1417 5191 1504 5235 causa
1516 5196 1524 5250 3
1535 5183 1564 5236 et
1576 5178 1755 5238 solummodo

46 5271 169 5343 antiqua
190 5271 294 5327 moeuia
313 5275 400 5341 caput
424 5274 486 5326 erat
512 5268 668 5326 multarum
691 5268 819 5341 gentium
843 5267 873 5323 in
929 5271 991 5323 erat
1004 5265 1040 5324 ob
1060 5267 1245 5324 reverentiam
1259 5267 1455 5339 apostolorum
1471 5269 1546 5325 Petri
1569 5274 1597 5325 et
1616 5268 1707 5325 Pauli.
1722 5267 1751 5323 Si

45 5360 194 5419 divisione
208 5361 441 5432 simulacrorum,
453 5361 494 5417 ita
503 5366 591 5431 caput
600 5363 628 5415 et
637 5358 753 5415 domina
763 5371 875 5415 vocare·
929 5357 1043 5427 quando
1056 5356 1216 5428 imperialis
1231 5356 1343 5430 legatus
1355 5356 1519 5415 mitteretur
1532 5370 1549 5413 a
1565 5356 1706 5427 principe,
1720 5357 1753 5410 ut

45 5453 95 5507 tur
108 5452 241 5509 omnium
259 5451 490 5508 Christianorum
508 5451 537 5507 in
555 5449 666 5507 unitate
680 5460 752 5503 verae
767 5446 831 5504 ddei
846 5452 875 5504 et
889 5439 1073 5504 Dliomauus
1088 5446 1216 5518 pontifex
1231 5447 1460 5518 proticisoeretur
1473 5441 1751 5516 Constantinopolim

46 5538 207 5599 inconfusa
216 5541 346 5613 deitatis,
359 5539 466 5598 babens
477 5540 673 5613 principatum
683 5537 775 5596 totius
785 5536 874 5595 chri·
926 5536 962 5594 ad
994 5535 1195 5608 imperatorem
1228 5537 1308 5596 omni
1339 5536 1465 5611 neglecta
1496 5531 1651 5592 mansiona-
1676 5528 1749 5607 ibat,
