3876 6090
184 278 238 337 695
798 280 977 337 anastasii
991 278 1262 335 bibilolnbcnnll
1840 274 1893 332 696

184 402 219 458 ad
233 402 341 459 Christi
355 402 526 474 pontificem,
537 410 565 460 et
579 409 642 474 post
656 408 819 460 consuetam
832 403 1011 457 orationem·
1021 401 1050 461 A
1100 401 1197 455 Nostis
1217 406 1360 471 praterea,
1376 399 1552 469 charissimi,
1570 403 1597 453 et
1611 398 1683 453 bene
1696 397 1801 466 nostis,
1818 408 1892 466 qua-

184 491 360 547 consternati
371 491 432 547 solo
442 506 507 548 cum
522 493 631 565 gemitu
645 498 673 549 et
689 491 822 562 lacrymis
837 503 933 546 sacras
946 490 1010 559 eius
1064 488 1131 544 liter
1143 489 1197 543 buc
1209 501 1300 557 usque
1312 488 1458 543 vobiscum
1470 492 1654 543 conversatus
1668 500 1744 554 sum,
1759 491 1893 555 quantas·

183 579 381 637 deosculantes
401 594 512 650 manns,
532 582 699 654 flagitabant
723 594 788 636 eum
812 579 955 635 dicentes:
972 577 1010 632 Te
1063 574 1707 645 queconilictationesabidololatrissustinui
1720 570 1891 644 gentilibus.

185 671 311 742 quidem,
323 671 750 740 beatissimePater,secundum
763 668 827 724 lldei
837 667 1007 738 dignitatem
1029 730 1031 734 μ
1064 664 1114 732 qui
1132 664 1280 720 dominum
1293 665 1465 720 salvatorem
1480 664 1655 735 ignorantes,
1673 661 1892 717 multitudinem

183 760 323 815 Dominus
338 759 373 815 ad
395 759 525 829 martyrii
539 771 672 817 coronam
688 757 809 826 vocavit,
825 759 1009 826 quamtece
1061 751 1180 807 deorum
1196 753 1246 822 qui
1270 765 1325 808 nou
1352 759 1420 808 sunt
1457 752 1634 807 insanientes
1661 749 1813 806 diffamare
1835 763 1890 805 nou

184 846 276 903 lerius
285 847 413 916 accipere
429 860 606 918 nequaquam
638 844 821 916 ambigimus.
844 843 953 898 Idcirco
966 842 1011 910 ju·
1064 845 1184 895 cessant.
1209 840 1296 897 Scitis
1311 839 1437 910 prolecto
1451 839 1593 911 quomodo
1606 845 1824 909 persecutorum
1838 838 1891 894 de-

184 940 259 990 stum
273 940 406 1004 putamus
422 939 453 990 nt
466 934 551 991 solita
567 935 672 1005 pietate
685 933 835 1004 indulgeas
847 931 925 1001 llrio,
937 930 1011 1000 eJus·
1064 928 1199 985 clinaudo
1220 928 1338 999 rabiem,
1354 929 1389 984 de
1411 929 1472 985 loco
1485 928 1520 984 ad
1535 929 1628 984 iocum
1645 927 1787 999 profugus
1805 926 1889 983 ibam.

183 1037 239 1093 que
254 1022 369 1079 lletibns
383 1023 493 1079 veniam
509 1022 630 1078 tribuas.
1064 1017 1224 1075 Plurimum
1235 1031 1357 1089 namque
1370 1019 1399 1075 in
1414 1018 1616 1087 Mesopotamia
1632 1017 1752 1073 latitans
1768 1016 1846 1088 degi,
1860 1029 1893 1072 ac

218 1109 329 1178 Quibus
341 1110 451 1168 auditis
464 1111 510 1167 vir
525 1110 639 1166 Domini
654 1124 719 1166 cum
731 1108 930 1179 indignatione
945 1105 1011 1160 snb
1065 1106 1182 1175 perinde
1196 1107 1271 1176 aprud
1291 1106 1400 1177 Syriam
1423 1105 1567 1162 Pboenicis
1587 1105 1704 1174 delitui,
1722 1104 1752 1161 in
1769 1110 1893 1175 utraque

184 1200 272 1256 movit
285 1213 343 1271 eos,
369 1203 398 1255 et
411 1199 529 1254 elevatis
553 1212 669 1255 sursum
691 1197 825 1253 manibus
848 1195 1009 1251 exclamans
1064 1194 1150 1250 ctiam
1165 1195 1314 1250 Palaestina
1329 1194 1443 1251 diutius
1459 1194 1716 1265 peregrinationem
1736 1193 1891 1255 sustinui;

182 1286 273 1343 dixit:
290 1288 343 1342 Pro
357 1286 426 1343 Ario
443 1300 486 1341 me
498 1287 611 1343 audetis
622 1284 808 1355 supplicaret
822 1284 909 1339 Arius
921 1286 949 1337 et
962 1280 1010 1336 liic
1064 1289 1092 1339 et
1103 1283 1215 1353 exinde,
1232 1290 1264 1340 ut
1276 1283 1315 1338 ita
1330 1282 1434 1353 dicam,
1452 1282 1482 1339 in
1494 1282 1553 1338 alio
1567 1283 1716 1354 elemento,
1733 1282 1789 1338 hoc
1803 1289 1848 1337 est
1863 1282 1892 1337 in

181 1379 211 1429 ct
225 1373 254 1428 in
280 1372 379 1430 iuturo
401 1373 507 1430 saeculo
532 1388 549 1429 a
564 1373 657 1446 gloria
672 1373 740 1428 Filii
755 1372 805 1428 Dei
820 1373 885 1427 lesu
898 1369 1007 1426 Christi
1064 1371 1171 1427 insulis
1190 1385 1244 1427 non
1266 1385 1351 1441 parvo
1366 1378 1492 1441 ternpore
1506 1377 1633 1427 moratus
1647 1384 1722 1426 sum.
1739 1372 1775 1425 Et
1799 1370 1829 1424 in
1846 1369 1891 1425 bis

136 1472 138 1476 ·
181 1461 296 1518 Domini
332 1462 423 1518 nostri
445 1476 555 1532 semper
578 1463 634 1517 erit
655 1465 819 1533 segregatus
841 1470 1008 1528 semperque
1063 1459 1197 1516 omnibus
1218 1462 1323 1531 degens
1337 1459 1552 1515 calamitatibus
1565 1459 1717 1515 Dominico
1733 1459 1814 1531 gregi
1840 1460 1889 1529 qui

182 1548 308 1605 manebit
322 1551 446 1606 extorris
459 1559 479 1604 ¹.
494 1551 557 1604 llaec
569 1550 621 1605 illo
641 1553 824 1620 protestante,
841 1560 939 1604 omnes
956 1545 1007 1616 qui
1063 1563 1130 1605 mear
1143 1550 1277 1618 parvitati
1288 1549 1460 1604 commissus
1473 1554 1526 1617 est,
1544 1549 1593 1604 die
1611 1547 1892 1619 noctuquescribcre

181 1636 309 1709 aderant,
332 1639 434 1694 timore
449 1637 585 1708 perculsi,
601 1642 736 1709 tanquam
751 1636 822 1693 muti
838 1635 1004 1691 reticebant.
1062 1650 1117 1693 non
1137 1637 1312 1700 desinebam,
1332 1640 1504 1693 confirmans
1518 1649 1567 1692 eos
1591 1637 1621 1692 in
1636 1636 1744 1691 Clrristi
1768 1637 1887 1692 unitate.

88 1753 95 1768 ·
181 1725 269 1782 Porro
290 1726 428 1796 suspicati
442 1730 511 1782 sunt
524 1739 587 1782 eum
604 1739 659 1782 non
676 1726 739 1781 sine
752 1725 853 1781 divino
866 1731 939 1781 nutu
959 1729 1007 1780 ta-
1020 1720 1045 1780 B
1060 1727 1166 1781 llorum
1182 1726 1258 1781 enim
1273 1725 1358 1781 anxia
1374 1725 1602 1781 sollicitudocor
1615 1738 1712 1781 meum
1728 1718 1829 1780 sedule
1843 1726 1890 1780 in-

182 1814 237 1872 iem
253 1815 282 1870 in
301 1815 401 1872 Arium
424 1816 551 1885 proferre
565 1814 745 1870 sententiam.
768 1814 846 1882 Quos
859 1813 926 1868 dum
944 1812 1006 1867 cle-

181 1905 380 1961 mentissimus
394 1907 475 1961 Pater
492 1906 589 1962 cordis
605 1903 823 1975 compunctione
838 1902 957 1958 silentes
972 1915 1004 1956 ac

181 1999 297 2050 moestos
316 1994 465 2065 aspiceret,
494 1993 588 2050 noluit
613 1997 747 2049 austerus
772 2003 946 2062 permanere,
961 1990 1004 2044 vel

181 2094 231 2138 eos
246 2082 329 2153 quasi
340 2087 526 2138 contemnens
536 2083 599 2138 sine
615 2079 811 2137 satisfactione
823 2079 1004 2150 relinquere;

180 2171 228 2227 scd
249 2184 399 2227 assumens
419 2169 561 2226 Achillam
575 2176 603 2227 et
624 2170 828 2240 Alexandrum,
845 2168 897 2239 qui
914 2167 942 2222 in
956 2180 1007 2222 sa-

180 2259 346 2316 cerdotibus
367 2259 495 2315 seniores
518 2273 551 2314 ac
565 2259 724 2315 sanctiores
744 2271 806 2313 esse
825 2256 1005 2325 videbantur,

180 2361 269 2404 unum
290 2361 324 2403 ex
343 2347 386 2402 eis
401 2347 508 2403 babens
519 2347 554 2403 ad
576 2349 731 2418 dexteram,
756 2347 878 2402 alterum
894 2357 1008 2416 quoque

179 2437 214 2494 ad
244 2436 352 2507 laevam,
378 2434 528 2505 paululum
552 2449 601 2492 eos
620 2435 814 2507 segregavita
837 2434 958 2504 ceteris,
981 2438 1010 2489 ot

179 2527 279 2583 clauso
301 2537 430 2581 sermone
455 2524 532 2580 dixit
546 2526 580 2581 ad
599 2537 667 2579 cos:
688 2523 789 2591 ‚Nolite
817 2536 871 2594 me,
895 2522 1010 2578 iratresr

180 2624 317 2685 tanquam
341 2613 531 2670 inhumanum
550 2627 583 2668 ac
608 2612 735 2683 rigidum
750 2612 898 2681 accipere,
913 2623 1009 2667 revera

179 2701 254 2759 enim
270 2705 299 2757 et
313 2714 364 2772 ego
377 2698 462 2756 bomo
474 2713 537 2756 sum
551 2699 676 2771 sublege
692 2700 800 2770 peccati
815 2699 921 2772 degens
937 2698 1006 2770 3sed

178 2789 286 2846 credite
299 2789 371 2844 meis
382 2786 572 2844 sermonibus.
596 2790 697 2844 latens
709 2787 772 2843 rlrii
793 2787 879 2844 dolus
896 2800 1007 2844 omnem

178 2882 293 2949 superat
320 2878 515 2948 iniquitatem,
530 2890 699 2947 omnemque
714 2877 933 2947 supergreditur
949 2878 1008 2932 im-

178 2968 328 3038 pietatem,
350 2973 378 3023 et
398 2967 451 3023 boc
477 2980 565 3023 nona
590 2967 756 3035 memetipso
780 2980 919 3037 asserens,
943 2968 1007 3037 ejus

1060 1814 1194 1886 stigabat,
1209 1822 1238 1870 ct
1263 1827 1306 1869 me
1325 1815 1472 1884 quiescere
1485 1828 1541 1869 non
1557 1814 1686 1884 sinebat3
1709 1814 1890 1870 solummodo

1061 1904 1153 1959 levius
1168 1917 1211 1959 me
1227 1903 1330 1958 babere
1351 1901 1485 1973 putabrm
1502 1902 1616 1973 quando
1628 1916 1677 1958 eos
1695 1916 1830 1974 supernae
1846 1917 1890 1974 po

1061 1991 1156 2048 testati
1170 1990 1392 2049 committebam.

1095 2082 1155 2136 tam
1177 2094 1244 2137 vero
1268 2086 1384 2151 propter
1398 2079 1559 2137 fortunatos
1581 2080 1741 2151 pontifices,
1758 2080 1888 2137 Plrileum

1061 2169 1137 2238 dico,
1162 2167 1458 2240 llesyclriumbatque
1483 2169 1673 2239 Theodorum,
1697 2170 1748 2240 qni
1773 2169 1889 2241 dignea

1062 2257 1160 2314 divina
1170 2258 1261 2330 gratia
1277 2266 1344 2314 sunt
1354 2257 1455 2327 vocati,
1469 2272 1553 2328 quam
1568 2258 1663 2330 gravis
1677 2273 1719 2314 me
1733 2258 1886 2314 tribulatio

1063 2346 1225 2416 quatiebati
1242 2347 1276 2402 lli
1289 2347 1376 2417 enim,
1394 2352 1426 2403 ut
1440 2347 1496 2416 ipsi
1516 2347 1609 2418 scitis,
1626 2347 1662 2403 ob
1676 2347 1786 2403 Cbristi
1809 2347 1890 2404 iidem

1063 2447 1129 2489 cum
1151 2435 1272 2505 reliquis
1295 2434 1509 2491 consessoribus
1523 2435 1648 2491 diversis
1672 2435 1890 2491 macerabantur

1065 2523 1228 2593 suppliciis.
1246 2526 1280 2578 lit
1296 2523 1364 2593 quia
1380 2525 1409 2577 in
1425 2523 1475 2579 tali
1491 2537 1580 2594 agone
1595 2537 1651 2580 nou
1666 2524 1761 2580 solum
1776 2525 1911 2580 clerico-

1066 2627 1140 2684 rum,
1156 2613 1204 2668 sed
1217 2612 1303 2668 etiam
1315 2612 1454 2668 laicorum
1471 2611 1527 2683 ipsi
1541 2619 1622 2668 erant
1635 2612 1770 2684 signiferi
1782 2620 1810 2669 et
1826 2627 1914 2683 prae-

1063 2710 1200 2772 peptores,
1224 2708 1371 2771 propterea
1390 2701 1470 2758 valde
1482 2702 1608 2767 verebar,
1626 2716 1659 2758 ne
1674 2702 1772 2774 longis
1784 2702 1908 2759 deice·

1064 2795 1126 2845 rent
1136 2790 1324 2858 cruciatibus,
1336 2796 1472 2846 eteorum
1483 2789 1615 2862 delectio,
1626 2791 1793 2861 quoddictu
1808 2805 1901 2864 grave

1062 2884 1113 2940 cst,
1126 2878 1262 2947 plurimis
1271 2881 1390 2950 negandi
1401 2880 1473 2937 toret
1485 2879 1706 2949 otendicnlum3
1718 2886 1802 2935 erant
1813 2880 1899 2935 enim

1062 2965 1138 3020 ultra
1153 2973 1300 3023 sexcentos
1317 2968 1475 3038 sexaginta,
1489 2969 1539 3038 qui
1555 2982 1620 3023 cunr
1635 2969 1679 3023 eis
1691 2967 1896 3024 carceralibus

178 3054 287 3112 sancivi
310 3054 542 3127 segregationem.
569 3055 625 3109 llac
647 3055 751 3110 etenim
771 3064 852 3111 nocte
866 3055 934 3110 dum
955 3063 1044 3130 so-(1
1060 3053 1244 3109 arctabantur
1258 3056 1422 3126 ergastulis.
1439 3056 1517 3112 Unde
1539 3069 1639 3127 magno
1654 3055 1751 3112 labore
1767 3069 1899 3127 magno*

179 3142 314 3200 lemniter
340 3156 436 3213 preces
456 3143 491 3199 ad
511 3144 600 3198 Deum
633 3142 791 3215 tunderem,
815 3143 910 3199 astitit
931 3144 1003 3199 mibi

177 3230 295 3301 quidam
311 3245 382 3301 puer
392 3231 474 3302 quasi
490 3230 641 3287 duodecim
653 3244 804 3301 annorum,
820 3232 904 3301 cujus
919 3230 1004 3287 iaciei

178 3318 338 3376 claritatem
354 3318 427 3375 terre
442 3332 498 3375 non
510 3325 646 3390 poteram,
659 3333 723 3376 uam
739 3326 796 3376 tota
812 3320 956 3377 buccella
974 3321 1004 3376 in

178 3420 235 3479 qua
257 3412 366 3464 stamus
390 3408 528 3463 immenso
550 3408 660 3464 lumine
675 3408 813 3464 radiabat.
831 3411 893 3478 lpse
905 3397 1003 3465 ¹autem

180 3495 360 3552 linostimum
371 3496 559 3552 eratindutus
571 3496 721 3564 coliblum,
735 3497 856 3552 scissum
870 3498 899 3551 in
910 3502 1004 3566 partes

180 3588 317 3654 utrasque
332 3598 348 3639 a
362 3584 436 3639 collo
450 3584 587 3654 usquead
612 3584 706 3652 pedes,
720 3589 876 3655 tenensque
891 3585 1003 3655 gemina

179 3683 265 3727 manu
280 3670 385 3727 colobii
402 3670 553 3738 scissuras,
576 3669 739 3738 applicabat
754 3684 801 3726 cas
816 3672 923 3740 pectori
938 3685 1001 3734 suo,

181 3764 322 3828 quatenus
359 3757 502 3826 propriam
530 3760 635 3827 tegeret
660 3756 829 3812 nuditatem.
859 3757 900 3813 ml
930 3757 1002 3814 banc

181 3845 287 3916 quippe
300 3844 438 3900 visionem
448 3858 499 3914 ego
511 3844 633 3900 miratus
643 3844 791 3916 obstupui.
804 3846 867 3902 llox
876 3845 925 3902 ubi
935 3847 1001 3902 data

181 3938 224 3988 est
238 3931 311 3987 mibi
320 3931 455 4002 loquendi
470 3931 585 4001 bducia,
598 3933 761 3989 exclamans
775 3934 854 3991 dixi:
871 3935 1000 4003 Domine,

179 4020 247 4090 quis
262 4020 315 4075 tibi
328 4019 381 4076 boc
390 4020 479 4076 scidit
494 4021 716 4078 indumentum?
730 4024 764 4078 Et
774 4023 840 4080 ilie:
855 4023 943 4080 Arius
959 4038 1002 4080 me

1060 3156 1114 3212 que
1137 3147 1269 3214 satagens
1294 3144 1409 3216 sudore,
1437 3159 1493 3201 non
1515 3144 1659 3200 cessabam
1681 3144 1716 3200 dc
1740 3146 1899 3215 predictis

1059 3229 1131 3286 locis
1150 3231 1274 3288 scribere
1288 3233 1423 3289 omnibus
1438 3233 1509 3305 illis,
1526 3233 1680 3289 exhortans
1694 3247 1743 3288 eos
1756 3233 1792 3289 ad
1810 3248 1905 3290 mar-

1059 3319 1126 3388 tyrii
1139 3319 1260 3389 palmam
1275 3321 1440 3393 magisterio
1452 3323 1544 3378 divini
1556 3320 1667 3378 allatus.
1685 3321 1809 3389 Quando
1823 3337 1900 3379 vero

1058 3408 1185 3463 omnium
1202 3422 1300 3465 eorum
1328 3410 1506 3480 magnificam
1522 3410 1620 3466 audivi
1646 3412 1901 3480 perseverantiam

1058 3500 1086 3550 ct
1101 3497 1245 3565 passionis
1258 3498 1416 3568 gloriosum
1431 3500 1525 3565 finem,
1542 3501 1646 3556 cadens
1662 3500 1691 3554 in
1707 3506 1814 3555 terram
1835 3502 1895 3556 ad-

1058 3585 1136 3639 oravi
1149 3586 1258 3642 Christi
1275 3589 1460 3657 majestatem,
1477 3589 1528 3659 qui
1543 3601 1591 3644 eos
1605 3588 1680 3643 inter
1695 3589 1832 3659 martyrii
1848 3602 1908 3645 ca-

1058 3677 1150 3730 tervas
1160 3688 1347 3731 annumerare
1360 3677 1497 3748 dignatus
1509 3683 1561 3733 est.

1092 3761 1166 3830 Quid
1187 3763 1273 3818 etiam
1288 3763 1370 3819 vobis
1385 3765 1420 3820 de
1435 3765 1548 3821 lleletio
1560 3765 1790 3836 chopolitanoc
1807 3780 1904 3823 com-

1058 3851 1233 3925 memorem?
1249 3851 1297 3922 qni
1320 3859 1443 3922 quantas
1463 3853 1686 3923 persecutiones,
1703 3861 1903 3925 quantosque

1056 3936 1137 3993 dolos
1151 3939 1223 3993 mibi
1236 3939 1275 3995 sit
1285 3939 1440 4009 jaculatus,
1453 3941 1677 3997 vosomnimodo
1688 3941 1782 3998 scrire
1798 3944 1897 3999 nulla·

1058 4030 1140 4081 tenus
1163 4025 1286 4099 ambigo.
1309 4029 1382 4084 Proir
1402 4028 1500 4085 neiasl
1523 4031 1652 4087 scindere
1673 4038 1893 4087 sacrosanctam

180 4107 341 4180 scidit,scd
366 4122 489 4178 praecave
516 4109 633 4167 omnino
653 4125 765 4167 nceum
784 4113 1003 4170 incommunio·
1055 4114 1210 4170 Ecclesiam
1238 4130 1293 4171 nou
1323 4118 1436 4187 metuit,
1459 4132 1544 4189 qnam
1574 4119 1624 4175 Dei
1644 4119 1740 4176 Filius
1760 4121 1887 4190 pretioso

182 4210 244 4252 nem
270 4199 490 4269 recipias3ecce
504 4199 580 4254 enim
606 4202 733 4256 crastina
748 4201 795 4256 die
810 4202 922 4257 venturi
934 4207 1002 4257 sunt
1056 4205 1196 4274 sanguiue
1221 4206 1351 4274 redemit,
1386 4221 1445 4261 eam
1479 4214 1512 4264 ut
1532 4210 1567 4264 dc
1594 4208 1703 4264 diaboli
1733 4209 1885 4279 tyrannide

179 4285 270 4356 quite
293 4301 390 4356 proco
409 4287 605 4357 postulabunt.
620 4289 689 4344 vide
703 4302 770 4359 ergo
786 4303 820 4345 ne
833 4304 936 4345 suasus
952 4303 1003 4345 ac·
1057 4290 1202 4360 liberaret,
1226 4295 1350 4349 animam
1375 4309 1477 4365 ponere
1502 4310 1559 4351 non
1575 4296 1721 4353 titubavit.
1749 4298 1838 4365 lianc,
1855 4302 1882 4353 ut

178 4375 311 4445 quiescas
324 4376 401 4447 illis,
416 4378 485 4448 quin
496 4377 698 4447 potiusjubeto
709 4377 827 4434 bclrillae
839 4380 1002 4451 pariterque
1017 4395 1043 4456 ῃ
1056 4381 1152 4437 dicere
1164 4383 1247 4452 coepii.
1273 4383 1471 4454 nequissimus
1489 4384 1622 4441 bleietius
1637 4386 1784 4456 scindens,
1799 4386 1880 4442 etiam

178 4465 341 4523 Alexandro
365 4466 547 4538 presbyteris,
576 4467 625 4538 qui
651 4472 714 4538 post
737 4474 819 4525 tuum
847 4470 1001 4527 transitum
1056 4478 1171 4526 sanctos
1182 4472 1339 4543 episcopos,
1353 4473 1403 4544 qui
1414 4480 1479 4530 ante
1490 4473 1639 4544 paululum
1653 4488 1703 4544 per
1713 4476 1880 4546 martyrium

181 4556 287 4612 recturi
301 4560 369 4611 snnt
381 4555 535 4611 Ecclesiam
557 4569 656 4625 meam,
669 4570 704 4612 ne
718 4556 902 4629 aliquatenus
918 4560 1001 4618 illurn
1056 4558 1143 4615 coelos
1167 4565 1359 4631 penetrarunt,
1384 4562 1414 4616 in
1436 4562 1560 4619 carceris
1574 4563 1705 4620 custodia
1720 4577 1880 4636 expugnare

179 4642 330 4711 recipiant.
346 4645 388 4699 Tu
401 4649 496 4700 autem
509 4641 626 4700 iuturus
646 4659 677 4701 es
692 4648 822 4718 martyrii
836 4655 939 4705 sortem
951 4664 1004 4706 ve-
1058 4650 1145 4717 atque
1168 4646 1292 4719 allligere
1313 4663 1369 4704 non
1384 4651 1541 4707 desinebat.
1555 4652 1655 4708 Cavete
1669 4652 1762 4724 igitur
1773 4653 1811 4709 ab
1822 4653 1879 4722 ejus

86 4753 96 4760 ·
179 4729 273 4786 locius
286 4731 409 4801 explere,
425 4733 516 4801 llujus
531 4736 625 4789 autem
640 4735 763 4792 visionis
775 4750 861 4794 causa
882 4739 923 4794 nil
938 4753 1004 4795 am·
1060 4734 1186 4792 insidiis.
1203 4738 1260 4808 Ego
1274 4737 1361 4802 enim,
1375 4745 1408 4795 ut
1428 4740 1484 4809 ipsi
1500 4741 1615 4811 vidctis,
1629 4741 1770 4814 alligatus
1783 4741 1878 4797 divina

179 4816 258 4887 plius
280 4817 346 4874 luit.
364 4821 434 4875 Ecce
456 4819 582 4877 satisfeci
605 4823 696 4896 vobis,
722 4830 749 4881 et
765 4840 827 4896 que
839 4828 920 4897 jussa
935 4832 1003 4884 sunt
1056 4825 1196 4882 charitate
1207 4829 1381 4899 pronciscor,
1397 4829 1570 4887 voluntatem
1585 4830 1635 4886 Dei
1650 4830 1788 4888 omnibus
1800 4837 1879 4887 antc-

156 4944 159 4949 -
178 4919 296 4977 prorsus
320 4908 499 4964 annuntiavi.
516 4910 652 4968 Caeterum
669 4913 785 4983 quidex
805 4915 852 4971 bis
876 4915 998 4988 iacietis,
1055 4929 1172 4985 ponens.
1187 4917 1252 4972 Scio
1267 4931 1366 4988 nempe
1382 4918 1450 4989 quia
1476 4919 1588 4976 tribuni
1610 4920 1721 4976 demea
1739 4933 1807 4976 nece
1822 4925 1880 4975 tre-

176 5007 227 5050 vos
240 4994 380 5051 videritis.
398 4995 433 5051 lit
446 4997 481 5053 de
499 4997 569 5054 Ario
584 5001 699 5072 quidem
715 5002 782 5058 lrac.
1054 5005 1185 5073 pidantcs
1196 5006 1358 5062 mussitant.
1370 5008 1418 5063 scd
1434 5007 1589 5064 nullumox
1602 5007 1708 5065 boceis
1723 5022 1878 5066 sermonem

180 5116 352 5204 stibium,
370 5118 417 5174 bic
439 5119 509 5175 Acta
532 5121 748 5195 Combellsiana,
771 5130 996 5196 qzrrmodmodum
1085 5128 1191 5185 hacta
1225 5130 1430 5187 combefisiana
1451 5139 1478 5188 et
1505 5134 1568 5190 cod.
1595 5135 1647 5190 vat
1684 5132 1740 5192 622
1771 5135 1880 5197 addunt

174 5189 222 5243 elie
235 5190 284 5241 Det
301 5189 398 5242 Fvltum
412 5205 430 5242 o
446 5195 565 5258 paterano
583 5194 672 5258 gloria
691 5199 716 5247 ct
734 5197 889 5252 substantio
907 5218 998 5272 seque·
1050 5201 1234 5255 Pachomiurn.

173 5258 452 5327 concremataque
471 5262 596 5342 nondum
609 5263 697 5319 rlrius
711 5280 791 5320 suam
804 5269 932 5327 lraeresim
951 5289 999 5344 pa·
1089 5272 1227 5339 cOptimo
1253 5279 1367 5342 noster,
1383 5275 1533 5331 eratenim
1555 5276 1688 5333 lleictius
1710 5279 1782 5349 Lyco
1805 5278 1880 5333 oleos

174 5328 317 5397 telecerat,
331 5329 379 5384 scd
395 5329 431 5383 ob
446 5329 569 5385 sclrrsma
592 5336 787 5391 tautummodo
804 5339 996 5406 lloletianum,
1055 5341 1084 5394 in
1101 5341 1243 5398 Thebadc
1265 5345 1425 5414 episcopus.
1450 5347 1573 5402 Pessime
1585 5348 1654 5402 llcta
1669 5292 1879 5405 Combetfsiana

173 5405 202 5455 et
217 5405 376 5468 suspectam
389 5400 491 5471 agendi
510 5401 648 5456 rationem
669 5406 803 5464 exclusus
823 5408 924 5468 luerat.
942 5417 999 5471 lior.
1054 5412 1319 5479 intramuraneam
1340 5429 1384 5470 res
1397 5416 1503 5473 lleletii
1521 5417 1577 5473 late
1596 5418 1800 5477 scribuntura
1817 5419 1880 5491 pri·

166 5470 399 5611 {rgggtsazriqentum
431 5484 466 5526 ue
490 5472 562 5527 alter
597 5474 713 5544 quidem
743 5480 830 5536 codex
860 5484 919 5540 vat.
946 5484 1000 5542 622
1055 5483 1114 5540 scis
1127 5484 1477 5544 historicisetallarouio
1492 5488 1527 5544 ad
1543 5502 1608 5544 aun.
1625 5488 1688 5562 306,
1706 5490 1878 5564 u.55seqq.
