3876 6090
195 235 264 298 iret
590 237 737 296 anesum
757 237 901 297 susac.
922 237 971 295 rx.
998 234 1233 295 -aucronss
1249 237 1501 299 nuurmcsnn.
1712 206 1715 211 ’
1833 238 1901 299 isca

193 366 261 423 Fuit
274 369 370 424 antem
383 364 562 437 temporibus
572 364 741 422 consulatus
753 362 892 420 Antonini
908 367 936 419 et
947 361 1064 426 Ale-uA
1076 361 1163 417 etiam
1178 361 1214 419 de
1226 375 1310 432 parua
1327 363 1448 434 quadam
1462 361 1581 419 civitate
1595 359 1759 433 apostolica
1772 363 1901 420 anctori-

192 455 307 513 xandri.
327 454 407 513 Obiit
422 468 486 512 nero
501 452 647 512 confessor
657 452 835 525 temporibus
843 450 1015 509 Diocletiani
1076 455 1133 507 tate
1149 455 1276 508 mutatus
1290 456 1334 509 est
1343 450 1545 509 Alexandriam
1560 468 1568 506 ε
1581 449 1725 509 similiter
1734 455 1764 508 et
1777 451 1858 510 Felix
1869 452 1900 510 de

190 558 242 601 srrr
259 544 321 601 ital.
334 544 424 602 iunii.
437 544 489 600 llic
499 543 529 601 ln
544 543 609 601 suis
622 541 746 601 decretis
759 541 910 600 coutlrmat
925 538 1012 613 (epist.
1074 538 1416 612 civitateqnaordinatns
1425 539 1780 613 emtelcctionecirlum,
1790 548 1897 613 propter

194 632 220 704 i,
241 634 280 690 cd
293 648 383 690 omnes
395 632 498 706 ptdelcs)
516 636 550 690 ut
564 631 670 703 precia
690 638 719 688 et
735 643 913 703 quacunque
933 643 979 687 res
998 642 1015 686 a
1072 628 1234 686 doctrinam
1249 633 1277 685 et
1291 628 1394 686 bonam
1404 628 1492 686 vitam
1508 642 1593 702 qnam
1608 627 1745 693 hahebat.
1756 633 1895 689 communi

193 721 327 781 Adellhus
342 721 469 779 ccclesia
481 720 532 778 Dei
546 719 660 777 traditae
674 724 752 793 sunt,
766 732 877 791 semper
890 719 1016 776 essede-
1073 717 1274 788 episcopcrum
1283 722 1312 775 et
1324 716 1503 790 reliquorum
1516 717 1703 776 sacerdotnm
1715 723 1771 776 aut
1780 719 1897 791 populo-

192 810 278 869 beant
297 811 327 869 in
344 815 481 882 potestate
495 814 524 867 et
538 807 731 881 dispositione
751 809 962 881 episcoporum,
983 807 1015 864 in
1074 820 1138 863 rum
1157 806 1282 864 consilio
1303 806 1461 865 translatus
1479 814 1523 864 est
1543 806 1703 878 Ephesum.
1719 806 1807 880 Quia,
1829 809 1897 868 sien

193 913 315 976 qnorum
337 899 472 972 parochia
494 898 563 972 ipss
581 898 709 956 ecclesiae
723 902 792 955 suut
806 899 889 970 sitae,
909 902 938 954 et
957 895 1014 968 ipsi
1073 896 1201 968 episcopi
1214 895 1318 953 habent
1328 899 1495 968 potestatem
1508 895 1645 955 ordinare
1658 896 1895 972 regulariterepi-

191 990 367 1064 episcopiex
380 987 453 1060 ipsis
477 986 562 1044 rebus
578 986 714 1044 omnibns
732 998 909 1045 communem
927 984 1015 1042 sitam
1074 998 1175 1057 scopos
1203 991 1231 1043 et
1259 985 1388 1059 reliquos
1409 985 1581 1059 sacerdotes,
1603 986 1648 1044 sic
1673 986 1895 1061 quotiesmume

191 1080 293 1153 degere
300 1076 471 1151 uolentibus,
485 1082 587 1134 cuncta
599 1075 757 1133 necessaria
770 1075 953 1146 ministrare;
965 1087 1016 1130 nec
1074 1074 1190 1132 utilitas
1203 1079 1254 1132 ant
1270 1074 1425 1134 necessitas
1438 1075 1577 1149 exposcit,
1594 1076 1773 1147 supradicto
1785 1076 1895 1137 ιιιοιιιιι

192 1168 349 1243 quidquam
365 1164 783 1237 eornmlnallosnsus,quam
794 1162 1015 1234 ecclesiasticos,
1075 1171 1186 1221 mutare
1212 1169 1241 1221 et
1271 1163 1468 1222 inthronizare
1491 1169 1662 1236 potestatem
1698 1163 1817 1222 habent.
1844 1168 1893 1225 lior

192 1263 356 1315 convertere
369 1254 501 1326 debeant,
525 1254 593 1325 quia
607 1259 669 1310 coto
687 1259 752 1310 sunt
762 1254 895 1325 fidelium,
911 1257 937 1308 ei
944 1267 1016 1323 pre-
1074 1254 1150 1309 enim
1171 1253 1207 1310 de
1226 1253 1330 1310 minori
1348 1253 1384 1311 ad
1403 1256 1538 1326 majorem
1553 1253 1705 1311 civitatem
1721 1253 1892 1329 transfertur,

192 1351 232 1403 tic
242 1351 424 1418 peccatorum,
440 1360 472 1400 ac
482 1345 822 1416 patrimonicpccperum.
837 1344 872 1400 Et
884 1354 1017 1414 quacun·
1074 1343 1125 1413 qni
1145 1356 1201 1400 non
1215 1342 1336 1415 ambitu,
1353 1357 1404 1401 nec
1419 1344 1535 1417 propria
1550 1344 1715 1416 voluntate
1729 1345 1783 1403 scd
1797 1351 1847 1404 aut
1858 1348 1893 1404 ris

193 1451 249 1511 que
268 1437 297 1492 in
312 1435 387 1493 alios
402 1448 483 1506 usus,
498 1446 582 1505 qnam
599 1434 629 1490 in
646 1433 799 1505 predictos
810 1431 1013 1504 converterint,
1075 1433 1190 1503 propria
1203 1432 1269 1490 sede
1280 1432 1894 1505 pulsusautnecessttarecoaetus,aututi-

193 1525 354 1586 necessario
368 1522 514 1596 sacrilegii
525 1522 566 1601 rei
581 1522 719 1594 existunt,
733 1527 763 1579 et
776 1521 801 1580 si
813 1535 870 1580 non
884 1535 1013 1595 corpore,
1073 1521 1155 1579 litate
1173 1522 1229 1581 loci
1245 1527 1273 1580 et
1287 1523 1398 1596 popuii,
1415 1537 1471 1582 nou
1486 1524 1619 1597 superbe,
1637 1524 1690 1582 sed
1704 1524 1894 1585 bumiliterah

192 1616 289 1674 anima
307 1621 400 1672 tamen
417 1612 524 1670 mortui
539 1611 656 1669 cadunt.
670 1613 706 1668 Et
719 1612 801 1669 sedes
813 1610 1013 1684 episcoporum
1071 1611 1141 1669 aliis
1155 1611 1329 1671 transfertur
1337 1618 1365 1671 et
1375 1612 1598 1672 inthronizatur.
1611 1614 1670 1671 llic
1683 1614 1797 1673 eisdem
1807 1614 1895 1674 decm-

195 1708 259 1765 ideo
278 1703 451 1763 lnecclesils
470 1703 588 1760 excelsae
600 1703 822 1760 constituuntur
834 1700 924 1777 (ibid.)
934 1708 966 1761 ιιι
979 1718 1015 1762 ex
1033 1702 1113 1769 Btis
1131 1702 1194 1761 suis
1218 1703 1343 1761 sancivit
1356 1702 1461 1774 (endem
1474 1705 1578 1778 epist),
1600 1709 1635 1762 nt
1655 1704 1789 1777 quisque
1807 1704 1894 1763 inche-

193 1797 246 1855 hoc
260 1794 388 1868 episcopi
407 1791 600 1865 prelationem
624 1797 711 1864 atquc
722 1796 889 1864 potestatem
905 1791 1015 1866 ligandi
1073 1793 1157 1851 diens
1166 1792 1574 1866 spiritualiauiuadrcrsione
1583 1797 1757 1866 truncetur,
1765 1794 1893 1867 etelectus

192 1893 220 1945 ei
232 1883 362 1943 solvendi
373 1880 476 1939 habere
485 1880 696 1953 intelligantur,
710 1886 739 1939 et
748 1894 847 1939 omnes
857 1880 954 1939 bdeles
965 1895 1017 1953 per
1073 1882 1109 1939 de
1128 1882 1249 1939 ecclesia
1266 1882 1367 1954 rapido
1382 1882 1543 1940 daemonum
1563 1896 1613 1941 ore
1627 1883 1818 1942 dilanietur:
1830 1885 1894 1944 sicut

93 2013 97 2019 -
192 1971 516 2045 manusimpositicnem
524 1970 723 2042 episcoporum
731 1969 873 2042 Spiritum
882 1977 1014 2029 sanctum
1073 1970 1142 2029 olim
1157 1971 1187 2029 iu
1201 1973 1289 2029 reteri
1307 1972 1376 2045 lege,
1387 1973 1553 2044 quicunque
1565 1972 1777 2032 sacerdotibus
1786 1972 1893 2033 nonb-

192 2068 254 2137 post
278 2062 454 2133 baptismum
477 2059 606 2130 accipere
625 2059 757 2131 debeant,
777 2064 810 2118 ut
829 2058 906 2131 pleni
925 2059 1014 2116 Chri·
1072 2065 1266 2133 temperasset,
1284 2065 1334 2118 aut
1348 2068 1429 2119 extra
1440 2066 1535 2120 castra
1549 2062 1669 2135 positus
1690 2063 1891 2135 lapidahatnra

190 2149 726 2211 stianiinveniantur.llicialeriannm
734 2149 1012 2226 caectltaespcusnm,
1072 2149 1188 2222 populo,
1201 2157 1252 2209 aut
1262 2150 1358 2224 planto
1368 2150 1478 2209 cervice
1491 2151 1623 2224 subjecta
1637 2157 1836 2226 contemptum
1847 2166 1891 2211 ex·

190 2243 355 2315 multosque
369 2240 443 2298 alios
462 2239 497 2297 ad
522 2237 605 2297 iidem
629 2239 739 2297 Christi
759 2240 910 2312 convertit,
934 2247 963 2299 ct
976 2241 1012 2300 ad
1073 2238 1169 2310 piabat
1187 2254 1289 2299 cruore
1303 2240 1391 2315 (lieni.
1412 2243 1497 2316 xvir),

190 2331 322 2405 martyrii
341 2331 462 2402 palmam
478 2329 622 2400 perduxit.
638 2329 690 2386 llic
703 2329 849 2389 ordinarit
863 2331 1013 2403 episcopos
1302 2330 1380 2388 xxi.
1394 2332 1467 2388 -S.
1484 2330 1668 2391 FAElANtlS.

189 2427 264 2495 octo,
280 2419 460 2495 presbyteros
473 2417 676 2490 novemdecim,
691 2418 829 2477 diaconos
842 2424 959 2493 septem.
1336 2418 1428 2494 (Anno
1446 2419 1627 2479 committit.

406 2509 484 2566 xiil.
497 2538 532 2549 -
546 2507 574 2564 s.
590 2507 792 2565 FONFlAiiliS.
1106 2507 1260 2581 Fabianus,
1273 2509 1390 2567 natione
1399 2511 1555 2582 Romanus,
1567 2524 1604 2568 cx
1619 2516 1706 2584 patre
1718 2511 1816 2586 Fabio,
1825 2512 1890 2571 sedit

448 2596 543 2667 (Anno
562 2596 665 2652 Chrism
677 2594 754 2670 233.)
1069 2608 1161 2653 anuos
1174 2597 1322 2669 tredecim,
1338 2610 1461 2655 mensem
1475 2611 1576 2671 uuum,
1592 2599 1659 2657 dies
1673 2600 1812 2659 undecim
1825 2599 1891 2658 :init

224 2686 392 2757 Pontianus,
405 2685 522 2743 natione
535 2685 690 2757 ltomanns,
703 2699 739 2742 ex
749 2689 830 2757 patre
840 2685 1010 2762 calpurnio,
1069 2689 1164 2744 antem
1180 2686 1358 2758 temporibus
1371 2687 1522 2745 liaxlmini
1544 2692 1574 2746 et
1584 2686 1737 2765 Africani,
1756 2704 1843 2764 usqne
1860 2688 1889 2747 ad

187 2777 264 2835 sedit
288 2789 379 2833 anuos
402 2787 512 2847 norem,
538 2785 649 2830 menses
675 2774 814 2846 quinque,
838 2773 902 2832 dies
924 2775 1008 2835 duos.
1068 2774 1186 2833 Decium
1197 2775 1891 2851 meandumetouanraturu,putmartyriomro-

187 2866 356 2923 Fuitantem
370 2862 549 2934 temporibus
559 2861 725 2934 Alexandri,
740 2862 922 2922 sconsulatu
933 2865 1010 2922 Foru·
1068 2868 1155 2921 natur
1171 2878 1219 2920 ιιι
1233 2864 1351 2922 tialend.
1372 2864 1533 2923 Februarii.
1555 2866 1609 2922 llic
1622 2866 1891 2940 ordinaritepism-

185 2953 282 3027 pelanl
310 2958 339 3010 et
364 2951 506 3009 Felinlani
541 2947 720 3026 [Pelagiauip.
748 2952 851 3009 Eodem
883 2956 1010 3025 tempore
1069 2966 1120 3025 pos
1144 2954 1288 3027 undecim,
1319 2953 1499 3027 presbyteros
1521 2955 1627 3029 viginti
1651 2956 1743 3030 duos,
1764 2958 1891 3017 discerne

185 3043 341 3117 praedictus
367 3039 494 3113 pontifex
520 3054 586 3097 cum
614 3039 768 3111 tttppotptc
793 3040 958 3112 presbytero
978 3042 1008 3099 in
1027 3033 1052 3099 G
1069 3047 1186 3113 septem.
1203 3042 1371 3116 lllcseptem
1386 3044 1525 3104 diaconos
1541 3045 1571 3102 in
1586 3046 1666 3104 Urbe
1680 3048 1773 3105 ltoma
1786 3048 1817 3107 in
1829 3062 1890 3121 scp-

183 3132 321 3191 exsiliam
338 3134 382 3187 esi
398 3130 566 3201 deportatus
576 3128 612 3184 ab
622 3127 783 3187 Alexandro
796 3130 1008 3203 lusardiniam,
1070 3140 1123 3191 tem
1143 3133 1273 3205 regiones
1288 3133 1382 3205 ipsius
1401 3134 1484 3192 urbis
1503 3135 1617 3205 diuisit,
1633 3135 1691 3209 qui
1706 3137 1744 3195 ad
1760 3152 1890 3213 peragen-

184 3223 215 3279 in
226 3219 350 3279 insulam
359 3218 617 3291 bucinamserero
627 3216 1007 3293 ethlntiauocousulibus,
1067 3222 1136 3280 dnm
1147 3221 1272 3281 odicium
1281 3224 1344 3281 illis
1357 3237 1517 3297 congruum
1527 3225 1607 3283 omni
1621 3226 1698 3284 hora
1711 3228 1807 3299 parati
1818 3228 1888 3286 iate·

182 3313 212 3368 et
226 3311 256 3368 ln
278 3309 374 3367 eadem
395 3307 491 3366 insula
507 3304 640 3380 allicias,
657 3312 685 3365 et
697 3314 857 3366 maceratns
868 3307 1007 3381 instibns,
1067 3312 1210 3369 utaentur.
1226 3313 1278 3370 ilic
1296 3312 1383 3370 etiam
1400 3319 1506 3386 septem
1526 3314 1729 3375 subdiaconos
1742 3317 1886 3387 ordinarit,

182 3398 336 3458 defunctus
354 3402 398 3455 est
422 3410 454 3453 nr
483 3396 602 3454 Kalend.
626 3397 761 3454 Novemb.
786 3397 839 3455 illc
864 3399 951 3456 etiam
977 3398 1007 3456 in
1067 3401 1118 3473 qui
1133 3405 1240 3472 septem
1256 3402 1380 3459 notariis
1395 3403 1589 3476 imminerent,
1603 3409 1730 3479 eigesta
1741 3412 1887 3479 mmmm

181 3490 307 3548 decretis
331 3487 394 3544 suls
409 3486 555 3544 mandavit
577 3484 665 3558 (epist.
690 3483 716 3556 l,
738 3487 776 3542 cd
804 3487 933 3562 Felicem),
957 3501 1008 3546 sa·
1066 3489 1205 3547 veraciter
1218 3503 1253 3547 ex
1277 3491 1584 3566 inteprocolligerent.
1608 3495 1811 3566 Enjnsetiam
1825 3500 1888 3553 ten-

182 3580 313 3638 cerdotes
334 3591 391 3635 non
414 3590 477 3635 esse
500 3575 679 3634 accusandos
699 3575 736 3633 ab
757 3576 898 3649 inimicis,
923 3583 1007 3636 anta
1067 3591 1134 3649 pore
1151 3580 1277 3637 Novatns
1290 3578 1442 3638 baercticns
1460 3595 1495 3638 ex
1512 3580 1611 3641 Airica
1625 3584 1723 3657 venit,
1737 3586 1792 3658 qui
1805 3586 1888 3642 Nors-

182 3662 809 3738 sceleratis,authomlnibnsalteriussectae
828 3664 1008 3739 relreligio-
1067 3666 1177 3725 tiannm
1202 3672 1231 3724 et
1256 3669 1331 3727 allos
1353 3671 1491 3740 quosdam
1520 3671 1631 3730 christi
1656 3672 1842 3735 consessores
1859 3672 1887 3730 de

182 3759 251 3815 nis:
275 3756 329 3825 rel,
347 3756 374 3813 si
394 3752 467 3812 torte
492 3753 714 3825 peccavermius
734 3753 857 3825 reliquis
871 3757 1009 3814 sacerdo-
1064 3754 1173 3813 Christi
1195 3757 1322 3816 Ecclesia
1341 3759 1494 3833 separavit,
1508 3766 1537 3819 ct
1550 3760 1582 3819 in
1597 3762 1770 3823 doctrinam
1785 3776 1884 3840 prarau

181 3844 262 3901 tibus
275 3843 448 3916 arguendos,
464 3847 518 3898 eta
530 3840 653 3898 summis
663 3839 851 3913 pontilicibus
864 3845 1007 3903 constriu·
1065 3846 1216 3903 convertit.

182 3931 289 4006 gendos
303 3944 365 3988 esse
383 3930 528 4002 pracepit,
555 3930 595 3987 ita
610 3934 642 3987 ut
659 3929 740 3988 nullo
754 3931 837 3990 modo
851 3945 868 3989 a
882 3934 1007 3992 saecnla-
1101 3936 1152 3992 lllc
1168 3943 1283 4007 paterne
1298 3939 1421 4012 monuit,
1436 3943 1464 3997 et
1482 3939 1598 4000 decreto
1610 3942 1744 4017 salubri,
1759 3950 1791 4004 et
1802 3944 1886 4005 omui·

182 4020 274 4092 ribus,
294 4025 346 4078 ant
367 4019 448 4076 malsc
460 4019 524 4076 vitae
540 4018 707 4079 hominibus
723 4028 883 4094 arguantur
897 4023 940 4080 rel
954 4037 1006 4081 ar-
1064 4023 1884 4109 buschrlstiauishominibusserrandosanciritlepistd,

181 4115 309 4168 ceantur.
334 4110 388 4167 llic
408 4109 555 4167 ordinarit
576 4109 726 4183 episcopos
747 4118 865 4185 septem,
884 4112 1006 4186 presby·
1064 4116 1103 4171 cd
1127 4119 1335 4174 comministros.
1357 4148 1395 4160 -
1414 4118 1441 4191 6,
1462 4134 1491 4192 q.
1517 4117 1542 4192 l,
1563 4135 1588 4178 c.
1614 4121 1729 4198 Omnes)
1755 4131 1884 4184 atomum

182 4205 258 4258 teros
272 4213 332 4272 sex,
347 4198 485 4257 diaconos
501 4198 631 4273 quinque
1064 4204 1121 4278 illi,
1132 4220 1198 4264 cnm
1211 4207 1319 4280 qulbus
1332 4207 1488 4279 Apostolus
1501 4209 1600 4268 cibum
1615 4225 1673 4270 nos
1687 4228 1807 4272 sumere
1823 4216 1885 4271 rotat

411 4287 476 4347 llll.
492 4288 567 4346 -S.
580 4289 771 4347 ANTEERUS.
1062 4292 1088 4367 (l
1108 4294 1167 4352 Gor.
1192 4296 1231 4370 u),
1253 4310 1270 4354 a
1292 4297 1522 4357 christianorum
1546 4302 1702 4361 consortio
1723 4300 1883 4379 mussanti

447 4378 541 4450 (Anno
554 4378 655 4436 christi
668 4373 744 4451 237.)
1021 4390 1051 4455 D
1065 4386 1181 4459 penitus
1196 4385 1364 4461 habeantur,
1381 4400 1432 4446 nec
1443 4388 1472 4446 iu
1487 4388 1650 4461 cujuslibet
1664 4396 1696 4450 et
1709 4392 1885 4453 bdelium

215 4470 371 4543 Autherus,
386 4469 502 4527 natione
511 4469 638 4538 Graecus,
650 4480 684 4524 cx
698 4472 777 4540 patre
788 4467 918 4541 hamulo,
930 4470 1005 4529 sedit
1063 4475 1366 4535 cusationcnllatenns
1380 4479 1591 4554 suscipiantur,
1603 4495 1704 4555 usque
1717 4483 1757 4542 ad
1769 4482 1883 4545 satisfac»

193 4573 285 4618 anuos
307 4558 471 4630 duodecim,
488 4568 612 4613 mensem
634 4569 736 4626 unum,
750 4556 813 4616 dies
829 4558 1001 4621 duodecim:
1062 4564 1181 4632 tionem,
1197 4564 1266 4623 dnm
1281 4566 1368 4639 dipne
1383 4567 1494 4626 venisse
1509 4570 1772 4633 nondnbltantnr.

181 4646 239 4705 init
254 4652 349 4705 autern
373 4645 551 4718 temporibus
568 4645 719 4703 Maximini
739 4653 767 4705 et
784 4645 913 4706 Africani
928 4663 1001 4709 coss.
1097 4655 1149 4711 ilic
1161 4653 1247 4711 etiam
1260 4655 1290 4712 in
1301 4656 1425 4716 decretis
1436 4656 1638 4718 Orientalibus
1647 4660 1884 4737 episcopisiesti

182 4738 233 4792 iiic
244 4742 324 4807 gesta
333 4738 488 4803 Martyrum
505 4733 688 4808 diligentera
702 4736 824 4794 notariis
834 4739 1001 4815 exquisivit,
1063 4741 1281 4819 bethlemiti)
1298 4746 1506 4806 inuiolabiliter
1517 4751 1695 4810 serrandum
1709 4768 1778 4813 esse
1788 4765 1884 4828 pract-

180 4824 374 4882 etineeclesia
384 4824 556 4882 recondidit.
568 4824 623 4895 Qui
635 4840 667 4883 ιιι
677 4827 772 4883 Nonas
780 4828 913 4885 tannarii
923 4843 1003 4888 mar·
1063 4833 1116 4906 pit,
1131 4842 1163 4892 ut
1177 4835 1400 4909 singulisannis
1423 4850 1526 4896 norum
1542 4840 1676 4899 chrisma
1688 4843 1882 4913 conficeretur,
1910 4904 1915 4913 ,

182 4913 257 4986 tyrio
279 4920 444 4972 coronatur.
472 4915 523 4971 ilic
544 4915 691 4973 ordinarit
715 4913 804 4988 (epist.
829 4916 868 4972 od
883 4921 1000 4992 episcop.
1061 4927 1180 4982 etvetus
1195 4925 1224 4980 in
1243 4926 1495 4985 sanctisecclesiis
1508 4934 1703 5005 cremaretur,
1721 4936 1805 5009 quia,
1818 4936 1884 4995 sicci

180 5002 295 5074 ltaeticrc)
316 5003 481 5075 episcopum
498 5018 597 5061 nuum.
615 5006 666 5062 llic
687 5007 774 5065 etiam
793 5011 945 5068 consultus
967 5011 1003 5070 de
1062 5013 1157 5085 ipsius
1179 5014 1239 5073 diei
1260 5015 1427 5074 solemnitas
1450 5018 1646 5093 persinssnlos
1664 5024 1884 5085 auuosoetetlc·

180 5092 380 5165 episcopcrum
409 5094 568 5151 mutatione
598 5090 634 5167 (i,
666 5110 694 5168 q.
723 5095 749 5170 l,
778 5114 803 5155 c.
828 5102 1003 5176 itcmsmms)
1061 5102 1180 5173 branila,
1204 5104 1245 5162 lta
1264 5106 1359 5178 ipsius
1380 5107 1472 5165 sancti
1494 5108 1668 5169 chrismatis
1679 5112 1883 5189 comesurus

180 5179 242 5239 lieri
260 5180 347 5238 licere
368 5181 398 5237 ln
419 5182 482 5238 suis
503 5182 627 5239 decretis
647 5186 795 5257 respondit
810 5207 817 5258 ;
832 5202 887 5246 non
907 5195 1001 5249 tamen
1060 5192 1192 5266 singulos
1204 5207 1295 5254 annos
1308 5201 1352 5254 est
1366 5199 1483 5271 agenda,
1496 5204 1526 5256 et
1538 5198 1575 5256 de
1588 5212 1670 5260 anno
1682 5203 1717 5262 lu
1734 5217 1883 5265 suumne

178 5271 351 5343 cujusquam
363 5269 780 5340 libituautdomlnutione,sed
790 5281 935 5336 communi
945 5281 1001 5338 utl·
1060 5283 1199 5345 notanda.
1216 5289 1245 5340 et
1258 5284 1393 5345 tidelibus
1404 5287 1553 5361 tradenda,
1578 5290 1653 5361 quia
1667 5304 1781 5353 norum
1794 5306 1882 5353 sacm-

178 5362 260 5420 litate
268 5360 506 5432 antnecessitatc,
515 5360 591 5418 sicut
600 5363 901 5435 Petrusapostolornm
917 5370 1003 5441 prin·
1060 5377 1185 5429 mentum
1204 5378 1256 5431 est.
1282 5376 1345 5433 llaec
1364 5376 1488 5448 apostoli
1507 5376 1686 5456 docueruut,
1712 5382 1777 5444 hnc
1793 5394 1879 5443 eom

177 5466 243 5526 ceps
270 5453 307 5511 de
339 5450 495 5509 Antiochia
527 5452 644 5508 Aomam
676 5452 816 5512 utilitatis
843 5471 930 5516 causa
958 5466 1003 5519 est
1056 5469 1576 5542 successoresteuucruus,etseuper
1599 5472 1733 5533 tenenda
1752 5472 1880 5543 essslr·

177 5542 346 5616 translatus,
365 5540 454 5627 ntlbi
470 5541 536 5614 pius
545 5541 682 5613 proicere
692 5549 797 5615 posset.
812 5546 849 5607 Et
859 5548 1001 5610 Eusebius
1056 5552 1142 5612 miter
1156 5555 1371 5617 mandaverunt
1386 5556 1440 5616 llic
1459 5557 1491 5616 iu
1508 5559 1620 5621 eisdem
1634 5562 1771 5625 decretis
1789 5560 1879 5625 statuit
