3876 6090
121 249 170 312 lbi
740 249 920 308 anasaasn
944 246 1215 308 Bibulonlmtnn

122 381 196 454 quod
213 381 243 436 in
262 379 558 437 commemorationem
572 378 623 435 Dei
638 378 775 436 conditur
786 375 943 449 [dicatur],
955 375 984 435 Α
997 377 1139 434 adorare?
1151 378 1233 434 babet
1247 377 1322 434 enim
1348 378 1514 448 prophetia:
1530 379 1598 433 Ecce
1609 380 1688 448 virgo
1704 379 1736 435 ta

121 475 267 541 acceptum
280 473 323 526 est
339 467 393 524 illi.
410 467 465 538 Qui
478 482 544 524 vero
559 473 660 538 prater
674 469 745 524 banc
759 466 943 523 traditionem
998 466 1116 531 babebit,
1132 472 1158 522 et
1166 470 1257 538 pariet
1270 468 1358 537 pilum
1372 467 1439 536 (iso.
1460 468 1522 536 vn).
1539 468 1616 524 lianc
1629 482 1699 542 ergo
1711 482 1742 541 pr

121 560 294 629 eliciuntur,
316 559 401 629 cujus
426 558 580 629 participes
598 557 665 614 iacti
685 562 753 614 sunt
774 570 872 613 omnes
894 555 943 626 qui
1000 556 1069 612 tiam
1086 556 1116 612 in
1136 556 1261 629 imagine
1274 571 1325 614 nos
1343 557 1481 627 videntes,
1501 557 1586 614 idest
1602 558 1742 631 Virginem

122 644 944 725 germaneliliorumadoptionemreceperuntincatbolica
999 646 1205 717 amplexantem
1231 661 1315 718 quem
1344 648 1464 719 peperit,
1483 648 1625 719 quomodo
1647 646 1742 706 cullen

120 739 257 811 Ecclesia,
270 738 372 794 merito
391 736 471 794 nothi
487 741 564 809 sunt,
580 743 608 793 et
621 751 676 794 non
693 736 758 792 lilii.
772 738 870 807 ltaque
884 747 945 790 sen·
999 749 1056 805 quo
1067 735 1164 792 minus
1175 735 1326 792 adoremus
1338 741 1366 793 et
1378 737 1556 794 salutemus?
1570 736 1643 807 Quis
1665 738 1742 795 inere

121 831 228 886 tiamus
246 827 351 884 bonum
370 832 398 883 et
412 825 552 897 optimum
566 839 638 895 esse,
654 824 861 883 venerabilium
877 823 946 878 ima·
1000 828 1092 880 mente
1104 824 1220 881 diiierre
1245 825 1349 882 audeat
1362 827 1397 882 ad
1414 826 1580 896 hujusmodi
1595 826 1742 884 salutatio·

120 918 219 992 ginum
232 915 403 987 positionem
419 914 449 970 in
464 914 591 971 Ecclesia
612 914 684 985 lieri,
708 919 737 970 et
751 910 945 985 spiritualiter
999 911 1107 985 Dignos
1126 915 1317 985 nosmetipsos
1337 915 1504 972 adoratione
1522 914 1672 986 iaciamus,
1698 929 1735 974 no

121 1006 219 1064 reduci
236 1019 285 1076 per
295 1003 347 1060 bas
358 1004 392 1059 ad
409 1001 614 1073 principalium
635 1017 751 1059 suorum
767 1000 943 1069 memoriam,
998 1001 1097 1058 dentes
1109 1003 1237 1076 indigne,
1252 1005 1327 1060 Ozan
1339 1004 1379 1074 [in
1391 1005 1463 1075 Ozae]
1476 1008 1516 1074 (ll
1529 1008 1593 1076 llrg.
1615 1004 1644 1077 6)
1660 1018 1742 1077 pmna

120 1101 206 1168 atque
225 1094 295 1150 istas
316 1098 431 1165 propter
459 1092 622 1148 earumdem
647 1089 895 1148 honorificentiam
917 1095 945 1145 ct
999 1091 1138 1148 cidamus.
1162 1095 1224 1164 ipse
1242 1093 1349 1164 quippe
1374 1100 1493 1166 tangens
1514 1108 1620 1166 arcam,
1642 1096 1742 1152 eadem

120 1185 246 1242 salutme
264 1186 293 1239 et
315 1182 460 1254 amplecti,
485 1195 518 1237 ac
538 1181 663 1238 debitam
677 1181 872 1238 adorationem
886 1178 946 1234 im·
999 1180 1096 1250 periit,
1121 1181 1238 1252 indigne
1255 1183 1444 1254 approprians
1464 1183 1519 1239 illi.
1534 1186 1742 1255 Quanquamet

121 1276 251 1348 pendere.
274 1272 339 1329 Sive
359 1285 426 1343 ergo
440 1270 530 1327 alicui
554 1271 593 1327 sit
605 1269 807 1327 salutationem
832 1272 943 1340 gratum
998 1269 1122 1325 diversis
1142 1269 1243 1342 figuris
1254 1271 1373 1343 variata,
1387 1279 1415 1329 et
1428 1286 1463 1328 ex
1478 1273 1567 1345 lignis
1586 1277 1741 1331 construet

119 1377 228 1435 vocare,
238 1362 298 1419 sive
308 1360 502 1418 adorationem
514 1359 576 1432 (boc
591 1360 684 1432 ipsum
696 1359 772 1416 enim
780 1362 824 1415 est
836 1363 945 1415 utrum·
999 1358 1049 1430 rit,
1074 1360 1315 1430 quemadmodum
1330 1366 1358 1417 et
1377 1361 1536 1434 imaginum
1557 1362 1677 1420 iactura.
1694 1364 1741 1421 l’or

119 1467 191 1525 que3
211 1452 269 1508 nisi
294 1449 367 1507 lorte
385 1450 453 1521 quis
476 1449 672 1506 adorationem
693 1463 757 1519 quae
785 1447 942 1504 secundum
999 1447 1049 1519 ‹qui
1061 1448 1163 1505 dicunt
1176 1449 1346 1520 imaginales
1365 1448 1551 1507 formationes
1567 1451 1697 1509 sulficere
1715 1453 1741 1510 iu

119 1543 232 1600 latriam
243 1540 404 1611 exhibetur,
419 1538 578 1611 intelligat:
601 1539 659 1594 alia
675 1537 752 1595 enim
765 1541 809 1594 est
824 1536 893 1603 buc,
911 1539 944 1592 ut
999 1539 1229 1596 memorationem
1244 1543 1355 1596 tantum
1370 1540 1480 1612 baberi,
1500 1547 1527 1598 ει
1540 1556 1595 1598 non
1620 1543 1741 1601 etiamn

119 1631 322 1702 multipliciter
343 1635 386 1685 est
407 1627 561 1702 ostensum)
584 1632 695 1684 tuntum
717 1628 824 1699 dignus
846 1626 872 1682 is
891 1624 942 1696 qui
998 1625 1177 1700 lutationem,
1196 1641 1284 1684 unum
1299 1629 1479 1700 recipientes,
1492 1629 1613 1688 alterum
1631 1630 1741 1702 reproba

118 1721 236 1792 accedit,
266 1720 307 1776 sit
326 1718 502 1776 adoratione.
525 1718 561 1774 dt
580 1717 605 1774 si
631 1731 686 1774 non
710 1715 800 1773 luerit
823 1717 941 1788 diguus,
960 1720 1049 1787 Bper
1064 1716 1116 1773 boc
1135 1717 1215 1787 pravi
1237 1717 1306 1789 itinn,
1325 1719 1490 1789 semipravi]
1510 1720 1638 1792 quidam,
1662 1720 1740 1791 parti

118 1810 286 1882 puridcetur
306 1808 441 1879 primum,
463 1812 491 1863 et
513 1805 853 1863 itademumacoedatad
875 1805 946 1860 ima·
1001 1805 1149 1877 mendaces
1178 1810 1206 1862 et
1226 1807 1329 1877 partim
1349 1821 1462 1864 veraces
1483 1809 1734 1868 demonstrantur:

118 1899 241 1974 ginalem
255 1896 442 1954 venerabilem
454 1895 583 1953 iormam.
592 1898 648 1951 Nec
660 1895 798 1952 instantia
811 1894 941 1952 satanica
999 1894 1115 1966 quidem
1130 1909 1195 1952 vera
1211 1897 1387 1968 conitentes,
1400 1903 1427 1953 et
1441 1898 1513 1954 alias
1525 1899 1715 1969 depravantes
1726 1895 1741 1975 [ι

118 1990 158 2046 sit
172 2001 238 2060 erga
251 1986 447 2043 adorationem
460 1998 568 2057 earum,
591 1998 683 2056 neque
698 1983 822 2041 lormido
835 1984 944 2057 iniquae
983 2019 985 2024 -
998 1981 1215 2060 vituperantes}
1226 1987 1292 2056 Et,o
1302 1987 1556 2043 insensibilitatem
1568 1987 1685 2043 boruml
1698 2002 1741 2064 erq

117 2076 295 2148 suspicionis
311 2075 419 2131 babens
440 2075 618 2131 occasionem
639 2074 732 2146 :quia
757 2074 782 2130 si
798 2087 944 2133 accessero
999 2074 1155 2145 aliquando
1177 2088 1292 2132 eramus
1311 2077 1490 2132 orthodoxiae
1513 2090 1545 2133 ac
1564 2077 1698 2134 veritatis
1715 2091 1741 2137 ca

118 2167 272 2239 imaginem
281 2165 354 2221 banc
368 2164 557 2231 salutaturus,
568 2164 700 2220 invenior
713 2164 827 2220 latriam
838 2179 903 2236 quae
913 2165 943 2220 iu
999 2165 1134 2237 uiatores,
1151 2178 1228 2221 nunc
1241 2165 1343 2222 borum
1353 2165 1510 2222 efficiamur
1520 2166 1741 2240 εενοεειεεεεςΔ

118 2256 226 2328 spiritu
237 2259 281 2310 est
294 2253 363 2310 buic
378 2253 550 2324 impendere.
566 2251 650 2309 llbsit
667 2253 796 2324 suspicio
810 2254 878 2310 baec.
892 2256 944 2310 lm·
999 2253 1198 2325 reprobatione
1208 2253 1468 2311 ecclesiasticarum
1491 2255 1682 2312 traditionum
1698 2264 1741 2331 pet

119 2350 292 2418 pugnatores
305 2343 382 2400 enirn
393 2343 443 2398 bei
455 2347 540 2413 atque
550 2342 699 2413 vaniloqui
709 2349 868 2414 serpentem
881 2343 945 2399 imi·
998 2342 1108 2401 veniam
1123 2349 1314 2415 peccatorum.
1332 2348 1362 2401 ln
1377 2345 1513 2401 omnibus
1527 2345 1574 2402 bis
1589 2347 1741 2406 mandatae

118 2438 219 2505 tantes,
246 2432 304 2488 baec
322 2430 448 2503 garrulis
470 2430 580 2502 linguis
594 2429 727 2487 effaretur.
749 2431 860 2488 Etenim
881 2432 943 2502 ipse
997 2434 1112 2490 diamus
1126 2447 1219 2505 perca
1237 2450 1300 2506 quae
1312 2439 1450 2506 praecepta
1465 2440 1551 2492 sunt:
1569 2437 1741 2497 ambulemm

115 2523 251 2578 accedeus
267 2520 381 2577 mulieri
397 2520 561 2576 susurravit
573 2519 764 2576 mendaciter:
780 2520 866 2593 Quid,
882 2535 943 2592 per·
996 2524 1138 2594 pbeticam
1149 2538 1245 2580 vocem
1260 2525 1421 2596 audientes,
1437 2540 1500 2597 quae
1512 2526 1602 2583 dicit:
1625 2528 1657 2584 Si
1668 2544 1740 2584 anns

116 2588 229 2682 h’ibens,
241 2605 319 2665 divit
336 2608 433 2665 Deus?
448 2608 489 2664 Ex
499 2609 575 2664 omni
596 2608 676 2681 ligno
690 2610 766 2680 quod
782 2614 826 2667 est
840 2610 870 2666 in
888 2624 942 2681 pa·
994 2617 1064 2670 uerit
1080 2616 1140 2678 tibi,
1165 2615 1241 2670 bomo
1257 2615 1521 2687 [cantantiatmnest
1533 2634 1548 2672 o
1562 2615 1662 2694 bombi,
1688 2622 1740 2691 qai

117 2700 224 2773 radiso,
237 2697 384 2755 comedes:
405 2697 440 2754 de
455 2697 639 2770 lignoautem
654 2699 729 2770 qaod
745 2700 829 2756 estin
847 2699 941 2758 medio
994 2722 1071 2770 narn,
1094 2706 1358 2776 autquidrequr'rnt
1375 2709 1506 2763 nonninus
1518 2709 1567 2764 abs
1585 2713 1620 2772 te,
1639 2725 1740 2780 quamv

117 2789 255 2862 paradisi,
274 2801 331 2844 non
344 2787 499 2844 comedetis
511 2787 587 2859 (Gen.
604 2787 640 2863 v).
663 2791 703 2845 lta
721 2789 812 2845 elisii
826 2789 941 2847 effemi-
994 2799 1050 2852 eins
1066 2797 1215 2869 judicium,
1245 2802 1270 2852 rt
1294 2798 1394 2865 (iiiique
1416 2801 1642 2865 misericordium,
1665 2806 1693 2857 ct
1709 2818 1740 2874 pt

115 2885 182 2937 nata
194 2880 280 2936 corda
290 2879 441 2949 seducunt,
451 2878 596 2935 dicentes:
610 2877 683 2947 Quia
697 2880 747 2951 qui
760 2880 861 2938 adorat
871 2881 940 2938 ima·
994 2890 1032 2942 sis
1046 2889 1187 2944 embadum
1201 2904 1262 2943 cum
1275 2891 1389 2943 llonrnro
1402 2891 1452 2943 deo
1468 2893 1513 2944 tao
1528 2889 1627 2959 (llicb.
1645 2891 1717 2964 v1)i
1736 2896 1740 2949 t

115 2969 210 3042 ginem
228 2967 353 3040 bomini,
378 2971 430 3023 aut
448 2967 623 3023 intemerata
642 2968 765 3026 domina
785 2975 890 3027 nostrae
906 2984 940 3028 ac
995 2977 1054 3035 haec
1067 2976 1192 3035 furorem
1204 2979 1362 3053 sopiamus,
1387 2979 1516 3052 linguam
1538 2980 1727 3057 refrenemus,

114 3072 178 3115 vere
201 3057 352 3130 genitricis
366 3056 426 3128 Dei,
447 3056 490 3113 vcl
512 3062 675 3115 sanctorum
697 3059 874 3134 angelorum,
889 3064 940 3118 aut
954 3057 978 3120 C
994 3067 1077 3125 dacio
1086 3081 1119 3124 ac
1129 3068 1321 3140 turpiloquio,
1333 3074 1361 3125 ει
1375 3069 1526 3127 maledicto
1545 3071 1704 3129 retinentes
1721 3069 1740 3146 [t

114 3149 286 3220 cujusquam
308 3149 482 3217 sanctorum,
503 3147 617 3203 latriam
637 3163 700 3220 quae
714 3148 743 3205 in
767 3150 875 3221 spiritu
897 3153 941 3208 est
994 3154 1114 3234 nentes].
1134 3158 1257 3215 Oculum
1272 3164 1470 3230 temperemus,
1493 3165 1619 3217 ventrem
1643 3162 1740 3221 erudis

115 3239 184 3295 lruic
199 3236 291 3295 oliert.
315 3239 355 3293 Ne
366 3236 547 3306 decipiamur
560 3251 627 3310 ergo
641 3251 771 3296 sermone
790 3240 937 3311 ipsorum:
994 3248 1204 3318 psalmodiaeac
1225 3248 1349 3305 orationi
1372 3248 1521 3321 instemus,
1536 3250 1565 3305 in
1585 3251 1740 3310 omnibns.

114 3327 275 3386 admonitio
294 3327 371 3383 enim
393 3331 422 3382 et
437 3340 523 3397 prava
539 3326 649 3384 diaboli
668 3329 784 3387 estnec
805 3332 936 3390 assertio.
993 3336 1070 3393 datis
1083 3337 1166 3394 nobis
1181 3337 1290 3408 gratias
1302 3351 1430 3411 agamus,
1441 3338 1604 3408 iuramento
1625 3354 1660 3397 ne
1674 3354 1740 3400 assu

114 3421 183 3475 Nam
199 3422 227 3474 et
241 3417 392 3489 theologus
414 3416 572 3489 Gregorius
590 3419 662 3474 banc
675 3419 801 3477 destruit
823 3420 939 3480 tabula·
994 3439 1026 3483 os
1040 3432 1169 3483 nostrum
1183 3425 1332 3499 iaciamus,
1347 3427 1394 3484 sed
1411 3429 1589 3485 Dominicam
1603 3444 1702 3488 v'ocem
1715 3444 1740 3489 av

114 3506 829 3581 tionem,omnibusuobisjubens,cumdicitidrct.
840 3511 937 3567 marat.
994 3531 1058 3573 mus
1071 3517 1235 3573 dicentem:
1261 3518 1319 3586 Epo
1338 3522 1427 3573 autem
1443 3519 1503 3573 dico
1526 3521 1611 3584 cobis,
1628 3522 1740 3595 aoiitcp'

112 3597 229 3671 Dormis
245 3595 407 3652 Bethlehem
429 3594 500 3663 cole,
526 3609 651 3666 praesepe
672 3597 769 3653 adora.
792 3598 862 3655 Cum
884 3599 938 3656 boc
993 3608 1100 3661 omnino
1115 3605 1223 3676 (datan.
1241 3608 1281 3679 v)
1294 3607 1421 3663 Gloriam
1435 3608 1646 3681 conculcemus,
1661 3626 1727 3684 quar

112 3692 207 3744 autem
220 3690 248 3742 et
262 3684 404 3741 Maximus
414 3683 623 3756 memorandus,
635 3686 720 3756 cuius
730 3685 793 3743 laus
804 3687 834 3743 in
849 3687 940 3745 omni·
993 3696 1158 3767 sumiacet:
1174 3695 1329 3753 maximum
1346 3698 1473 3754 omnium
1489 3697 1640 3773 bonorum,
1658 3701 1739 3760 miser

113 3776 218 3833 busest
229 3772 453 3840 Ecclesiis,dum
464 3785 528 3828 cum
539 3772 613 3828 viris
626 3774 797 3845 quibusdam
808 3777 940 3835 deeccle-
992 3782 1113 3843 diam'et
1126 3785 1293 3843 charitatem
1318 3787 1504 3858 arripiamus,
1520 3794 1548 3845 et
1560 3788 1634 3846 hanc
1654 3791 1739 3851 timei

112 3863 241 3922 siasticis
252 3860 555 3934 negotiisdisputaret,
566 3861 939 3935 divinumpretiosaecrucis
991 3876 1184 3946 conjunctam.
1196 3876 1264 3932 Sine
1278 3877 1380 3934 timore
1390 3878 1554 3949 quippebei
1565 3879 1739 3955 charitasrei

111 3958 221 4024 typum,
238 3953 368 4007 sanctum
381 3948 566 4022 Evangellum
580 3955 609 4008 ct
621 3954 809 4013 venerandam
825 3956 851 4014 ic
872 3971 936 4014 nam
992 3970 1043 4023 est.
1065 3968 1135 4022 Nam
1159 3969 1187 4022 et
1205 3966 1340 4037 iosaphat
1358 3968 1470 4024 amicus
1492 3973 1554 4025 erat
1567 3983 1632 4027 cum
1649 3970 1739 4030 nebal

111 4040 243 4113 praecipit
258 4041 288 4096 in
304 4039 429 4097 medium
443 4037 549 4113 aderri,
562 4043 592 4098 ει
606 4041 665 4099 baec
676 4057 741 4100 cum
756 4045 817 4103 illis
828 4048 864 4105 ad
879 4063 939 4106 cer
992 4055 1123 4113 audivit:
1141 4055 1316 4126 Sipeccotori
1327 4061 1356 4112 tu
1366 4059 1488 4112 errabitis
1502 4059 1642 4128 jungeris,
1659 4063 1685 4116 si
1700 4062 1739 4119 od

108 4130 264 4188 titudinem
278 4141 376 4186 eorum
397 4141 460 4200 quae
474 4129 640 4204 dictasunt,
657 4132 802 4191 salutavit.
815 4136 938 4195 atnam-
993 4146 1047 4202 bito
1069 4162 1086 4200 a
1106 4147 1219 4201 Domino
1239 4151 1269 4201 tn
1289 4148 1472 4204 comitata-ts
1493 4148 1532 4219 (ll
1551 4150 1616 4204 Par.
1638 4150 1729 4225 rixi?

112 4221 175 4279 sius
193 4223 297 4293 autem,
322 4218 373 4291 qui
393 4218 428 4274 ab
451 4219 666 4278 immortalitate
691 4237 792 4282 nomen
813 4229 935 4302 accepit,
992 4249 1057 4292 curn
1079 4234 1182 4293 timore
1201 4235 1250 4292 bei
1269 4237 1364 4292 omnia
1381 4236 1531 4308 iaciamus,
1554 4245 1739 4310 expetentes«

113 4311 277 4383 expressius
289 4309 374 4367 nobis
394 4310 548 4367 annuntiat
561 4309 590 4367 in
605 4311 727 4382 epistola
741 4314 776 4370 ad
790 4318 937 4375 llarcelli-
993 4325 1225 4383 intercessionem
1239 4325 1414 4383 intemeratae
1424 4328 1547 4385 dominae
1558 4335 1662 4387 nostrae
1675 4335 1736 4391 ete

113 4416 181 4461 num
195 4402 293 4475 missa,
307 4414 392 4473 quam
403 4399 606 4472 preordinavit
622 4401 652 4457 in
664 4402 938 4479 codiceinterpreta-
951 4426 978 4488 [J
991 4415 1041 4472 bei
1053 4415 1203 4487 genitricis
1218 4430 1328 4487 semper
1338 4415 1468 4488 Virginis
1487 4418 1593 4490 llariae,
1607 4424 1696 4493 atque
1710 4437 1739 4481 sa

112 4492 202 4549 tionis
211 4491 396 4563 psalmorum.
409 4490 574 4547 iudicans:
587 4490 672 4549 Libro
683 4494 859 4564 psalmorum
870 4499 937 4572 quis
994 4519 1057 4562 rum
1071 4504 1247 4578 angelorum,
1260 4509 1288 4561 et
1300 4505 1387 4562 simul
1399 4506 1528 4563 omnium
1543 4514 1710 4570 sanctorum
1723 4530 1731 4569 τ

111 4577 682 4656 accepto,salratoris[Gr.,deSalvatore]
697 4584 940 4661 quidempropiae
993 4600 1085 4652 tantos
1100 4608 1214 4667 quoque
1231 4595 1365 4653 colendas
1376 4610 1474 4653 eorum
1491 4597 1640 4672 reliquias,
1665 4605 1698 4659 ut
1718 4616 1739 4660 e

112 4672 390 4729 tiascousuetesicut
398 4668 503 4725 inaliis
511 4669 670 4740 scripturis
678 4673 825 4734 admirans
833 4682 863 4735 et
871 4681 940 4739 ado·
993 4684 1156 4741 sanctitatis
1173 4684 1330 4756 participes
1346 4685 1447 4743 simus.
1468 4687 1515 4744 Sic
1530 4688 1605 4744 enim
1622 4688 1739 4760 perlecti

111 4758 938 4841 ransegredituriprosequituri.Videsnequaliterpropbe-
993 4790 1057 4832 mus
1069 4776 1103 4832 ad
1117 4788 1199 4831 omne
1211 4789 1284 4847 optus
1305 4776 1410 4833 bonum
1431 4776 1460 4833 in
1477 4777 1591 4835 Christo
1609 4780 1677 4838 iesu
1696 4783 1739 4841 Do

111 4851 167 4908 tias
179 4849 312 4922 egregius
327 4850 409 4905 Pater
422 4849 542 4906 adorare
564 4852 647 4910 nobis
658 4854 781 4925 jubeat?
793 4860 829 4915 Et
842 4859 867 4917 sl
885 4862 937 4920 bas
993 4872 1105 4924 nostro:
1135 4879 1217 4937 quem
1239 4866 1319 4922 decet
1334 4866 1436 4939 gloria,
1454 4867 1619 4944 imperium,
1644 4870 1734 4930 latria

111 4941 191 5012 pium
200 4939 378 5005 estadorare,
386 4945 493 5013 quanto
500 4942 750 5018 magisproventus
759 4950 938 5021 prophetica·
990 4956 1071 5011 Patre
1083 4959 1112 5011 et
1121 4954 1231 5027 Spiritu
1246 4959 1354 5028 sancto,
1378 4969 1454 5013 nunc
1466 4962 1493 5015 et
1506 4971 1617 5030 semper
1628 4966 1656 5019 et
1670 4962 1702 5020 in
1712 4976 1738 5021 aa

111 5042 175 5086 rum
189 5028 381 5088 assertionum
397 5031 427 5088 in
448 5031 573 5106 imagine
593 5035 670 5093 visos
686 5038 879 5098 necessarium
891 5048 935 5101 cst
990 5044 1170 5104 saeculorum.
1186 5043 1285 5102 nmen.

112 5136 1738 5175 —w———m—

779 5213 905 5288 dello
949 5219 1145 5291 sevaldi.

883 5333 1042 5347 ¹—

146 5385 177 5441 ln
185 5382 422 5442 nominellomlnl
435 5389 464 5442 ει
474 5385 665 5445 dominatoris
675 5389 859 5452 iesuclrristi
872 5398 932 5455 veri
980 5400 1121 5459 redimitae
1144 5401 1246 5457 matris
1271 5401 1351 5474 eius,
1372 5414 1447 5458 anno
1465 5404 1563 5458 octavo
1576 5405 1738 5466 consulatur

109 5473 160 5530 Dei
173 5474 274 5532 nostri.
288 5475 403 5548 imperii
415 5476 612 5548 piissimorum
623 5481 931 5545 etamicorumcbristi
979 5506 1054 5566 rum,
1075 5490 1160 5548 tertio
1174 5491 1276 5548 iduum
1289 5490 1506 5565 [Kalendarum]
1524 5492 1725 5556 octobriarum

110 5565 292 5625 dominorum
308 5570 473 5626 nostrorum
486 5566 669 5629 constantini
688 5575 716 5629 ει
738 5573 826 5651 irene
844 5578 932 5637 abeo
978 5579 1073 5640 ctione
1093 5578 1253 5638 undecima.
1553 5598 1556 5603 ·
