3876 6090
118 260 169 322 toa

498 266 771 330 mnaaahnaamo
789 270 914 329 Sinoni
932 270 979 329 vil
995 270 1197 333 GENERALIS.
1216 305 1255 320 -
1271 277 1337 335 aci
1338 278 1372 336 10
1390 281 1447 337 Vll.

1774 281 1827 344 tao

147 388 311 461 Stephanus
326 393 464 467 indignus
478 397 631 468 episcopus
646 399 853 471 Philadelphiae
865 399 945 456 simi·
955 400 983 459 Α
998 414 1035 456 no
1050 411 1236 474 cognomento
1247 406 1389 479 Crithino,
1412 408 1505 479 etqui
1523 421 1588 466 cum
1603 424 1636 468 eo
1653 411 1740 469 simul
1753 425 1827 484 apc-

116 482 188 540 liter.

147 573 302 631 zacharias
311 573 944 648 indignusepiscopuscardabundensiumsi-

116 661 310 823 mrslffianus
321 753 624 828 indignusepisccpus
637 758 742 830 synnai
756 759 903 816 similiter.

144 841 286 900 mactans
296 842 437 917 indignus
451 845 604 917 episcopus
622 848 739 920 bncprae
755 848 902 906 similiter.

144 932 312 990 Theodorus
324 933 703 1007 indignusepiscopusCadi
718 936 865 995 similiter.

143 1023 265 1079 loannes
278 1023 418 1097 indignus
431 1022 584 1116 episcopus
598 1025 686 1084 dcam
700 1028 847 1086 similiter.

129 1111 374 1213 'theophylactus
396 1113 534 1188 indignus
550 1116 702 1188 episcopus
726 1117 939 1191 blospnensium

117 1200 265 1348 sam
288 1291 428 1366 indignus
443 1294 595 1369 episcopus
613 1296 837 1354 Praenetenslum
851 1297 939 1354 simi-

120 1383 243 1526 terSancta
253 1470 383 1542 synodus
402 1473 588 1532 exclamavit:
606 1475 711 1533 Omnes
726 1477 766 1533 ita
781 1476 935 1549 credimus,

123 1571 203 1615 omncs
223 1559 353 1631 idipsum
367 1563 505 1637 sapimus,
526 1578 624 1622 omnes
638 1567 848 1624 consentientes
864 1565 938 1623 sub-

998 494 1078 548 statae
1093 491 1160 549 iacti
1185 499 1262 559 sunt,
1283 496 1451 554 anathemat

1031 582 1132 638 loanni
1163 585 1346 657 Nicomediae,
1370 587 1559 646 Constantino
1583 589 1716 660 Nacoliae,
1734 590 1827 647 haare-

997 668 1121 728 siarchis
1136 675 1304 731 anathema!
1329 677 1369 734 nd
1391 677 1517 734 nihilum
1528 678 1709 736 deduxerunt
1719 679 1827 752 imagi-

996 774 1059 816 nem
1074 763 1189 820 Domini
1206 770 1234 822 et
1247 772 1412 825 sanctorum
1423 768 1502 838 elus:
1516 769 1551 826 ad
1563 768 1690 826 nihilum
1704 769 1824 827 deduxti

995 863 1045 906 ecs
1058 852 1208 910 Dominus.

1029 940 1059 995 Si
1075 941 1142 1012 quis
1158 958 1329 1018 quemquam
1346 947 1486 1006 haereseos
1499 949 1680 1008 Christianos
1693 962 1829 1008 accusan-

994 1026 1043 1100 tis,
1066 1030 1109 1086 vel
1131 1031 1159 1087 in
1177 1046 1209 1089 ea
1234 1035 1321 1091 vitam
1345 1050 1426 1094 suam
1447 1039 1652 1112 transigentem
1677 1035 1745 1116 [vita
1772 1053 1824 1097 sua

993 1114 1135 1195 iunctum]
1151 1121 1289 1196 defendit,
1300 1126 1466 1183 anathema!

1025 1208 1056 1264 Si
1068 1210 1135 1280 quis
1145 1210 1292 1270 Christum
1305 1216 1393 1272 licum
1403 1216 1655 1291 circumscriptum
1666 1218 1822 1278 secundum

993 1295 1199 1358 humanitatem
1215 1317 1270 1360 non
1290 1305 1452 1374 confltetur,
1470 1308 1643 1366 anathemat

1026 1386 1056 1442 Si
1068 1388 1135 1460 quis
1149 1392 1328 1465 evangelicas
1341 1396 1521 1454 narrationes
1531 1396 1628 1455 titulis
1642 1397 1824 1473 picturisque

992 1472 1081 1532 iactas
1094 1492 1149 1536 non
1164 1481 1302 1554 admittit,
1316 1485 1482 1543 anathemat

1027 1566 1056 1622 Si
1069 1569 1136 1639 quis
1151 1584 1206 1628 non
1222 1573 1371 1632 osculatur
1383 1575 1434 1632 has
1446 1581 1581 1648 tanquam
1598 1578 1627 1634 in
1645 1579 1759 1636 nomine
1771 1582 1824 1637 Do·

125 1646 297 1717 scripsimus!
321 1652 384 1708 llaec
402 1657 446 1709 est
463 1653 532 1712 tides
553 1656 748 1726 apostolorum
764 1651 843 1730 [hac
868 1656 938 1714 tides
992 1656 1064 1712 mini
1078 1664 1105 1714 et
1120 1666 1283 1719 sanctorum
1308 1664 1372 1735 eius
1384 1664 1482 1736 iactas,
1507 1668 1678 1725 anathemat

127 1735 260 1813 latmm],
276 1739 672 1811 haecddcsorthodoxorum3
686 1745 744 1801 hacc
760 1730 977 1802 bdcsorbcmB
1027 1746 1056 1802 Si
1078 1749 1145 1819 quis
1174 1764 1285 1809 omnem
1311 1753 1495 1812 traditionem
1515 1757 1736 1815 ecclesiasticam
1762 1759 1822 1816 sice

128 1829 247 1883 terrarum
264 1829 407 1888 ilrmaviti
421 1832 572 1891 Credentes
583 1835 613 1891 ln
624 1847 713 1892 unum
724 1836 812 1891 Deum
829 1835 937 1891 inTri-

130 1916 588 1993 niatelaudandum,honorablles
599 1925 739 1998 imagines
750 1908 933 1982 osculamur1

129 2004 263 2073 preciose
284 2023 341 2066 non
356 2010 469 2083 habent,
491 2014 642 2071 anathema
657 2014 735 2072 siuti
755 2015 803 2086 qui
819 2015 861 2071 sic
877 2029 932 2071 non

129 2097 244 2168 sentiunt,
256 2099 356 2169 procul
368 2099 403 2156 ab
412 2101 538 2159 Ecclesia
548 2103 705 2174 pellantur!
716 2106 774 2160 Nos
783 2104 932 2175 antiquam

130 2181 314 2255 legislationem
344 2189 477 2248 Ecclesiae
511 2191 660 2249 catholicae
687 2193 850 2264 sequimur!
876 2194 933 2250 Nos

129 2270 182 2344 lcgcs
191 2276 306 2332 Petrum
322 2279 504 2337 custodimus
516 2280 522 2336 t
534 2280 590 2338 Nos
610 2281 724 2354 eosqui
740 2282 851 2338 addunt
861 2281 930 2352 quid

991 1835 1138 1979 sssripun,
1174 1839 1233 1897 sive
1253 1854 1309 1897 non
1340 1843 1489 1917 scriptam,
1515 1845 1627 1904 irritam
1646 1845 1725 1919 lacit,
1749 1860 1823 1905 ana-

990 1928 1002 1979 t
1023 1927 1101 1980 emal
1507 1930 1515 1945 '

1023 2015 1158 2073 Germani
1172 2019 1323 2076 orthodoxi
1348 2027 1452 2078 aterna
1469 2024 1622 2080 memorial

1021 2105 1138 2161 loannis
1168 2112 1195 2163 et
1218 2108 1350 2181 Gregorii
1375 2107 1432 2185 [Cr.
1456 2116 1482 2166 ct
1505 2127 1555 2167 ms.
1590 2113 1655 2176 lot,
1691 2111 1819 2195 Georgii]

987 2196 1090 2249 aeterna
1112 2197 1265 2254 memorial

1024 2282 1244 2343 Praedicatorum
1259 2287 1389 2345 veritatis
1403 2294 1506 2347 aeterna
1522 2289 1674 2347 memoria!

129 2362 158 2416 rcl
177 2364 307 2422 adimunt
334 2367 369 2424 de
399 2369 535 2441 Ecclesia,
558 2370 848 2428 anathematizamus!
875 2373 935 2428 Nos
1024 2371 1152 2429 Trinitas
1162 2375 1214 2431 bos
1225 2377 1283 2433 tres
1307 2377 1498 2451 gioridcarit:
1515 2392 1637 2450 quorum
1649 2378 1822 2450 disputatio·

129 2450 306 2512 subinductam
336 2457 490 2516 norimtem
524 2459 705 2518 Christianos
737 2459 934 2517 accusantium
990 2472 1040 2516 nes
1052 2462 1134 2532 sequi
1146 2476 1314 2536 mereamur,
1337 2466 1610 2524 miserationibusct
1624 2468 1716 2540 gratia
1731 2467 1817 2539 primi

74 2588 76 2595 .
129 2541 397 2603 anathematizamusi
417 2549 472 2604 Nos
487 2549 663 2606 venerandas
682 2550 822 2623 imagines
835 2549 936 2620 recipi·
989 2552 1019 2604 et
1032 2550 1127 2622 magni
1152 2553 1417 2623 pontiflcisChristi
1431 2555 1481 2612 hel
1502 2557 1604 2629 nostri,
1629 2556 1820 2613 intercedente

74 2652 76 2661 ·
130 2631 185 2686 nusi
205 2634 262 2690 Nos
274 2648 324 2691 eos
336 2636 386 2706 qui
397 2636 506 2694 sicnon
517 2652 548 2694 se
560 2637 675 2710 habent,
686 2638 934 2695 anathematismis
990 2634 1157 2696 intemerata
1179 2642 1293 2712 pomina
1311 2647 1409 2700 nostra
1433 2649 1528 2701 sancta
1543 2645 1595 2701 liei
1620 2644 1820 2716 Genitrice,et

128 2717 324 2779 submittimus!
341 2723 392 2780 llis
408 2725 457 2796 qui
474 2732 626 2783 assumunt
637 2727 715 2784 dieta
734 2741 797 2799 quae
809 2728 934 2786 adivina
989 2727 1125 2785 omnibus
1138 2732 1246 2788 sanctis
1257 2732 1339 2804 ejus:
1355 2733 1427 2790 Fiat.
1451 2733 1548 2790 Amen.

74 2832 76 2837 ·
127 2804 251 2880 Scriptura
265 2815 366 2869 contra
393 2813 469 2871 idola
492 2814 688 2887 proteruntur,
712 2815 742 2873 in
757 2817 934 2875 uenerabiles

74 2910 76 2965 l
126 2891 252 2972 imagices,
269 2902 439 2959 anathemat
465 2904 516 2960 llis
539 2906 589 2976 qni
607 2919 662 2962 non
680 2905 808 2962 salutant
819 2910 933 2963 sanctas
986 2884 1121 2942 piminii
1146 2894 1172 2944 ⁰⁸
1209 2890 1449 2948 Giniiittl'iii'mss
1473 2894 1683 2964 immittit
1716 2894 1818 2948 nostrii

74 2996 76 3005 ·
123 2990 141 3040 n
156 2988 283 3045 venerabi
290 2990 329 3047 les
345 2991 496 3065 imagines,
512 2994 680 3050 anathemat
697 2995 748 3051 llis
763 2995 813 3066 qui
830 3001 932 3053 vocam
1022 2957 1522 3102 ffgssffssffss'ffiffnssffigfflffi
1530 2965 1819 3105 rffgssmffbfflffi

122 3087 196 3134 acras
217 3078 361 3152 imagines
382 3081 468 3150 idola,
491 3083 659 3139 anathemat
682 3084 733 3139 llis
753 3085 802 3154 qui
829 3077 970 3141 dicuntG
1021 3115 1097 3156 ηοω
1117 3104 1214 3167 qm,
1237 3109 1263 3160 eg
1276 3109 1333 3160 gog,
1347 3111 1442 3161 saggqa
1457 3109 1588 3175 synodus,
1609 3123 1670 3176 (με
1694 3107 1819 3177 penppp,

121 3166 170 3235 quir
184 3174 216 3224 ut
225 3169 261 3225 ad
277 3169 347 3226 deos
360 3170 519 3228 Christiani
530 3174 564 3229 ad
577 3174 718 3246 imagines
737 3180 927 3246 accesserunt,
1021 3175 1194 3253 citoquidem
1219 3177 1278 3240 Dei,
1301 3181 1481 3247 preceptione
1503 3194 1565 3233 cero
1592 3179 1677 3233 Deum
1698 3180 1818 3232 omentis

1019 3247 1128 3315 imperii
1154 3248 1237 3301 nestri
1259 3249 1376 3303 secundo
1394 3252 1518 3304 conuenit
1538 3254 1567 3304 tn
1595 3250 1646 3304 boc
1670 3249 1817 3319 splendido

119 3259 269 3314 anathema!
293 3255 363 3334 [llis
381 3262 430 3332 qui
446 3263 659 3320 communicant
679 3263 803 3320 scienter
825 3264 863 3320 lis
878 3265 928 3335 qui
1022 3319 1174 3375 mmmm
1187 3320 1336 3388 metropoli.

119 3347 238 3419 injuriam
253 3353 283 3404 et
305 3351 508 3409 contumeliam
523 3353 738 3410 uenerabilibus
752 3353 929 3426 imaginibus

117 3437 238 3511 inierunt,
263 3439 453 3517 anathemat]
478 3443 528 3499 llis
544 3442 720 3516 quidicunt,
745 3443 930 3515 quiapraeter
1018 3441 1203 3500 Gloridcatur
1234 3440 1368 3497 Ecclesia
1397 3445 1492 3515 caput,
1521 3442 1656 3499 Chaistus
1679 3443 1814 3500 videlicet

115 3528 244 3591 Christum
255 3535 334 3591 alius
348 3533 425 3590 eruit
440 3546 493 3588 nos
506 3532 541 3589 ab
566 3532 675 3604 idolis„
697 3532 929 3589 anathemathis
982 3534 1058 3590 Deus
1091 3535 1196 3601 noster,
1229 3530 1331 3600 optimi
1356 3530 1511 3602 principes.
1536 3532 1671 3602 quoniam
1700 3547 1750 3590 eor
1772 3546 1816 3589 re·

115 3620 152 3690 qui
164 3623 274 3680 audent
292 3623 388 3682 dicere
402 3621 572 3680 catholicam
592 3621 747 3678 Ecclesiam
771 3621 928 3693 aliquando
983 3629 1075 3682 strum
1091 3622 1166 3693 quod
1181 3621 1210 3676 in
1231 3633 1316 3677 manu
1331 3621 1394 3690 ejus
1419 3621 1592 3691 custoditur,
1613 3622 1734 3693 protnlit
1749 3637 1817 3679 ver-

116 3707 174 3767 idcla
189 3712 346 3782 recepisse,
360 3709 529 3768 anathemat
548 3711 654 3767 blultos
665 3724 756 3767 annos
772 3711 930 3781 imperato·
984 3713 1052 3771 bum
1067 3711 1192 3768 bonum:
1215 3708 1384 3780 precipiens
1396 3708 1507 3767 scilicet
1521 3710 1631 3783 erigere
1646 3707 1716 3786 [Cr.,
1741 3725 1815 3769 con-

116 3800 513 3857 mmtconstantinietlrenae
526 3798 926 3870 matrisejusmultosannos!
984 3798 1090 3876 venire]
1115 3813 1167 3856 nos
1190 3798 1220 3855 in
1243 3797 1357 3854 nomine
1379 3798 1482 3871 ipsius,
1499 3804 1531 3855 ut
1552 3799 1811 3857 ecclesiasticorum

116 3885 246 3946 lictorum
269 3890 475 3960 imperatorum
498 3889 603 3946 multos
624 3888 732 3946 annosi
752 3891 830 3945 Novo
851 3889 929 3944 Con·
983 3895 1146 3965 dogmatum
1163 3889 1367 3945 inconcussum
1385 3891 1413 3943 et
1427 3888 1602 3944 immobilem
1625 3902 1658 3945 ac
1680 3889 1812 3947 divinum

116 3981 225 4037 cantino
239 3984 269 4036 et
284 3992 362 4037 noxae
377 3979 487 4035 llelenae
501 3983 606 4035 aeterna
619 3979 772 4036 memorial
790 3978 928 4035 Dominus
983 3981 1099 4039 aliatum
1126 3977 1291 4035 ilrmissime
1316 3982 1470 4034 teneamus.
1497 3979 1608 4034 Etenim
1632 3979 1709 4035 sicut
1729 3985 1818 4050 caput

117 4070 243 4127 custodiat
258 4069 412 4140 imperium
431 4069 552 4126 eornm‘l
574 4068 704 4126 Coelestis
719 4082 778 4139 rex,
801 4073 929 4125 morenos
982 4075 1107 4129 restrum
1130 4079 1201 4124 auro
1221 4069 1249 4122 et
1273 4065 1420 4136 lapidibus
1440 4065 1562 4139 lnlgidis
1586 4073 1750 4140 coronatur,
1777 4069 1817 4127 ita

118 4159 230 4216 cutodii
256 4158 399 4216 Omnibus
422 4158 565 4215 haereticis
595 4157 763 4216 anathemat
785 4157 927 4215 Erementi
983 4163 1011 4217 ct
1030 4171 1131 4215 sensus
1145 4155 1232 4213 vestri
1255 4155 1428 4227 evangelicis
1442 4160 1471 4212 et
1490 4157 1617 4226 paternis
1639 4157 1817 4229 magisteriis

120 4250 223 4306 concilio
249 4253 351 4306 contra
375 4248 553 4306 venerabiles
583 4248 733 4321 imagines,
758 4248 926 4306 anathemat
982 4249 1169 4306 adornantur.
1194 4245 1263 4301 Cnm
1279 4243 1356 4300 enlm
1379 4257 1489 4317 eorum,
1514 4259 1637 4316 quornm
1651 4247 1681 4302 in
1703 4259 1815 4303 omnem

119 4334 197 4410 liqui
212 4339 319 4410 recipit
329 4338 433 4408 impias
444 4339 583 4396 hereseos
593 4337 773 4395 ratiunculas
786 4338 926 4413 ipsorum,
983 4344 1085 4395 terram
1107 4335 1198 4392 exivit
1217 4348 1315 4406 sonus,
1331 4333 1434 4389 essetis
1447 4333 1585 4405 discipuli
1605 4339 1634 4390 et
1647 4334 1811 4405 participes,

121 4428 245 4485 anathema
259 4429 266 4482 !
282 4428 443 4485 Theodosio
462 4427 528 4484 lalsi
544 4428 671 4485 nominis
685 4428 819 4499 episcopo
831 4429 928 4500 Ephe-
941 4439 970 4502 1)
983 4428 1131 4500 totiusque
1140 4424 1248 4482 Christi
1260 4424 1376 4481 nomine
1392 4429 1560 4495 nuncupate
1573 4423 1665 4495 plebis
1678 4426 1713 4481 ad
1731 4424 1817 4496 pieta·

121 4512 168 4572 sino
177 4516 345 4574 anathemat
371 4517 501 4575 Sisinnio
515 4521 701 4591 cognomento
716 4517 840 4575 Pastillae
854 4531 928 4575 ana-

121 4601 209 4662 ibcnal
225 4607 334 4665 Basilio
350 4607 399 4680 qui
415 4607 546 4665 obscoem
562 4609 797 4678 pronuntiatione
808 4610 928 4666 Tricac‘

120 4693 189 4753 tabas
200 4697 361 4769 appellatus
374 4702 427 4768 est,
441 4698 590 4754 anathema
602 4697 608 4752 i

146 4783 261 4844 inuitas
275 4787 377 4843 horum
389 4787 478 4843 trium
493 4786 624 4859 dogmata
644 4787 797 4859 deposuit!
811 4789 928 4845 Anasta-

121 4869 417 4943 inconstantinam
435 4877 552 4949 Nicetae,
577 4877 626 4948 qui
650 4891 700 4948 per
720 4878 928 4934 successionem

121 4959 203 5023 abnuo
222 4966 541 5038 Constantinopolitano
554 4967 756 5039 praesederunt,
773 4981 805 5024 ac
820 4968 844 5025 si
856 4981 928 5028 novo

120 5047 179 5127 trio,
202 5057 335 5114 Nestorio
349 5057 538 5130 etliioscoro,
563 5056 731 5114 anathemat

143 5143 235 5204 Samia
256 5147 386 5205 Trinitas
398 5147 501 5204 horum
519 5147 608 5205 trium
623 5147 752 5220 dogmata
774 5148 926 5219 deposuit!

118 5224 167 5304 [Cr.
181 5237 246 5293 cdd.
263 5236 303 5295 lis
318 5242 478 5309 practerrca,
495 5237 545 5308 qui
561 5237 746 5310 tergeminam
760 5239 928 5310 pravitatem

115 5321 240 5385 hctomm
257 5327 414 5399 praesulum
429 5326 685 5385 heresiarcharum
701 5329 827 5386 aemulati
848 5336 927 5400 sunt,

113 5415 263 5474 murum
284 5417 444 5488 Theodoro,
468 5417 593 5475 Antonio
612 5421 640 5474 et
655 5419 768 5492 ioanni,
792 5423 927 5492 tanquam

111 5502 212 5580 hosti,
236 5505 421 5579 apollinario
443 5512 471 5565 et
483 5507 604 5579 Eutychi
631 5507 817 5579 phantastica
837 5522 930 5581 appa-

107 5597 196 5655 rentia
209 5596 417 5670 assertoribus,
431 5597 581 5656 anathema
593 5597 600 5653 l
614 5598 761 5657 Theodoro
771 5599 930 5671 Syracusa·

982 4529 1037 4580 tem
1052 4518 1195 4587 ductores,
1208 4514 1339 4572 veritatis
1348 4513 1422 4586 stylo
1434 4513 1632 4584 descripsistis
1646 4527 1815 4586 sermonem,

981 4613 1010 4665 et
1024 4605 1201 4665 orthodoxia
1220 4618 1251 4660 sc
1269 4604 1386 4676 pictatis
1401 4603 1576 4674 depinxistis
1603 4602 1815 4676 characterem3

982 4703 1011 4756 et
1031 4695 1119 4752 veluti
1137 4693 1291 4751 luminaria
1314 4691 1483 4765 prefulgida
1508 4691 1643 4751 tidelibus
1662 4694 1814 4753 illuxistis.

982 4795 1010 4847 et
1025 4799 1139 4844 manum
1154 4781 1386 4855 periclitantibus
1398 4782 1530 4839 ecclesiis
1551 4784 1731 4855 porrexistis,
1748 4797 1818 4843 sana

982 4880 1115 4950 dogmata
1141 4871 1350 4943 confirmantes,
1371 4876 1399 4927 et
1429 4884 1598 4930 consensum
1629 4887 1728 4931 eorum
1753 4889 1817 4947 quae

985 4968 1059 5025 inter
1082 4979 1112 5021 se
1130 4963 1280 5020 dissonant
1302 4956 1364 5034 [qui
1384 4959 1508 5018 intense
1532 4961 1741 5039 dissonabant],
1767 4964 1818 5021 in-

984 5060 1155 5113 staurantes.
1168 5051 1246 5108 Licet
1259 5049 1349 5122 igitur
1364 5064 1428 5107 cum
1443 5051 1548 5108 hducia
1568 5052 1681 5110 dicere:
1698 5054 1819 5112 Pietatis

984 5147 1057 5204 bona
1079 5143 1225 5201 voluntate
1239 5140 1288 5196 hei
1307 5154 1357 5211 per
1375 5154 1424 5197 vos
1436 5141 1577 5199 correctio
1600 5143 1728 5201 stabilita
1744 5142 1815 5216 idn,

984 5237 1098 5309 insigne
1114 5246 1187 5305 opus
1210 5227 1381 5304 stabilituml
1406 5237 1465 5287 est:
1489 5235 1516 5288 et
1541 5232 1650 5290 idcirco
1676 5231 1816 5303 repletum

983 5331 1027 5385 est
1039 5323 1187 5399 gaudinos
1199 5326 1340 5394 nostrum,
1356 5318 1387 5377 el
1396 5321 1496 5395 lingua
1506 5327 1604 5380 nostra
1617 5319 1810 5378 exsultatione

983 5416 1067 5502 (Psoi.
1095 5413 1196 5485 cxxv):
1224 5415 1252 5468 ct
1279 5425 1328 5483 per
1361 5410 1531 5482 inscriptam
1558 5424 1656 5467 vocem
1686 5410 1813 5466 nostram

983 5517 1029 5562 res
1041 5504 1148 5576 linguar
1160 5505 1264 5559 nostras
1278 5499 1448 5572 loquuntur.
1462 5499 1536 5568 Quid
1550 5498 1629 5554 enlm
1643 5495 1815 5554 ecciesiasti-

982 5606 1082 5652 cornm
1106 5590 1286 5664 negotiorum
1318 5587 1465 5645 drmitatls
1490 5584 1621 5642 custodia
1643 5580 1813 5657 iucundius,
