3876 6090
112 211 182 286 tte'a
495 214 641 283 aurbun.
661 221 806 281 lusan
827 218 920 279 rx-
942 214 1122 279 lucronus
1148 210 1400 280 turrinorum.
1746 212 1813 274 rui

111 362 213 421 scopos
237 349 342 423 viginti
368 351 485 421 septem,
508 347 688 422 presbyteros
713 346 817 420 uiginti
841 343 934 416 quln-
947 342 1018 405 Ain
1032 347 1196 404 caemeterio
1216 346 1244 402 s.
1268 345 1397 420 Aqnmis.
1417 344 1525 403 Deinde
1546 343 1625 402 lacto
1643 340 1681 398 ab
1700 338 1814 398 Arianis

112 452 177 512 que,
199 440 337 498 diaconos
354 453 404 497 sex
422 455 429 494 :
445 439 496 512 qul
518 438 609 496 Nonis
629 436 763 496 Octobris
785 434 933 494 ooniessor
987 436 1122 508 concilio,
1136 437 1215 494 Felix
1227 437 1272 496 vir
1285 437 1448 496 catholicus
1461 441 1505 493 est
1517 434 1681 506 depositus,
1697 435 1814 490 eteutra

111 527 194 588 obiit
987 524 1133 584 civitatem
1154 529 1272 601 ejectus,
1294 532 1323 584 et
1341 526 1485 584 habitarit
1498 525 1528 582 in
1544 521 1686 596 prediolo
1703 534 1757 579 suo
1771 519 1813 577 ria

342 620 470 679 lllilllll.
483 651 521 663 -
532 621 559 677 S.
575 619 699 677 iunius
989 618 1139 676 Portuensi
1154 617 1306 676 :Liberius
1328 622 1424 675 auum
1445 615 1629 674 consentiens
1646 610 1816 670 constantio

378 713 472 783 (Anno
482 712 584 768 curisti
592 707 668 781 336.)
989 707 1134 776 heretico,
1155 708 1190 765 ad
1210 708 1305 767 smero
1324 707 1462 765 reduetus
1476 710 1541 777 est,
1558 717 1617 762 nou
1637 707 1735 760 tamen
1756 701 1815 772 lpse

147 802 254 876 lulius,
290 803 407 862 natione
441 806 597 875 Romanus,
628 816 663 859 ex
694 804 773 873 patre
801 798 932 868 liustlco,
990 799 1183 872 rebaptizatus
1197 804 1250 872 est,
1267 800 1316 857 sed
1330 796 1528 869 rebaptizandi
1549 804 1724 852 consensum
1743 805 1816 863 pre·

112 893 188 950 sedit
215 906 306 951 annos
333 891 511 966 quindecim,
539 906 650 950 menses
677 890 760 962 duos,
785 889 850 946 dies
872 900 933 944 sex.
989 889 1373 962 buit,ettenuitliomanem
1384 885 1479 945 sedem
1493 882 1815 958 posteaannisseptem,

111 984 179 1041 Fuit
201 989 296 1041 autem
326 982 506 1056 temporibus
533 982 694 1040 Constantii
725 979 853 1038 heretici
878 978 933 1036 tilii
988 984 1017 1036 et
1031 978 1089 1036 lult
1100 980 1194 1037 liomoe
1210 985 1267 1037 tem
1287 977 1410 1036 inclero
1432 988 1518 1050 quam
1539 975 1570 1032 iu
1587 971 1696 1046 populo
1715 982 1815 1043 magna

111 1072 303 1145 Crustumini,
329 1088 347 1131 a
372 1072 524 1131 consulatu
554 1071 693 1130 Feliclanl
720 1075 749 1128 et
771 1068 946 1127 Maximini·
989 1071 1160 1139 persecutio.
1175 1068 1327 1127 ordinavit
1338 1071 1433 1125 autern
1446 1066 1598 1139 episcopos
1608 1058 1815 1128 novemdecim,

112 1162 165 1219 llic
186 1163 282 1220 decem
307 1175 417 1220 menses
441 1163 471 1219 ln
492 1162 598 1219 exsilio
620 1162 726 1233 degens
749 1159 855 1216 multas
877 1157 935 1214 tri·
989 1161 1168 1234 presbyteros
1182 1159 1350 1231 octodecim,
1366 1157 1504 1215 diaconos
1518 1153 1661 1227 quinque.
1678 1148 1762 1208 Obiit
1772 1160 1818 1206 ru·

113 1250 277 1308 balationes
298 1256 342 1308 est
366 1266 469 1324 passus
487 1272 493 1308 :
512 1258 576 1324 post
596 1256 716 1309 mortem
739 1255 834 1308 autem
859 1261 935 1320 prro-
989 1257 1045 1310 tem
1059 1266 1112 1308 rur
1127 1251 1244 1309 Kalend.
1262 1249 1341 1308 llall.

112 1339 184 1397 dictl
199 1341 360 1399 coustantii
376 1343 410 1400 ad
430 1343 525 1400 sedem
545 1354 627 1401 suam
646 1348 690 1400 est
710 1352 850 1398 reversim.
867 1337 933 1410 Qui,
1025 1341 1092 1414 Qui,
1108 1345 1260 1412 antequam
1277 1338 1451 1395 arianorum
1466 1333 1673 1393 communione
1688 1327 1819 1403 prevari-

113 1428 323 1502 lmpcrautibus
351 1433 519 1491 Constantio
545 1437 574 1489 et
602 1432 755 1489 musuntc
785 1428 934 1502 angustis,
989 1437 1070 1491 cutor
1079 1434 1154 1490 essct
1166 1430 1270 1500 lactus,
1282 1427 1441 1485 Athanasio
1452 1429 1481 1481 et
1492 1422 1606 1481 ceteris
1616 1418 1818 1480 Orientalibus

112 1524 208 1580 Romu
232 1536 297 1579 cum
325 1526 439 1580 centuni
465 1527 494 1580 et
525 1522 647 1580 sedecim
679 1520 824 1593 episcopis
847 1532 936 1591 syuo-
989 1521 1159 1580 orthodoxis
1180 1518 1325 1592 episcopis
1344 1515 1513 1574 decretalem
1535 1511 1693 1584 epistolam
1712 1508 1819 1568 direxit

112 1612 181 1670 dum
207 1610 318 1684 babuit,
339 1611 370 1668 in
395 1625 451 1684 qua
473 1611 556 1670 fldem
583 1612 613 1668 in
634 1612 750 1668 Nlcuno
769 1609 934 1667 concilioa
989 1614 1088 1684 (Epist
1100 1608 1136 1685 l)
1147 1605 1475 1683 inquadrllpentrsslme
1484 1602 1603 1662 concilii
1612 1600 1728 1659 Nleaenl
1737 1598 1817 1656 iden

113 1701 249 1758 trecentis
263 1707 292 1759 et
310 1702 467 1759 octodecim
483 1701 651 1759 orthodoxis
669 1699 815 1772 episcopis
834 1711 936 1756 corro-
950 1679 977 1742 Β
990 1702 1179 1772 commendat,
1203 1705 1231 1757 et
1250 1712 1301 1771 pro
1320 1698 1384 1769 ipsa
1406 1694 1544 1753 servanda
1566 1691 1728 1750 osteudens
1746 1701 1817 1762 pre·

113 1790 242 1849 boretam
274 1792 469 1850 condrmando
497 1793 641 1864 exposuit
672 1795 827 1848 utcontra
855 1788 935 1846 tilam
991 1792 1081 1849 mlum
1096 1796 1125 1848 et
1140 1802 1262 1862 punam,
1278 1785 1494 1846 studiosissime
1511 1792 1755 1854 unumquemque
1766 1776 1817 1836 de-

112 1893 211 1939 omnes
234 1881 391 1938 sentientes
415 1881 544 1938 omnium
568 1880 683 1938 decreto
708 1877 937 1937 anathematiza·
990 1882 1056 1940 bere
1077 1885 1186 1938 certare
1205 1880 1346 1936 bortatur.
1367 1875 1419 1933 iiic
1438 1875 1516 1944 ltem,
1538 1878 1697 1943 uunquam
1719 1868 1815 1926 baermi

113 1970 163 2028 rit.
180 1970 233 2027 lllc
250 1970 280 2027 iu
296 1970 389 2042 prima
403 1970 536 2042 epistola,
560 1982 643 2043 quam
664 1968 810 2026 universis
830 1967 938 2025 0rien-
990 1970 1104 2029 Ariane
1117 1969 1280 2040 assentiret,
1295 1959 1672 2038 epistolam-universaliter
1683 1956 1817 2016 omnibus

112 2059 222 2118 talibus
242 2060 387 2132 episcopis
403 2060 521 2125 direxit,
542 2058 790 2131 multipliciterac
805 2057 937 2115 rationa-
991 2061 1111 2132 scripsit
1132 2058 1277 2132 episcopis
1297 2056 1397 2128 (lipirt.
1421 2050 1460 2125 2),
1484 2053 1593 2124 inqua
1615 2062 1668 2108 eos
1687 2047 1817 2106 hortetur

113 2149 214 2208 biliter
237 2162 286 2207 eos
307 2162 324 2207 a
349 2149 507 2207 calumniis
536 2149 658 2207 iratrum
681 2147 862 2206 documentis
887 2156 937 2204 re·
990 2153 1019 2208 et
1033 2153 1138 2218 monet,
1156 2153 1188 2206 ut
1203 2146 1303 2206 nullus
1316 2145 1470 2217 episcopus
1485 2155 1535 2213 pro
1551 2137 1739 2213 quibuslibet
1753 2150 1817 2209 per-

113 2240 227 2298 trahere
254 2239 371 2310 nititur,
404 2253 565 2312 proponens
588 2239 632 2296 eis
655 2238 746 2296 multa
768 2252 803 2296 ex
824 2237 935 2295 Nicenl
991 2238 1218 2309 turbationibus,
1234 2236 1424 2295 dumdurare
1438 2231 1554 2303 poterit,
1570 2242 1655 2286 suam
1671 2226 1817 2300 relinquat

112 2329 232 2386 concilii
262 2328 410 2401 capitulis,
434 2334 464 2386 ct
488 2343 523 2387 ex
546 2341 665 2387 suorum
696 2328 936 2399 predecessorum
990 2330 1138 2388 ecclesiam
1159 2347 1167 2400 i
1185 2341 1236 2384 nec
1259 2325 1385 2399 quietem
1414 2320 1582 2380 monasterii
1608 2317 1706 2393 maqis
1733 2316 1818 2390 eligat

112 2417 237 2476 decretis
257 2417 430 2476 confirmans
455 2419 565 2490 etipse
587 2419 684 2476 eadem
707 2431 774 2475 cum
800 2416 935 2476 omnibns
990 2433 1075 2493 quum
1093 2433 1144 2492 pro
1155 2415 1330 2489 populosibi
1344 2412 1497 2471 commisso
1510 2410 1643 2468 laborare
1651 2405 1814 2475 contendat,

112 2507 279 2578 apostolice
302 2507 408 2580 regule
432 2506 581 2578 sublectis.
602 2508 633 2563 ln
656 2519 689 2563 ea
712 2517 778 2562 uero
802 2503 934 2576 epistola,
992 2505 1155 2585 [intendat],
1177 2508 1217 2565 ita
1237 2507 1313 2563 luter
1335 2508 1436 2562 cetera
1456 2502 1556 2559 dicens
1574 2516 1582 2556 ι
1603 2501 1711 2557 Fatuus
1730 2497 1817 2552 iomi-

113 2609 198 2668 quam
211 2596 318 2652 eisdem
330 2596 529 2654 Orientalibus
542 2595 845 2668 episcopisbnreticis
859 2594 936 2651 scri-
989 2614 1057 2655 num
1078 2598 1197 2654 insidior
1220 2611 1356 2667 respuere,
1380 2598 1407 2650 et
1428 2593 1524 2648 Patres
1544 2592 1635 2662 sequi,
1657 2593 1685 2645 et
1706 2589 1816 2643 Ponam

112 2683 181 2756 psit,
200 2684 310 2741 diserto
326 2697 359 2741 ac
374 2682 467 2742 libero
482 2697 532 2741 ore
549 2698 598 2743 eos
612 2685 648 2742 de
669 2683 834 2753 insolentia,
850 2696 935 2754 quam
990 2690 1119 2743 terminos
1155 2703 1210 2742 non
1247 2683 1414 2754 transpredi,
1450 2684 1533 2753 prout
1564 2680 1700 2736 Dominus
1734 2677 1815 2740 dedit,

111 2777 212 2829 contra
234 2772 389 2829 Romanam
409 2772 566 2830 Ecclesiam
587 2773 757 2845 habuerant,
775 2771 883 2842 aequit,
908 2775 936 2829 et
990 2777 1159 2847 serapamue,
1187 2775 1219 2832 td
1241 2779 1291 2838 eet,
1317 2778 1349 2831 ut
1372 2777 1481 2829 nostras
1509 2770 1635 2826 erebrius
1663 2767 1818 2838 relinquere

112 2860 213 2918 multis
238 2862 387 2933 capitulis,
416 2860 571 2919 multorum
594 2862 767 2920 anctoritate
789 2860 934 2933 subnixis,
990 2883 1045 2924 non
1068 2880 1256 2939 properemus,
1286 2863 1353 2919 dum
1383 2862 1465 2918 maiis
1495 2861 1623 2916 resistere
1653 2855 1815 2918 miccium,

110 2955 139 3008 ct
155 2950 183 3007 in
199 2964 232 3008 ea
247 2951 361 3024 positis,
379 2965 428 3009 eos
445 2952 553 3023 injuste
567 2950 757 3009 Athanasium
774 2956 802 3009 et
819 2956 937 3009 eeteros
990 2961 1040 3013 out
1059 2955 1173 3028 populos
1193 2953 1272 3010 nebu
1291 2953 1444 3009 commissos
1464 2950 1611 3020 neptiqere,
1631 2951 1685 3002 cut
1704 2947 1818 3018 quieta

113 3039 272 3099 catbollcos
291 3040 442 3113 episcopos
462 3056 479 3098 a
500 3040 618 3099 sedibus
636 3041 782 3113 expulisse
799 3034 974 3112 convicini}
991 3047 1110 3119 amptius
1134 3044 1242 3114 stipere,
1266 3057 1350 3115 quom
1368 3057 1421 3114 pro
1445 3040 1484 3097 eis
1514 3038 1651 3108 inbuere,
1674 3050 1730 3108 pro
1753 3035 1819 3105 qui·-

113 3130 268 3187 eteosdem
288 3129 340 3187 bac
361 3131 502 3189 decanea
523 3137 637 3189 rocetos
656 3131 817 3203 culpabiles
837 3136 938 3190 osten-
993 3136 1042 3192 tus
1074 3135 1155 3191 etiam
1186 3135 1294 3188 unimus
1325 3146 1427 3202 ponere
1459 3129 1594 3185 debernm
1629 3127 1666 3183 ut
1696 3122 1818 3183 rotenus

113 3217 167 3289 dit,
182 3219 250 3290 quia
263 3219 349 3276 toties
358 3221 449 3278 vocati
461 3221 749 3286 reniredistnlerint,
764 3220 934 3279 ltadicens:
992 3225 1023 3283 ln
1047 3223 1144 3282 eadem
1164 3222 1240 3280 dicit
1256 3217 1302 3295 (l,
1323 3237 1350 3294 q.
1377 3217 1403 3291 t,
1426 3233 1452 3278 c.
1476 3216 1660 3288 suppestum)
1681 3233 1692 3271 .·
1713 3213 1818 3283 Super·

113 3307 185 3363 Sene
218 3311 395 3378 manifestum
426 3315 466 3367 est
494 3326 537 3367 eos
563 3327 643 3367 suum
674 3313 798 3383 compteri
824 3312 935 3375 crimen,
991 3319 1062 3370 stum
1087 3329 1204 3384 numque
1225 3311 1301 3368 cobis
1324 3315 1375 3375 cst,
1401 3309 1475 3381 quod
1494 3323 1546 3380 pro
1563 3306 1718 3378 preteritis
1741 3303 1819 3358 iubo-

113 3400 162 3469 qui
189 3399 266 3454 toties
296 3401 399 3455 euocati
425 3401 528 3471 eosque
554 3401 709 3457 ineuitabili
733 3416 818 3457 ceusu
844 3403 937 3458 uenire
990 3404 1067 3461 ribus
1086 3408 1112 3459 et
1131 3400 1353 3470 insecutionibus
1372 3399 1500 3455 nonnulli
1519 3400 1639 3454 uernum
1660 3396 1818 3464 usnemun

113 3488 282 3553 distulerint,
302 3494 328 3545 et
344 3490 489 3560 perpendi
515 3506 543 3547 se
564 3491 705 3547 uoluntate
726 3506 782 3546 non
807 3495 932 3547 utuntur.
990 3494 1054 3558 sibi,
1085 3497 1111 3548 et
1138 3509 1155 3547 u
1186 3493 1239 3547 beo
1269 3491 1424 3546 commissos
1457 3488 1623 3558 relinquunt
1655 3483 1763 3557 plebes,
1794 3485 1819 3537 et

112 3576 164 3634 llic
189 3577 276 3635 etiam
299 3577 463 3650 coustituit,
490 3583 522 3636 ut
544 3578 645 3636 nullus
670 3578 794 3636 clericus
819 3591 935 3635 causam
989 3586 1092 3653 tratres
1118 3583 1212 3653 piures
1237 3575 1277 3655 [iu
1302 3577 1526 3650 peremptores]
1550 3576 1711 3647 relinquere
1735 3572 1819 3630 reluu

114 3665 273 3736 quamlibet
294 3666 323 3723 in
346 3665 462 3737 publico
480 3665 599 3737 diceret,
615 3667 673 3724 nisi
688 3666 718 3723 in
732 3666 861 3724 ecclesia.
884 3667 938 3723 llic
991 3687 1047 3736 eos,
1072 3686 1142 3742 quos
1165 3671 1237 3727 tueri
1259 3669 1355 3725 debent
1375 3668 1512 3731 ecclesius,
1534 3670 1560 3721 et
1575 3680 1629 3737 pro
1648 3663 1749 3720 ouibus
1768 3660 1820 3719 sibi

113 3753 261 3810 ordinavit
275 3755 426 3826 episcopos
441 3769 551 3826 norem,
573 3754 753 3826 presbyteros
767 3755 936 3827 octodecim,
991 3760 1139 3817 commissis
1166 3759 1292 3814 toborme
1316 3758 1468 3828 neqtiqorrt,
1491 3760 1518 3811 et
1541 3754 1775 3810 monesterium
1791 3765 1819 3806 re

113 3839 251 3899 diaconos
271 3847 405 3914 quatuor.
421 3843 476 3913 Qui
491 3842 567 3900 obiit
587 3841 734 3900 consessor
754 3843 850 3915 pridie
869 3844 938 3902 idus
991 3849 1077 3921 quieti
1096 3847 1159 3917 jum
1183 3846 1342 3902 contrudere
1367 3846 1509 3915 festinent,
1534 3848 1560 3900 et
1586 3843 1762 3899 irmionem
1784 3837 1818 3894 ub

113 3928 232 4000 aperus.
991 3940 1161 4011 puerperus
1185 3936 1324 3992 nocuere
1347 3936 1454 4008 etque,
1475 3939 1502 3990 u
1521 3934 1629 3990 meum
1656 3936 1743 4003 ecque
1767 3930 1819 3986 un

316 4019 457 4078 llxxvii.
472 4020 551 4077 -S.
568 4020 731 4079 imbutus.
990 4029 1077 4084 citum
1110 4026 1205 4096 depere
1237 4027 1325 4094 mopis
1355 4028 1452 4096 optem
1484 4018 1650 4098 [oppetunt],
1678 4036 1766 4093 quom
1789 4020 1818 4072 ia

374 4109 679 4186 (remuneremini.)
991 4117 1044 4184 tris,
1073 4131 1134 4187 quae
1161 4115 1215 4171 sibi
1239 4115 1380 4170 commissu
1409 4117 1484 4178 eunt,
1509 4126 1685 4184 permonere,
1714 4110 1819 4165 &emir

151 4197 293 4272 Liberius,
308 4199 589 4274 nationeliomanus,
607 4216 640 4259 ex
654 4201 938 4275 patreiupusto,se
991 4207 1104 4261 Domino
1119 4223 1157 4258 rr
1177 4205 1288 4275 Beatus,
1312 4205 1361 4274 qui
1381 4203 1595 4273 perseveraverit
1618 4215 1708 4271 usque
1731 4198 1818 4269 imp·

114 4287 159 4345 dit
170 4300 261 4345 annos
274 4288 450 4361 quindecim,
462 4303 573 4348 menses
584 4295 702 4362 septem,
715 4290 779 4348 dies
789 4295 856 4348 tres.
871 4291 939 4349 Fuit
991 4310 1053 4349 nem
1073 4292 1181 4363 (Metti.
1200 4306 1230 4354 x,
1252 4292 1344 4363 rnre),
1367 4297 1453 4348 rete.
1475 4290 1602 4361 ldeoque,
1624 4290 1733 4356 meres
1752 4286 1818 4343 eie-

114 4382 209 4434 autem
220 4378 397 4449 temporibus
404 4380 585 4437 Constantini
595 4393 686 4452 usquc
693 4380 728 4438 ad
737 4380 937 4438 Constantium
950 4374 978 4437 D
991 4385 1105 4448 rissimi,
1121 4399 1177 4438 non
1194 4398 1241 4438 uos
1254 4383 1436 4452 afflictionum
1455 4379 1611 4437 amaritudo
1624 4394 1643 4434 o
1657 4379 1707 4449 pio
1721 4375 1817 4431 mentis

114 4464 275 4539 Augustum
291 4467 469 4538 haereticum,
486 4469 536 4540 qui
553 4469 720 4540 predictum
737 4483 836 4540 papam
852 4472 938 4529 annis
991 4478 1087 4529 cestre
1106 4473 1247 4544 proposito
1266 4475 1383 4527 coarctet
1403 4470 1534 4526 recedere.
1556 4467 1704 4525 Attendite
1725 4467 1817 4536 usque

115 4553 210 4611 tribus
223 4556 252 4612 ln
267 4557 550 4627 exsiliomacerauit‚
567 4557 687 4629 eoquod
707 4556 820 4616 Arianae
836 4560 937 4618 lraeresi
991 4563 1066 4619 uobis
1090 4567 1116 4618 et
1133 4563 1208 4618 omni
1234 4563 1320 4630 prepi,
1350 4563 1456 4632 inquo
1483 4552 1604 4632 epirum
1630 4561 1745 4614 sonetur
1772 4566 1817 4611 uos

116 4643 278 4701 consentire
295 4646 399 4703 noluit.
419 4646 528 4703 Deinde
541 4647 704 4705 sacerdotes
715 4650 892 4722 congregati
907 4651 937 4707 in
992 4652 1132 4707 constituit
1151 4651 1286 4721 episcopos
1302 4664 1393 4718 repere
1411 4648 1560 4703 Ecclesium
1580 4647 1642 4711 bei,
1664 4660 1750 4718 quum
1769 4660 1817 4701 uc-

116 4729 209 4786 locum
243 4731 361 4801 liberii,
394 4733 515 4789 Felicem
547 4733 740 4806 presbyterum
770 4738 937 4809 episcopum
992 4741 1106 4812 parisiuit
1120 4740 1233 4811 proprio
1256 4739 1390 4807 sonpuine
1412 4751 1461 4793 suo
1478 4735 1550 4808 (Act.
1577 4735 1640 4807 un),
1663 4740 1697 4791 ut
1714 4735 1817 4791 nonsit

116 4817 330 4877 ordinaverunt.
349 4821 404 4892 Qui
420 4821 519 4878 habito
532 4822 723 4896 quadraginta
740 4834 845 4896 septem
859 4823 939 4902 [qua
992 4843 1094 4900 qurum
1109 4827 1228 4899 decipiet
1238 4842 1270 4882 uc
1282 4825 1441 4881 seduectm
1455 4825 1623 4881 sublimitate
1642 4818 1816 4900 [mitiiitute]

115 4906 250 4980 draginta
270 4906 344 4986 octo]
362 4911 562 4983 episcoporum
583 4913 717 4984 concilio,
742 4914 891 4973 Ursacium
910 4922 939 4974 et
990 4918 1131 4981 sermonis
1158 4921 1189 4971 ut
1214 4915 1304 4985 plebes
1338 4914 1414 4970 uobis
1445 4914 1601 4970 commissus
1638 4912 1816 4985 relinquendi,

116 4994 260 5052 Valentem
274 4998 576 5071 presbyteroslirianm
587 5001 687 5059 naresi
701 5004 938 5062 consentientesa
992 5009 1018 5062 et
1035 5005 1138 5060 alicubi
1158 4999 1263 5078 [elicui]
1284 5007 1395 5074 propter
1413 5001 1589 5074 opprobrium
1607 5003 1751 5058 monrium
1768 4999 1818 5056 ir-

114 5085 316 5144 communlone
337 5101 398 5158 sua,
423 5092 453 5146 et
476 5096 551 5147 recte
573 5091 760 5163 credentium,
783 5093 935 5165 separarit.
991 5097 1096 5151 minum
1123 5095 1209 5164 quieti
1230 5107 1277 5148 uos
1297 5092 1427 5156 tradetis,
1449 5095 1482 5147 ut
1502 5107 1549 5147 uos
1567 5091 1740 5148 solurrunodo
1759 5089 1817 5146 ml-

114 5174 195 5233 Unde
210 5175 266 5247 ipsi
282 5173 391 5232 luroris
407 5177 466 5234 uelo
482 5179 607 5250 accensi,
622 5179 746 5237 consilio
761 5181 846 5253 inito,
860 5182 939 5238 con·
991 5184 1069 5255 umis,
1089 5186 1116 5239 et
1132 5183 1203 5254 plius
1226 5183 1361 5254 mpionor
1384 5182 1558 5254 relinquatis.
1580 5180 1651 5239 ltem
1671 5181 1705 5241 iu
1722 5179 1816 5240 eaden

115 5264 215 5324 stautil
234 5264 406 5324 auctoritate
422 5265 510 5323 missa
527 5266 673 5324 liberium
688 5267 939 5328 ubexsilioreno-
991 5272 1027 5331 de
1045 5271 1242 5329 observatione
1261 5284 1405 5330 canonum
1431 5271 1544 5329 esodem
1567 5271 1608 5328 ita
1634 5275 1744 5343 mouet,
1769 5268 1817 5327 di·

116 5360 259 5426 caverunt,
274 5354 328 5413 boc
338 5353 473 5412 videlicet
483 5359 574 5426 pacto
589 5360 622 5411 ut
632 5354 827 5429 rebaptizandi
843 5359 936 5417 solum
991 5373 1083 5418 cens:
1100 5361 1134 5416 ln
1156 5361 1233 5415 nulio
1257 5362 1410 5433 potiemini
1433 5360 1684 5432 providentissimo
1712 5360 1818 5417 demeto

116 5444 450 5503 communionccumels
462 5443 657 5518 participaret
671 5444 726 5515 Qul
741 5447 877 5518 predicto
893 5463 939 5522 pa·
991 5464 1125 5505 cononum
1147 5450 1419 5520 resumpsimus
1440 5453 1466 5504 et
1487 5449 1663 5506 Nicernornrn
1684 5462 1819 5505 eumue

116 5537 162 5590 cto
171 5535 363 5608 consentiens,
378 5539 519 5595 retractus
530 5536 575 5592 est
585 5531 622 5590 ab
630 5533 745 5608 exsulto,
756 5542 786 5594 et
797 5536 939 5598 nabiurit
990 5541 1130 5611 instituto,
1146 5544 1172 5595 et
1193 5555 1255 5611 que
1271 5555 1289 5594 o
1305 5538 1393 5604 mdis,
1408 5536 1452 5596 uei
1465 5555 1483 5594 o
1498 5538 1751 5610 predecessoribus
1767 5554 1820 5597 no-
