3876 6090
47 250 108 314 837
678 250 851 309 EPISTOIAE
869 251 913 307 ET
931 249 1138 309 Pntvluuttnt.
1711 257 1767 318 838

50 377 205 449 episcopo,
234 378 334 432 eontra
367 388 479 431 omnem
509 387 650 432 canonum
679 370 921 433 auctoritatemA
937 371 1106 430 tollentibus
1125 389 1180 431 non
1200 378 1336 447 pepercit,
1357 380 1573 452 quantomagis
1593 382 1764 442 bominibus

54 464 192 523 invadere
211 464 415 534 praesumpsit3
437 470 619 523 consecratus
641 478 755 536 quoque
775 463 882 519 missa·
938 467 982 517 est
995 462 1162 534 carendum,
1175 477 1209 520 ne
1223 464 1397 522 extollantur
1412 465 1435 520 ¹³.
1445 468 1589 539 Scriptum
1606 474 1650 525 est
1663 473 1739 527 enim
1756 491 1762 527 :

55 569 120 612 rum
137 552 279 611 solemnia
299 551 456 624 pontificali
474 554 539 624 jure
559 554 676 627 indigne
695 553 834 623 exercuit,
855 554 883 607 et
938 553 1001 607 Non
1024 554 1097 622 plus,
1116 569 1218 623 supere,
1246 571 1328 624 quom
1353 562 1456 626 oportet
1483 574 1597 628 sopcre3
1623 572 1658 614 ne
1679 559 1764 632 forte,

55 644 189 702 inlicitas
211 642 441 700 consecrationes
464 643 578 715 exegit,
602 656 659 714 qua
682 642 792 711 relicta,
813 654 884 696 san·
939 639 1008 696 dum
1026 642 1092 712 plus
1105 642 1167 699 vult
1182 656 1243 699 esse
1265 644 1414 715 quamsit,
1435 645 1474 702 sit
1494 646 1590 702 minus
1610 648 1763 717 quamsit.

55 739 132 793 cmm
153 734 310 790 Romanam
330 735 358 787 et
377 731 562 796 apostolicam
583 730 740 788 Ecclesiam
765 728 885 786 nefariis
939 728 1088 801 caeram,
1110 731 1242 801 quamvis
1260 732 1379 805 indigne
1399 732 1542 805 legatione
1563 739 1591 790 et
1607 735 1767 792 sacerdotio

56 823 179 881 ausibus
199 821 358 892 usurpavit.
375 822 409 876 lit
424 825 488 876 tun·
508 835 558 892 pro
572 820 660 877 libitu
680 834 732 877 suo
752 820 813 877 vuit
832 818 888 876 sol·
939 815 1048 873 Christi
1069 816 1218 892 fungimur
1232 831 1254 885 ⁰,
1276 820 1353 876 sieut
1374 820 1457 877 docet
1476 821 1648 894 Apostolus,
1671 837 1768 894 paeem

56 926 122 969 vere
142 916 172 968 et
192 910 305 983 figare3
330 912 373 980 et,
394 909 473 966 velut
493 908 607 966 Lucifer
629 909 692 978 ille,
717 908 767 980 qui
791 907 886 964 sedem
941 906 1133 979 deposcimus,
1150 908 1369 965 unanimitatem
1387 910 1522 983 petimus,
1539 920 1567 969 et
1582 918 1619 983 te,
1636 912 1766 986 olioma,

56 1016 140 1060 suam
164 1002 196 1058 in
218 999 362 1072 Aquilone
382 1012 487 1070 ponere
510 998 613 1071 voluit,
637 1005 665 1055 et
688 998 717 1054 in
743 997 834 1055 altum
857 1010 888 1054 se
942 1010 1005 1067 quar
1018 1010 1049 1052 es
1060 1003 1146 1067 caput
1160 998 1288 1055 omnium
1302 1003 1443 1071 nostrum,
1455 1001 1552 1057 sanari
1567 1002 1769 1074 flagitamus...

56 1090 210 1160 extollens,
237 1089 361 1146 similem
382 1090 441 1145 Deo
463 1087 605 1160 gloriatus
627 1093 670 1145 est
692 1087 762 1159 tore,
786 1087 888 1144 eatbo-
942 1089 970 1140 et
993 1090 1105 1141 nciam
1134 1085 1233 1142 leviter
1257 1087 1287 1142 in
1313 1089 1495 1158 postmodum
1519 1090 1727 1148 scandalizeris
1744 1090 1768 1164 ⁴¹,

58 1180 146 1237 licam
170 1184 200 1236 et
222 1177 413 1235 universalem
435 1177 591 1233 Ecclesiam
614 1177 677 1233 vult
697 1175 889 1233 excommuni·
945 1172 1037 1230 modis
1052 1174 1187 1231 omnibus
1201 1189 1370 1247 exoramus3
1392 1177 1456 1247 ipso
1472 1179 1643 1253 auxiliante,
1664 1181 1713 1238 eui
1727 1186 1771 1238 est

58 1282 136 1339 care,
160 1272 189 1324 et
207 1266 348 1338 justiores
370 1271 400 1323 et
420 1266 578 1323 sanctiores
599 1280 630 1322 se
651 1266 755 1337 quaerit
776 1263 891 1320 anatbe
945 1261 1018 1333 laus,
1041 1262 1142 1334 bonor,
1162 1268 1191 1320 et
1209 1265 1299 1331 virus,
1320 1269 1348 1320 et
1370 1266 1462 1337 gloria
1481 1281 1546 1324 cum
1565 1269 1622 1326 Deo
1637 1270 1720 1327 Patre
1740 1271 1769 1326 in

61 1356 209 1417 matizare.
237 1356 310 1425 Quis
333 1354 410 1412 enim
433 1355 460 1411 ei
484 1369 518 1411 ex
543 1355 596 1410 boe
619 1354 783 1410 crediturus
808 1351 891 1408 erit?
945 1350 1057 1407 unitate
1075 1352 1202 1422 Spiritus
1222 1353 1324 1423 sancti,
1345 1367 1395 1426 per
1418 1355 1646 1415 interminabilia
1665 1359 1770 1416 secula

59 1445 109 1519 (lle
129 1445 274 1519 glorietur
294 1458 374 1516 aeque
393 1443 551 1501 distinctus
570 1448 621 1500 aut
639 1441 808 1515 accinctus.)
827 1443 889 1498 Non
946 1439 1126 1497 saeculorum.
1144 1440 1240 1498 Amen.

59 1540 104 1593 est
120 1534 201 1592 euim
223 1536 309 1604 Deus,
335 1533 411 1590 sieut
435 1533 529 1589 bomo.
554 1531 683 1588 sienim
706 1530 818 1603 angelis
845 1543 893 1586 ex.

93 1673 106 1701 ⁸
120 1662 195 1732 tege
209 1675 292 1722 nunc,
308 1659 352 1715 vel
368 1663 468 1714 temen.
482 1659 517 1713 Et
530 1661 596 1714 nota
610 1658 696 1713 etiam
712 1669 746 1711 ex
763 1655 890 1712 hocloco
982 1667 995 1697 0
1009 1654 1116 1712 ductor
1126 1656 1214 1726 hujus
1226 1657 1365 1730 apologia
1377 1658 1425 1716 bie
1435 1660 1603 1734 episcopum
1616 1662 1659 1720 vel
1670 1665 1770 1722 saltem

61 1732 158 1804 palam
170 1731 232 1787 lieri
242 1730 411 1800 scriptorem
421 1733 550 1785 nostrum
561 1729 615 1784 boc
624 1728 891 1798 dotbquiumilomae
947 1726 1143 1799 presbyterum
1165 1741 1195 1783 se
1219 1730 1323 1798 prodit.

60 1815 196 1860 exarasse
218 1802 273 1858 sub
290 1802 396 1857 loanue
413 1801 441 1856 X
459 1800 605 1870 antipapa.
980 1797 1083 1866 deod,
1104 1799 1298 1855 scandalizari.

95 1877 111 1920 b
134 1873 217 1943 Coti,
233 1873 391 1928 extollatur.

529 2071 957 2192 Fonntosi
1016 2071 1306 2189 PAPAE

369 2269 776 2383 EPISTOLAE
834 2266 929 2377 ET
977 2268 1483 2386 pululantia,

627 2450 678 2513 (Ex
690 2448 777 2500 Mausi
791 2450 816 2499 et
828 2445 1030 2498 collectionibus
1043 2447 1240 2510 recentioribus,
1253 2449 1263 2512 )

472 2664 492 2719 1.
905 2658 1018 2732 Banni
1040 2657 1144 2715 libram
1169 2661 1291 2733 argenti.
1317 2664 1352 2718 tit
1376 2666 1511 2734 praterea
1536 2664 1719 2721 decernimus
1747 2669 1776 2720 et

263 2784 298 2826 gl)
325 2781 467 2826 pommus
489 2783 512 2824 s,
540 2780 701 2824 Tflggpgmq,
949 2747 1118 2805 ordinamus
1129 2752 1158 2805 θῑ
1171 2751 1378 2809 constituimus
1390 2757 1418 2808 θῐ
1433 2756 1627 2811 contestamur
1643 2759 1675 2811 ui
1688 2754 1776 2812 (Ῐθῦθ-

392 2877 486 2949 (Amw
501 2873 576 2949 892.)
950 2836 1051 2907 dente,
1082 2852 1160 2895 more
1192 2839 1331 2912 humano,
1366 2841 1510 2912 praedictae
1544 2843 1776 2917 congregationis

951 2924 1062 2995 abbate,
1092 2940 1184 2998 neque
1210 2943 1335 2999 praesens
1364 2930 1499 3001 praefatus
1527 2932 1695 3004 episcopus,
1725 2946 1777 2990 nee

67 3006 277 3063 immunitatem
297 3006 323 3059 ei
347 3003 477 3058 bonofilio
499 3016 611 3057 Stultum
627 3003 735 3071 mum
755 3002 781 3053 fi
800 2996 897 3053 “abile
953 3013 1106 3084 quisquam
1131 3029 1326 3074 successurum
1351 3017 1421 3075 illus
1442 3020 1542 3091 aliquo
1563 3028 1630 3092 typo
1650 3026 1679 3078 et
1700 3021 1776 3078 fastu

386 3090 436 3144 fus
451 3074 579 3130 mma·
953 3102 1105 3174 superbiae,
1121 3108 1172 3160 aut
1190 3106 1319 3161 avaritia
1333 3111 1361 3162 et
1380 3109 1560 3179 cupiditatis,
1577 3117 1605 3166 et
1620 3110 1777 3167 iracundia

105 3204 254 3261 Fonsosus
271 3200 433 3272 episeopus,
452 3212 551 3255 servus
567 3209 713 3254 servorum
728 3193 790 3265 liei,
811 3205 899 3249 vene-
953 3192 1044 3249 alium
1062 3193 1191 3250 abbatem
1211 3195 1310 3267 aliquo
1325 3202 1451 3269 tempore
1466 3205 1493 3255 et
1505 3200 1605 3271 aliquo
1621 3200 1704 3256 modo
1720 3201 1776 3271 ipsi

70 3289 394 3362 randaetongregatioui
407 3281 899 3344 monachorumvenerabilismona·
954 3282 1169 3355 congregationi
1194 3283 1338 3354 imponere
1355 3292 1519 3357 presumat,
1541 3289 1598 3345 nisi
1614 3301 1698 3360 quem
1721 3289 1777 3359 ipsi

72 3381 158 3438 sterii
172 3380 201 3436 s,
216 3377 370 3435 theuderii
385 3375 558 3434 confessoris
572 3373 691 3440 Christi,
707 3371 758 3427 siti
775 3370 805 3426 in
818 3368 901 3426 terri·
955 3371 1098 3438 monachi,
1120 3370 1211 3428 libera
1230 3373 1369 3431 electione
1387 3378 1416 3432 et
1434 3375 1594 3448 devotione,
1619 3377 1777 3433 secundum

73 3470 151 3528 torio
171 3467 339 3538 Viennensi,
364 3467 394 3522 in
417 3470 594 3537 perpetuum.
956 3459 1083 3533 regulam
1106 3462 1198 3517 sancti
1220 3463 1365 3520 Benedicti
1389 3463 1446 3521 sibi
1469 3464 1617 3538 elegerint.

110 3559 233 3631 Quando
256 3571 309 3615 nos
329 3556 443 3628 piorum
465 3556 604 3627 locorum,
622 3554 706 3626 juxta
721 3551 796 3623 quod
817 3549 902 3606 nobis
991 3550 1044 3607 sed
1067 3564 1159 3623 neque
1179 3565 1214 3608 ex
1237 3552 1284 3609 bis
1305 3554 1450 3625 omnibus,
1473 3570 1536 3626 quae
1560 3554 1779 3626 presentialiter

75 3648 223 3706 divinitus
235 3652 278 3705 est
290 3642 810 3716 commissum,studiosiusgerimus,
822 3643 902 3696 tanto
957 3638 1097 3711 obtinent,
1112 3640 1779 3716 mobilibusetimmobilibus,etquaedeineeps

76 3739 162 3798 nobis
171 3737 285 3808 copiam
294 3735 434 3792 mercedis
444 3733 632 3805 acquirimus,
643 3737 670 3788 et
680 3735 773 3788 status
785 3729 902 3785 iliorum
957 3744 974 3787 a
989 3729 1154 3786 senioribus
1165 3735 1193 3786 et
1205 3730 1304 3803 aliquo
1320 3733 1403 3789 modo
1415 3733 1492 3803 juste
1508 3734 1662 3805 promereri
1676 3738 1780 3805 potue-

77 3828 183 3900 pctiori
205 3820 315 3898 vigebit
334 3824 473 3897 regimine
487 3841 494 3893 3
510 3826 538 3878 et
558 3822 622 3879 idco
641 3835 705 3877 vera
725 3819 839 3876 devotio
854 3832 904 3889 per
958 3818 1028 3889 rint,
1047 3817 1107 3875 uilo
1122 3817 1205 3875 modo
1219 3819 1323 3876 exinde
1336 3819 1449 3892 aliquid
1464 3820 1614 3878 auferatur
1627 3821 1663 3878 ab
1681 3821 1780 3894 aliquo

75 3917 254 3975 Barnoinum
270 3913 539 3971 reverendissimum
554 3910 802 3981 arcbiepiscopum
817 3907 905 3965 Vien-
959 3922 1051 3979 neque
1070 3909 1239 3981 minuatur,
1256 3911 1305 3966 sed
1325 3923 1417 3981 neque
1436 3916 1638 3983 commutetur,
1654 3912 1712 3968 nisi
1733 3925 1781 3982 per

76 4020 194 4064 uensem
207 4009 306 4062 nostro
319 4003 463 4076 suggessit
473 3999 659 4072 apostolatui,
672 4004 705 4056 ut
717 3999 813 4070 ipsum
825 3992 942 4054 veneti
958 3995 1133 4053 voluntatem
1147 4000 1350 4056 monachorum
1362 4015 1369 4052 ε
1383 4000 1455 4071 quin
1466 4000 1552 4057 etiam
1563 4001 1588 4057 si
1599 4006 1698 4058 eontra
1709 4002 1781 4058 banc

76 4096 169 4154 rabile
182 4093 388 4152 monasterium
405 4090 618 4148 unavobiscum
632 4087 791 4160 apostoliea
804 4086 905 4142 muni·
959 4086 1159 4144 auctoritatem
1188 4087 1255 4158 quis
1277 4102 1360 4161 agere
1386 4089 1549 4162 tentaverit,
1579 4088 1746 4147 nullatenus
1766 4103 1784 4146 a

76 4199 174 4242 remus
184 4182 368 4240 auctoritate.
381 4180 460 4238 Unde
471 4179 662 4236 aesomnium
674 4174 905 4234 sollicitudinem
960 4175 1090 4248 quolibet
1100 4180 1225 4232 nostram
1236 4176 1359 4233 abeundi
1373 4178 1563 4251 praesentiam,
1575 4192 1782 4236 suceessorum·

76 4278 219 4348 gerentes,
243 4276 270 4328 et
293 4271 416 4327 maxime
436 4269 586 4326 audientes
611 4282 660 4323 vos
683 4267 718 4324 de
738 4264 905 4322 Treeassino
961 4279 1017 4338 que
1040 4271 1203 4323 nostrorum
1233 4266 1329 4323 abbati
1350 4272 1377 4323 et
1404 4267 1553 4325 monacbis
1575 4268 1732 4341 denegetur
1755 4272 1783 4325 et

74 4363 218 4421 comitatu
239 4374 273 4417 ex
296 4359 469 4415 monasterio
489 4359 580 4414 Dervo
600 4370 616 4412 a
635 4354 708 4412 faeie
731 4366 905 4428 paganorum
961 4356 1157 4428 prohibeatur,
1184 4356 1243 4413 sive
1270 4356 1426 4414 insidietur
1447 4357 1593 4415 facultas:
1616 4363 1644 4415 et
1668 4363 1783 4428 propter

74 4454 202 4524 elapsos,
218 4455 246 4507 et
258 4449 334 4521 quod
350 4448 385 4504 ab
403 4448 500 4504 eodem
516 4445 672 4503 vonerabili
688 4444 905 4516 archiepiscopo
960 4447 1136 4519 adjutorium
1155 4446 1361 4517 omnipotentis
1376 4447 1427 4503 Dei
1446 4448 1667 4519 impetrandum,
1688 4451 1716 4504 et
1733 4447 1784 4505 in-

74 4538 310 4598 misericorditer
339 4537 466 4608 suscepti
494 4536 579 4609 estis,
611 4534 743 4591 inclinati
773 4533 907 4604 precibus
961 4536 1163 4594 tereessionem
1194 4535 1286 4592 sancti
1317 4536 1403 4608 Petri,
1434 4541 1463 4593 et
1490 4542 1593 4594 nostra
1631 4537 1784 4594 charitatis

73 4629 196 4698 vestris,
223 4640 272 4698 per
297 4626 385 4697 hujus
408 4625 573 4696 apostolice
596 4628 700 4680 nostrae
724 4621 907 4678 auctoritatis
961 4624 1114 4695 auxilium,
1136 4623 1208 4681 abba
1230 4623 1357 4695 illorum,
1379 4624 1493 4682 nomine
1508 4623 1670 4690 adalricus,
1687 4625 1784 4683 taliter

74 4715 265 4792 privilegium
279 4730 329 4771 vos
342 4714 416 4771 inibi
431 4714 552 4770 tirmiter
564 4717 592 4769 et
602 4713 699 4784 quiete
711 4714 767 4769 Deo
780 4711 908 4768 militare
961 4728 1026 4771 cum
1041 4713 1278 4770 reverendissimo
1292 4714 1508 4786 archiepiscopo
1526 4714 1668 4772 barnoino
1684 4715 1785 4774 limina

73 4806 293 4874 confirmamus,
314 4809 342 4860 et
357 4818 420 4876 quae
441 4801 601 4859 necessaria
615 4814 677 4857 esse
691 4801 826 4857 videntur
845 4800 907 4857 loco
962 4802 1054 4860 sancti
1068 4802 1144 4859 Petri
1160 4802 1337 4859 acceleravit.
1355 4804 1416 4874 Qua
1430 4803 1586 4860 dilectione
1596 4809 1626 4860 et
1637 4805 1786 4874 apostola-

74 4902 104 4955 et
124 4895 303 4954 monasterio
325 4893 377 4950 diu
399 4897 543 4965 noctuque
558 4890 768 4948 instantissime
783 4890 906 4962 operari,
963 4896 1010 4949 tus
1025 4891 1116 4948 nostri
1129 4891 1301 4948 auctoritate
1313 4891 1446 4948 commoti
1459 4905 1592 4964 rogamus
1606 4897 1634 4949 et
1648 4895 1783 4967 petimus,

74 4985 264 5044 eteanonieae
279 4984 337 5040 imo
345 4983 421 5040 beati
435 4982 582 5039 Benedicti
595 4981 699 5054 regulae
712 4980 838 5053 obedire,
851 4983 908 5036 tam
962 4986 991 5039 et
1004 4995 1038 5038 ex
1049 4982 1106 5037 Deo
1126 4985 1154 5037 et
1167 4994 1216 5050 per
1230 4982 1319 5036 Deum
1336 4984 1364 5035 et
1382 4994 1431 5050 per
1450 4980 1542 5037 sancti
1557 4981 1631 5037 Petri
1650 4984 1784 5043 meritum

75 5077 108 5133 iu
123 5074 255 5132 eeclesiae
270 5073 491 5144 restauratione,
508 5085 594 5144 quam
609 5071 659 5129 ubi
675 5076 703 5127 et
718 5069 768 5128 ubi
782 5069 907 5141 expedit,
963 5070 1113 5142 nostrique
1127 5069 1284 5127 ministerii
1299 5069 1486 5125 reverentiam
1501 5069 1668 5140 adiuramus
1681 5077 1710 5129 et
1723 5086 1786 5130 eou-

76 5179 109 5222 oa
122 5163 240 5221 scilieet
254 5163 366 5219 ratione
381 5166 415 5218 ut
427 5174 518 5231 neque
531 5161 622 5217 eidem
638 5159 794 5217 venerabili
808 5159 909 5215 archi·
965 5164 1112 5230 testamur,
1123 5157 1448 5215 utuuilusnobiliumet
1458 5159 1784 5229 potentiumvicinorum

77 5254 226 5324 episcopo,
234 5250 656 5322 nequecuiiibetsuccessorum
666 5263 784 5307 suorum
794 5249 907 5305 licitum
964 5252 992 5305 et
1003 5254 1083 5304 extra
1095 5247 1319 5318 advenientium,
1331 5252 1360 5303 et
1371 5246 1597 5319 circumquaque
1608 5248 1781 5320 degentium,

79 5343 118 5399 sit
129 5341 306 5398 illisdurum
315 5340 467 5396 servitium
477 5341 631 5410 imponere,
644 5352 735 5410 neque
744 5337 907 5410 longissimi
921 5315 949 5377 Ῑ)
964 5337 1147 5408 aliquatenus
1163 5337 1236 5393 mala
1254 5336 1315 5393 illis
1328 5336 1435 5393 inferre
1455 5342 1616 5407 presumat,
1637 5340 1665 5391 ct
1679 5335 1785 5406 absque

80 5431 197 5488 itineris
225 5428 450 5500 profectionem3
486 5429 533 5484 sed
564 5441 656 5499 neque
684 5426 908 5483 mansionaticos
965 5425 1024 5498 lege
1039 5426 1210 5499 inquietare,
1228 5433 1257 5482 ct
1270 5426 1388 5483 mobilia
1401 5430 1429 5483 et
1447 5423 1608 5483 immobilia
1628 5433 1783 5493 usurpares

81 5533 227 5592 onerosos,
240 5532 332 5591 neque
348 5532 475 5588 censum,
492 5517 633 5588 praeterio
647 5517 722 5588 quod
739 5516 907 5586 impositum
964 5515 1012 5571 sed
1035 5528 1126 5586 neque
1151 5516 1306 5573 servientes
1328 5514 1444 5572 illorum
1463 5514 1612 5572 desum-⁶
1630 5526 1640 5544 ¹

82 5615 132 5684 est,
149 5611 183 5669 in
195 5607 355 5667 festivitate
370 5606 502 5680 predicti
519 5607 611 5664 sancti
632 5605 787 5664 Tbeuderii
805 5605 836 5663 ln
853 5604 910 5665 tine
964 5607 1125 5676 pertentet3
1140 5609 1168 5662 et
1181 5599 1283 5664 amodo
1294 5604 1428 5663 volumus
1440 5614 1490 5663 eon
