3876 6090
125 264 180 324 vna
698 244 702 251 '
741 268 920 328 xnmrmn
945 265 1218 325 ummonmennn

125 394 182 472 est]
198 400 361 454 sanctarum
380 398 572 456 Ecclesiarum
596 399 713 471 pacinca
738 397 884 456 ordinatio
903 409 953 466 per
965 389 1304 488 Asanctitctertjmtitia
1312 398 1436 453 omnibns
1449 396 1544 454 dubus
1563 397 1628 451 cita
1644 397 1747 449 mam

124 485 242 542 alternae
265 486 414 556 opinionis
433 489 581 546 veritatem
602 494 631 546 et
655 490 747 562 idern,
768 503 832 560 quae
845 486 953 545 direxit
1008 488 1038 559 ι).
1055 489 1090 544 Et
1109 503 1228 546 rursus:
1253 490 1397 544 Excitatus
1415 493 1456 544 est
1476 492 1609 557 tanquam
1621 486 1749 541 mnam

126 575 256 632 munitam
279 577 381 647 pedum
408 583 584 636 nostrorum:
609 585 696 651 atque
716 593 766 650 per
790 578 842 634 hoc
862 576 966 646 stirps·
1006 581 1107 643 ruinas,
1119 583 1251 650 tanquam
1261 584 1358 650 potens
1376 578 1566 649 crapulatusa
1581 578 1655 631 cino.
1668 576 1706 631 Et
1718 590 1749 646 pt

126 663 320 738 haeresisque
340 681 374 737 ex
395 669 509 740 antiqui
525 669 618 726 hostis
636 669 756 726 zizaniis
769 666 950 741 germinarit,
1006 671 1044 724 sit
1056 670 1181 724 inimicos
1201 684 1264 725 suos
1284 671 1314 723 in
1324 671 1486 740 posteriora,
1500 666 1676 738 opprobriam
1692 678 1749 737 mvsa

125 755 269 814 eradicata
294 760 346 814 est.
373 759 408 815 Et
430 772 496 816 ecce
518 760 744 832 evangelizamus
763 756 846 814 robis
866 769 953 827 super
1007 772 1073 811 num
1090 757 1237 812 dedititiis
1257 755 1341 826 (Psat.
1362 757 1484 828 zxxvn).
1497 755 1527 812 Si
1547 752 1738 825 opprobrium

125 849 249 903 montem
272 847 416 905 excelsum
436 852 543 905 stantes
557 848 757 906 melesiastica
784 845 863 918 pacis
886 859 953 917 gau·
1007 845 1151 917 piternum
1165 846 1264 905 datum
1275 851 1318 903 est
1329 846 1585 918 inimicisnostris,
1603 842 1688 901 malis
1702 841 1749 900 rid

123 936 205 993 dium
217 940 246 992 et
266 936 410 1007 publicam
430 937 625 994 testivitatem.
643 938 718 1008 Quid
737 937 813 994 enlm
828 936 953 1006 hocgra-
1006 935 1174 1007 virtutibus,
1186 951 1237 1008 per
1248 938 1484 994 resurrectionem
1494 937 1567 1007 eins,
1577 932 1722 1006 quomodo
1732 931 1749 989 tt

125 1025 282 1083 tiusilsaia
294 1026 582 1101 fiducialiteragcnte,
593 1033 621 1084 et
630 1028 746 1087 coelitus
757 1020 950 1102 [antiquitus]
1005 1024 1164 1083 Christiani
1181 1026 1269 1084 idolis
1279 1026 1461 1084 servierunt?
1474 1026 1534 1083 Oet
1547 1023 1733 1081 inscientiam
1747 1050 1749 1067 .

125 1115 310 1187 praedicente:
340 1116 428 1184 Quam
463 1120 577 1188 speciosi
602 1118 684 1190 pedes
709 1115 952 1186 eranqetiacntium
1007 1115 1140 1186 pietatem
1154 1117 1300 1188 ipsorumt
1317 1118 1429 1174 Utinam
1443 1114 1654 1173 intellexissent
1666 1111 1746 1185 quod

120 1221 226 1276 paccrn,
242 1207 486 1275 evangelizantium
502 1209 592 1263 bonai
615 1207 681 1278 (lea.
698 1222 755 1280 any
770 1210 845 1265 llam.
858 1203 902 1276 x.)
917 1210 953 1266 Et
1006 1205 1132 1263 dalimro
1144 1220 1232 1264 unum
1245 1222 1279 1264 ex
1296 1206 1426 1264 minimis
1438 1204 1488 1278 qui
1503 1204 1689 1262 crediderunt
1706 1202 1747 1273 in,

122 1295 241 1368 dignnm
254 1301 315 1352 erat
333 1301 362 1353 et
376 1296 457 1354 valde
473 1297 621 1369 placitum,
637 1304 723 1370 atque
737 1303 837 1356 vestrae
853 1299 954 1357 decen·
1007 1301 1094 1370 stum,
1120 1298 1329 1370 importabilem
1357 1296 1459 1354 habeat
1474 1293 1700 1366 indignationem
1725 1289 1749 1362 (l

123 1387 162 1441 tls
172 1398 316 1457 sacraque
325 1388 383 1443 Deo
394 1386 584 1445 amabilitatis
593 1388 737 1459 specimen
747 1391 776 1445 et
784 1387 949 1462 exsultatio,
1006 1388 1107 1460 xrlrr):
1126 1388 1340 1460 quantomagis
1359 1386 1455 1444 orbem
1473 1383 1631 1442 sollicitum
1657 1379 1749 1438 reoda

122 1478 155 1530 ut
164 1474 259 1531 omnis
272 1476 329 1532 Deo
341 1474 429 1532 electa
439 1477 540 1534 concio
551 1484 644 1535 restra
658 1476 744 1535 simul
760 1477 948 1551 inveniretur,
1006 1476 1201 1534 multatibus?
1214 1476 1266 1533 Sed
1278 1477 1312 1532 ad
1326 1475 1452 1532 nihilum
1467 1472 1583 1530 verbum
1596 1469 1711 1528 Domini
1726 1482 1749 1526 rt

121 1566 150 1619 et
159 1565 401 1635 contemplaretur
414 1566 549 1623 virtutem
568 1580 743 1639 eorumquae
756 1580 805 1638 per
823 1564 873 1623 Del
889 1580 951 1639 gra·
1005 1571 1083 1631 runt,
1093 1565 1277 1638 reprobantes
1291 1564 1500 1622 ecclesiasticas
1512 1561 1700 1620 traditiones:
1711 1572 1749 1630 pn

122 1650 191 1706 tiam
203 1651 280 1708 dicta
295 1657 322 1709 et
331 1658 408 1726 gesta
419 1658 496 1725 sunt,
512 1659 569 1712 mm
583 1655 696 1712 scillcet
710 1668 796 1726 super
811 1655 952 1729 legitima·
1003 1670 1036 1713 ea
1055 1657 1089 1713 ad
1109 1654 1233 1712 nihilum
1248 1653 1358 1728 redegit
1380 1667 1429 1710 cos
1449 1651 1606 1722 Dominus3
1619 1655 1648 1705 et
1667 1660 1736 1705 cura

122 1754 185 1796 rum
198 1740 644 1821 correctione[comprobatione]
657 1745 846 1802 traditionum
856 1744 951 1802 Eccle-
966 1727 990 1788 Β
1006 1745 1155 1814 Eunomia,
1178 1743 1354 1815 harmonio,
1386 1740 1576 1814 Apollinario,
1596 1737 1741 1808 Nestorio,

121 1827 171 1885 siae
185 1830 343 1903 catholicae,
356 1846 439 1904 quam
457 1833 487 1890 in
502 1835 725 1892 destructionem
740 1840 769 1891 et
783 1834 950 1891 subversio-
1002 1836 1083 1893 ehete
1093 1849 1125 1891 aa
1140 1834 1286 1904 dioscoro,
1297 1834 1406 1907 Sergio,
1424 1831 1560 1902 Honorio,
1573 1835 1659 1902 atque
1676 1840 1744 1886 cun

121 1932 184 1975 nem
199 1933 297 1978 corum
314 1922 364 1994 qui
376 1921 554 1981 tremuerunt
563 1925 701 1982 adeamus
712 1925 870 1997 veritatem,
886 1938 948 1981 neo
1002 1939 1100 1982 earum
1119 1924 1241 1994 pessima
1259 1928 1334 1980 secta
1348 1919 1565 1980 connumeravit
1583 1917 1749 1975 turbulento

121 2021 177 2064 non
189 2010 362 2080 apostolicas
376 2018 404 2069 ct
415 2016 546 2084 paternas
562 2014 695 2071 Ecclesia
706 2010 856 2071 catholiea
867 2027 950 2071 com-
1002 2015 1109 2072 ationis
1120 2028 1218 2071 corum
1231 2014 1401 2071 concilium:
1423 2011 1576 2069 stultitiam
1591 2020 1716 2080 namque
1733 2006 1749 2063 h

120 2100 302 2156 mutarerunt
322 2101 501 2175 traditiones,
526 2103 568 2160 vel
590 2104 676 2161 etlam
694 2105 775 2174 juxta
789 2102 864 2175 quod
890 2102 946 2161 sibi
1004 2103 1150 2160 imitantes
1168 2099 1388 2177 [exprimentes]
1412 2100 1500 2158 stulta
1515 2096 1693 2166 locutisnnt,
1707 2097 1749 2152 et·¹

118 2188 212 2245 risum
225 2193 278 2261 cst,
293 2189 323 2246 in
336 2192 538 2250 exterminium
550 2193 728 2266 redegerunt.
742 2192 795 2250 Sed
812 2192 947 2264 qnoniam
1004 2205 1075 2248 vera
1098 2189 1288 2248 consessionis
1313 2203 1378 2247 curn
1405 2187 1478 2259 ipsis
1499 2184 1619 2257 lapidati
1641 2186 1723 2246 sunt.

119 2276 271 2334 humidum
287 2279 342 2336 iter
359 2280 389 2336 in
406 2281 499 2338 medio
522 2286 575 2354 est,
592 2296 751 2353 rursusque
766 2281 947 2353 terrena-via,
1003 2279 1098 2338 soluta
1112 2284 1156 2337 est
1173 2280 1251 2337 acies
1265 2279 1403 2350 ipsorum.
1419 2280 1516 2348 Neque
1530 2274 1607 2332 enim
1630 2271 1749 2345 reliquit

118 2365 232 2423 duabus
243 2367 329 2424 rebus
341 2383 414 2438 opus
425 2379 495 2443 erat,
510 2371 631 2428 navibus
643 2371 756 2428 scilicet
766 2372 801 2428 ad
816 2371 948 2443 navigan·
1004 2367 1101 2425 minus
1120 2368 1332 2439 inperpetuum
1353 2367 1462 2439 virgam
1476 2366 1656 2436 peccatorum
1666 2372 1749 2432 super

118 2454 198 2525 dum,
222 2460 251 2512 et
271 2457 411 2526 jumentis
435 2460 572 2531 congruis
594 2460 630 2516 ad
651 2460 826 2517 vehendum:
855 2459 949 2517 utris-
1004 2456 1218 2514 tcmEcelesiae:
1231 2453 1491 2527 quoniamludaiee
1502 2451 1632 2509 meditati
1647 2447 1749 2507 suntin

119 2556 174 2614 que
183 2556 283 2600 carens
293 2546 489 2604 sacratissima
499 2554 592 2605 vestra
604 2554 727 2619 patema,
741 2553 840 2605 mutua
851 2552 947 2604 nostra
1001 2552 1030 2602 ct
1040 2545 1164 2603 secunda
1177 2544 1385 2602 illiuseoneilii
1399 2543 1649 2600 hareditaverunt.
1664 2540 1749 2597 llocx

118 2632 305 2689 conventione
318 2634 427 2704 privata
442 2641 494 2693 est.
507 2638 611 2695 Verum
633 2637 798 2709 specialiter
815 2642 843 2694 et
858 2636 949 2694 intel-
1003 2636 1171 2708 concilium,
1192 2635 1379 2706 caiphaicum
1399 2633 1633 2691 concibiabulum
1653 2629 1749 2687 iactun

119 2720 272 2793 ligihiliter
287 2728 389 2795 presto
403 2725 474 2783 estis
489 2725 814 2797 [eratislnobiseumid
826 2727 949 2783 sentien·
1003 2726 1076 2784 lllud
1101 2726 1237 2783 adversus
1262 2725 1415 2782 Dominum
1443 2722 1541 2779 inania
1576 2719 1749 2778 meditatum

119 2815 161 2866 tes
179 2812 253 2882 quod
270 2813 460 2870 etcatholica
484 2815 617 2872 Ecclesia
646 2816 811 2886 plenitudo:
828 2821 856 2872 et
880 2815 947 2888 quia
1003 2817 1056 2872 hoe
1070 2817 1207 2872 adversus
1234 2814 1329 2885 ipsius
1350 2813 1503 2886 imaginem
1525 2809 1653 2867 tremuit.
1678 2809 1739 2866 lloc

119 2899 240 2956 invicem
267 2915 368 2959 sumus
384 2903 507 2960 membra
528 2905 637 2962 Christi
659 2905 708 2962 Dei
727 2906 834 2977 eapitis
854 2906 946 2963 nostri
1002 2904 1158 2962 concilium
1182 2903 1404 2973 redemptionem
1425 2906 1561 2970 nostram,
1584 2912 1648 2970 qnae
1674 2909 1726 2968 per
1747 2916 1749 2933 ·

119 2988 248 3060 [Christo
266 2993 322 3048 Deo
344 2992 437 3063 capite
458 2991 581 3070 nostro],
595 3008 694 3052 eorum
714 3008 777 3066 qua
800 2994 875 3066 apud
896 3008 947 3051 nos
1002 2998 1079 3049 stum
1100 2991 1197 3049 edecta
1211 2997 1263 3064 est,
1285 2990 1341 3048 sibi
1355 2997 1384 3047 et
1397 2991 1467 3046 aliis
1484 2987 1631 3058 ascripsit.
1652 2987 1749 3042 lloce

118 3080 174 3135 Deo
186 3079 310 3137 donante
329 3089 391 3138 acta
411 3088 489 3155 sunt,
505 3084 698 3141 necessarlum
713 3084 848 3141 ducimus
866 3083 986 3175 vobisc
1003 3083 1075 3141 lium
1090 3080 1262 3154 protundum
1277 3080 1433 3138 consilium
1448 3077 1635 3136 consiliatum
1653 3078 1711 3147 est,
1730 3087 1748 3133 e

118 3166 242 3224 breviter
261 3171 453 3228 narrationem
476 3172 659 3230 mittendam:
687 3174 847 3246 loquuntur
870 3173 947 3229 enirn
1003 3185 1053 3243 per
1067 3171 1272 3228 Dominumzet
1285 3169 1390 3227 toedera
1405 3168 1483 3239 iecit,
1495 3174 1524 3224 et
1536 3180 1592 3223 non
1603 3164 1745 3236 spiritum

117 3256 203 3314 etiarn
224 3273 273 3329 per
296 3259 407 3317 litteras
429 3261 535 3334 linguae
560 3276 671 3336 causas,
696 3269 723 3321 et
745 3267 948 3335 representare
1003 3260 1138 3333 quoniam
1152 3263 1283 3316 ornatum
1298 3257 1505 3315 venerabilium
1525 3253 1699 3325 templorum
1718 3251 1749 3309 dt

118 3347 201 3419 quasi
217 3348 363 3406 ridendas.
383 3350 451 3409 Cum
467 3353 544 3408 enim
564 3353 797 3412 convenissemus
811 3367 845 3410 ex
858 3357 948 3425 pater·
1002 3354 1121 3406 tumest.
1131 3349 1222 3406 Inhoo
1234 3346 1464 3406 coneilionullus
1480 3340 1749 3412 hominumlurenl

117 3449 219 3493 narum
235 3438 402 3511 magisterio
417 3455 592 3514 normarum,
614 3442 644 3499 in
665 3456 754 3500 unum
770 3441 947 3500 confirmari·
1003 3436 1155 3510 imaginem
1176 3439 1227 3495 Dei
1254 3438 1356 3509 tactus,
1385 3437 1454 3508 quia
1476 3434 1629 3508 imaginem
1659 3430 1748 3489 Domi

117 3539 181 3584 mus
192 3530 267 3599 qnod
278 3535 306 3586 et
314 3531 463 3601 sapuimus
477 3529 654 3606 [confirmati
663 3546 774 3603 sumus,
786 3546 875 3589 unum
886 3546 947 3588 sen·
1000 3527 1237 3597 sanctorumeius
1249 3528 1468 3584 dehonestantes
1484 3529 1512 3581 et
1532 3521 1749 3594 confringentes

116 3615 225 3693 simus]
237 3619 358 3687 3cantici
368 3623 595 3693 lloysesdoeuit,
604 3619 843 3693 nonohliti,qnod
856 3621 943 3678 dicit:
1000 3617 1192 3675 tradiderunt.
1207 3620 1264 3675 lloc
1277 3617 1433 3675 concilium
1450 3615 1526 3673 iuria
1538 3619 1566 3672 et
1574 3612 1709 3670 vecordia
1722 3609 1749 3684 pl

115 3709 257 3775 Interroga
271 3712 380 3778 patrem
397 3713 483 3773 tnunr,
506 3715 532 3764 ct
551 3711 729 3765 annuntiabit
742 3710 804 3774 tibi,
827 3712 945 3766 seniores
1001 3707 1192 3764 satanicarum
1212 3721 1312 3763 crocum
1326 3706 1496 3764 sententiam
1512 3703 1590 3760 iecit.
1604 3703 1662 3758 lloc
1676 3714 1749 3759 conc

115 3799 186 3856 tuos,
211 3797 236 3848 et
254 3795 345 3848 dicent
371 3787 423 3851 'tibi
444 3797 535 3867 (Dent,
557 3799 660 3870 xxxn).
689 3799 735 3855 Sic
760 3797 945 3857 traditionem
1001 3796 1090 3853 solam
1103 3796 1344 3867 nuncupationem
1358 3790 1668 3862 habetsacerdotalem,
1683 3789 1749 3847 scier

115 3881 264 3937 catholiea
284 3883 418 3940 Ecclesia
437 3886 536 3942 sectati
560 3901 670 3956 sumus,
688 3892 716 3943 et
731 3901 823 3959 neque
837 3888 943 3962 minus,
1000 3891 1095 3954 autem
1111 3900 1225 3958 pravam
1240 3892 1327 3957 atquc
1345 3884 1502 3957 protanam.
1516 3885 1574 3940 lloo
1589 3880 1749 3938 concilium

116 3983 207 4040 neque
218 3971 284 4040 plus
300 3972 449 4044 quidpiam
462 3974 600 4047 lecimus,
619 3977 667 4033 sed
682 3977 717 4033 ab
729 3977 865 4049 Apostolo
878 3980 941 4036 edo·
1001 3981 1098 4033 tumax
1115 3975 1253 4047 habetes,
1276 3979 1304 4031 et
1328 3974 1463 4046 spiritum
1480 3971 1627 4030 mendacio
1652 3968 1749 4027 deliba

115 4057 166 4128 cti,
179 4062 308 4118 tenemus
321 4061 493 4122 traditiones
504 4079 575 4137 quas
586 4067 758 4138 accepimus,
769 4066 865 4124 omnia
876 4067 948 4125 reci.
1001 4080 1065 4123 nam
1079 4066 1225 4123 veritatem
1239 4065 1355 4137 quidem
1370 4064 1464 4136 linxit,
1478 4065 1508 4120 in
1520 4061 1634 4119 fallacia
1649 4074 1746 4132 praesu

115 4146 225 4217 pientes
237 4154 266 4204 ct
279 4149 481 4221 amplectentes
495 4168 673 4226 quaecunque
690 4161 788 4213 sancta
802 4156 944 4214 catholica
1001 4155 1011 4232 ,Γ
1019 4154 1171 4212 falsitatem
1181 4168 1246 4212 vero
1256 4153 1345 4210 libere
1358 4150 1485 4228 docuit}
1499 4154 1556 4209 lloc
1564 4149 1749 4208 concilians

113 4237 240 4294 Ecclesia
267 4239 431 4311 antiquitus
454 4244 560 4315 scripta
578 4250 606 4300 et
618 4258 674 4302 non
690 4246 797 4316 scripta
819 4246 941 4318 recepit:
1001 4250 1096 4302 nostra
1122 4245 1258 4316 synodus,
1280 4247 1378 4315 utpote
1400 4242 1510 4298 zizania
1524 4240 1683 4298 Dominicae
1703 4252 1749 4296 are

113 4341 147 4383 ex
163 4328 270 4398 qulbus
285 4336 353 4387 sunt
369 4331 456 4388 ctiam
478 4333 665 4408 igurationcs
681 4335 858 4405 picturarum
876 4337 945 4393 ima·
998 4334 1197 4391 estcatholicae
1207 4333 1351 4403 Ecclesia,
1364 4331 1559 4400 ventilavit,et
1572 4327 1749 4387 ventilabro«

114 4415 232 4488 ginum:
250 4424 278 4475 et
289 4432 304 4475 e
314 4425 598 4494 contraquaecnnque
609 4422 774 4493 abjecerunt
784 4423 881 4480 Patres
895 4437 945 4481 no·
958 4425 985 4486 D
996 4422 1102 4497 judieii
1118 4423 1247 4494 proiecit.
1264 4421 1365 4478 Ablata
1377 4434 1444 4493 ergo
1462 4425 1558 4476 sunta
1575 4416 1749 4475 catholica!

114 4506 167 4561 stri
180 4508 299 4580 egregii,
316 4524 368 4567 nos
383 4524 498 4582 quoque
512 4511 692 4583 projicimus,
708 4519 735 4568 et
748 4511 882 4570 Ecclesiae
897 4528 942 4570 ar·
999 4513 1042 4569 sla
1056 4517 1084 4569 et
1094 4511 1246 4583 redarguta
1259 4511 1392 4583 figmenta
1404 4510 1476 4581 ejus.
1489 4510 1591 4565 Verum
1604 4507 1682 4563 enirn
1693 4510 1749 4563 etr

113 4594 257 4654 bitramur
278 4601 405 4656 adversa.
421 4599 492 4658 Cum
518 4600 625 4672 quibus
648 4607 872 4661 connumeratur
895 4603 945 4660 in-
999 4603 1104 4659 simum
1117 4601 1250 4656 Ecclesia
1262 4599 1406 4671 judicium
1421 4613 1472 4655 nco
1492 4610 1595 4654 novum
1608 4595 1683 4668 deri,
1700 4606 1749 4652 ner

113 4687 188 4739 teuta
204 4680 341 4765 [nupera]
355 4703 454 4747 vocum
471 4691 583 4747 novitas
602 4691 782 4749 Christianos
802 4704 945 4750 accusan-
999 4691 1038 4749 mi
1055 4691 1085 4748 in
1111 4703 1143 4747 ea
1163 4690 1321 4762 quidquam
1344 4688 1483 4762 indulget.
1506 4689 1564 4744 Nos
1589 4686 1684 4760 igitur
1699 4690 1749 4757 pat

113 4773 198 4846 tium,
218 4775 307 4833 veluti
321 4792 422 4835 cancer
441 4793 545 4851 pascua
564 4780 737 4839 inecelesiis
752 4783 943 4840 nostrisacci-
999 4782 1075 4852 leges
1087 4786 1247 4852 sequentes,
1261 4779 1296 4835 ab
1310 4792 1368 4835 uno
1383 4776 1490 4849 spiritu
1512 4780 1626 4847 accepta
1651 4773 1749 4846 gratia

113 4861 213 4933 piens:
236 4864 284 4921 scd
310 4880 364 4923 non
378 4869 508 4940 despexit
532 4871 671 4930 Dominus
693 4873 768 4933 Deus
793 4873 823 4930 in
845 4874 941 4930 tinem.
999 4863 1749 4943 mutilate[sineullainnovationc]etindiminuteo

111 4953 191 5026 Nam,
206 4955 324 5014 veritate
337 4958 470 5033 revelata,
482 4961 652 5020 orthodoxia
668 4965 781 5022 cunctis
794 4964 902 5038 illuxit,
916 4967 944 5020 et
998 4973 1061 5031 quae
1071 4958 1281 5015 Ecclesiaesunt
1292 4952 1749 5027 custodivimus3qubmedmoduv

112 5043 292 5100 mendacium
307 5059 371 5103 eum
390 5061 485 5105 mcum
501 5051 686 5109 nascentibus
703 5053 829 5111 tenebris
851 5054 943 5110 abeli·
997 5053 1102 5105 sancta
1115 5047 1291 5105 universales
1303 5045 1405 5118 synodi
1425 5046 1625 5102 tradiderunt:
1640 5049 1670 5100 et
1690 5056 1749 5114 qua

113 5135 172 5188 tum
192 5138 244 5188 est.
269 5133 299 5189 Si
320 5136 407 5208 enim,
424 5143 456 5193 ut
480 5138 536 5209 ipsi
559 5153 629 5197 vane
654 5142 828 5213 garrierunt,
853 5142 941 5199 idolis
997 5151 1052 5210 que
1072 5137 1247 5194 dimiserunt
1270 5135 1435 5192 honoranda
1459 5135 1489 5191 in
1519 5133 1661 5190 catholica
1692 5133 1749 5190 Eoo

111 5222 461 5295 comparaturimaginum
473 5226 611 5296 titulatio.¹
624 5230 942 5302 nostraeredemptionis
997 5227 1104 5299 absque
1125 5226 1203 5283 omni
1218 5225 1400 5282 runcatione
1416 5224 1580 5296 recipimus.
1597 5223 1637 5280 Ex
1660 5223 1749 5296 quibu

112 5310 279 5382 mysterium
303 5313 455 5383 euanescit,
470 5315 545 5384 quod
565 5315 615 5371 Dei
639 5316 732 5374 Filius
752 5316 942 5388 operatusest
996 5317 1167 5389 dictumest,
1181 5317 1267 5373 etiam
1281 5315 1438 5388 imaginum
1459 5314 1546 5371 tactio
1567 5319 1624 5372 cst:
1650 5316 1749 5387 quasi

112 5399 334 5471 prasentiasua,
359 5412 415 5471 qua
431 5400 579 5472 pronubis
599 5417 684 5460 earne
701 5412 941 5468 conversaturost
996 5414 1092 5477 muter
1115 5410 1289 5465 honoramus
1316 5401 1385 5480 itin,
1417 5403 1586 5479 adoramus]
1611 5409 1639 5462 et
1659 5404 1749 5464 saluti

111 5488 218 5562 ubsque
234 5494 362 5562 peccato:
380 5496 408 5547 et
420 5490 637 5562 subsequuntur
651 5493 743 5564 [ranae
756 5493 842 5570 sunt]
852 5498 939 5555 etiam
995 5501 1122 5571 idipsum
1134 5496 1239 5554 etenim
1254 5499 1422 5566 utrumque:
1435 5498 1463 5549 et
1476 5493 1611 5566 quisquis
1633 5493 1705 5553 huie
1720 5510 1749 5568 pr

112 5580 296 5639 remissiones
311 5580 492 5654 prophetice,
514 5580 656 5639 dicentes:
672 5583 829 5643 mutnus
847 5588 892 5644 itti
909 5591 941 5646 in
994 5590 1071 5650 sioni
1093 5588 1218 5660 haeserit,
1242 5585 1390 5644 catholiea
1414 5591 1458 5643 est
1474 5585 1609 5644 &alesia
1626 5600 1747 5661 german
