3876 6090
555 199 699 255 APPEND.
719 202 766 257 AD
784 203 864 259 SAEC.
886 205 933 260 IX.
953 233 990 245 —
1008 205 1184 263 auctoritas
1197 204 1364 262 ANONYlll.

110 379 301 410 =.—-.—'..

150 516 328 588 Opusculum
349 531 483 590 sequens,
501 517 575 575 bone
591 518 690 590 lector,
706 520 754 576 cui
773 521 884 591 primns
900 521 975 579 inter
986 523 1236 595 anonymosiocus
1250 522 1370 580 debetur
1384 520 1433 578 hic
1448 520 1587 578 ultimum
1605 518 1799 590 typothetarum

113 607 267 664 oscitantia
283 606 409 678 ponitur.

884 693 1019 703 ,----

559 821 1143 941 mansonario
1186 822 1374 968 nst,

661 1045 743 1106 noa
771 1044 848 1107 nso
875 1044 1264 1109 couununanuouns

175 1193 414 1287 QUOMODO
461 1192 587 1280 lillUS
630 1192 899 1300 eumolpus
937 1194 1031 1280 PER
1071 1195 1299 1282 ustinus
1339 1194 1729 1283 Buuoolcuuoos

669 1401 811 1487 utputa
860 1400 1114 1473 LiUDANDUS
1169 1402 1253 1472 sir.

114 1565 172 1627 Ea
190 1561 388 1625 Cassiodoro
402 1565 435 1624 et
447 1562 580 1625 Isidoro
594 1554 720 1644 mpero
732 1552 777 1624 'aa
792 1564 896 1653 porto
910 1564 1085 1625 contectos
1102 1560 1141 1623 ab
1156 1577 1323 1653 anorcprno
1343 1562 1497 1643 quodam,
1514 1563 1585 1639 sed,
1607 1565 1648 1653 ret
1666 1561 1799 1638 oidetnr,

157 1641 315 1705 moeacto
333 1642 585 1719 dimitriacensi,
601 1643 647 1706 oet
658 1640 886 1705 Baliaricum
900 1641 1091 1724 episcopum
1104 1641 1390 1721 Rataslonenscm,
1412 1643 1474 1724 qni
1487 1643 1601 1706 sedern
1614 1641 1716 1705 ellam
1728 1641 1801 1706 otti-

156 1721 236 1785 norit
257 1738 347 1785 cneco
369 1722 603 1803 Redcrnptorc's
622 1724 692 1789 814.

233 1847 272 1909 111
294 1845 404 1909 lucem
421 1845 569 1925 primum
590 1844 701 1910 editus
721 1845 831 1908 studio
850 1845 940 1908 Petri
958 1845 1115 1909 stevartii
1130 1845 1255 1926 Leodii,
1277 1847 1331 1911 SS.
1352 1845 1536 1927 theologiae
1552 1845 1700 1909 doctoris

785 1927 819 1989 et
842 1924 1046 2006 professoris,
1071 1928 1134 1989 etc.

521 2074 639 2138 (Biblini.
657 2078 774 2127 veterum
791 2076 897 2126 Petrum
908 2075 1030 2138 Lngdnn.
1050 2079 1116 2127 tom.
1132 2074 1244 2139 XXVII,
1260 2076 1408 2140 supplem.)

499 2317 637 2373 PETRUS
656 2317 884 2374 sngAurrds
902 2315 1055 2372 indotos
1075 2315 1224 2372 LECTORI
1244 2315 1423 2372 SALUTEM.

151 2432 231 2486 Hanc
247 2432 513 2502 commentariolum,
536 2436 600 2487 onte
614 2433 721 2503 aliquot
735 2438 856 2488 ccrrtenos
871 2447 957 2487 annos
977 2448 1010 2486 em
1023 2433 1112 2487 verbis
1127 2436 1247 2486 cereum
1267 2433 1382 2485 Petrum
1395 2434 1562 2492 contemtum,
1579 2430 1674 2484 cisum
1687 2434 1727 2484 est
1739 2434 1809 2484 eate-

118 2503 158 2557 ris
178 2503 342 2570 adjungere,
358 2504 433 2572 qnod
448 2518 494 2570 epo
507 2509 571 2572 post
586 2504 654 2557 duos
673 2508 699 2558 et
712 2507 827 2571 trispintn
842 2520 940 2570 nmmos,
960 2503 1059 2572 peribus
1071 2503 1179 2572 publice
1198 2502 1246 2558 SS.
1265 2502 1434 2571 Scriptorum
1457 2503 1487 2554 in
1502 2501 1659 2556 Academia
1683 2502 1809 2569 Inpoisto-

118 2573 208 2628 dicnsi
218 2574 335 2643 praelepi
350 2574 398 2627 troc
414 2576 473 2643 ipso
487 2590 561 2628 onero
576 2576 745 2629 Psoimorurn
759 2575 953 2629 davidicorum
970 2575 1190 2641 explanationem
1203 2575 1256 2626 sim
1269 2575 1438 2642 auspicatos.
1461 2571 1587 2626 Continet
1599 2586 1667 2626 acro
1683 2572 1725 2626 tric
1738 2573 1811 2626 libel-

118 2645 161 2698 lns
176 2659 230 2697 non
242 2659 336 2713 pauca
349 2660 409 2713 pum
421 2646 458 2698 net
471 2645 605 2699 dictorum
617 2646 784 2714 psolrncrum
797 2644 1052 2699 commendationem
1066 2648 1092 2698 ct
1107 2644 1316 2711 intelligentiam
1325 2644 1476 2713 plurimum
1491 2646 1585 2709 facere
1597 2648 1729 2710 possunt.

153 2713 266 2769 Secutus
283 2719 323 2769 est
334 2719 424 2768 autem
438 2715 523 2781 liujus
538 2716 664 2782 opusculi
672 2716 794 2768 collector
806 2715 942 2783 (quisquis
956 2714 1023 2781 tuit)
1036 2716 1217 2769 inveteratum
1230 2714 1411 2782 quorumdam
1423 2729 1532 2781 morem,
1550 2713 1621 2782 quid
1638 2729 1701 2767 aum
1713 2714 1812 2782 alipniei

119 2784 277 2852 scriberent,
296 2799 400 2852 semper
414 2786 592 2851 antiquorum
603 2786 696 2852 potios
711 2800 793 2851 quom
805 2787 863 2838 suis
883 2785 972 2838 omlis
990 2785 1065 2908 tergui
1079 2785 1230 2854 optabant:
1251 2785 1325 2854 quod
1345 2787 1427 2839 etiam
1446 2786 1477 2838 in
1497 2784 1645 2839 nonnullis
1659 2783 1812 2838 ammanitis

119 2854 199 2909 neda
213 2853 418 2908 Commentariis
437 2854 529 2906 vidme
551 2854 620 2907 licet.
638 2855 689 2917 Tu,
708 2856 793 2908 antiae
813 2856 917 2917 Lector,
937 2853 987 2909 lroc
999 2856 1019 2909 li
1038 2855 1089 2909 elio
1099 2856 1161 2922 jnm
1171 2857 1294 2925 primurn
1309 2855 1449 2924 publicato
1467 2858 1573 2923 timere,
1592 2858 1617 2908 et
1643 2855 1720 2924 qnod
1737 2855 1813 2917 docet,

119 2937 178 2990 ope.
193 2923 232 2978 At
243 2924 285 2977 mit
298 2923 378 2976 atiud
389 2922 465 2977 docet
476 2938 559 2992 poam
574 2923 647 2994 quod
661 2925 774 2992 onpcios
789 2926 836 2980 ille
852 2926 931 2993 cujus
943 2925 992 2979 hoc
1009 2925 1047 2979 od
1061 2927 1173 2980 Totinm
1188 2930 1214 2980 et
1227 2926 1365 2993 familiam
1377 2929 1529 2982 monitum:
1546 2926 1718 2981 Benedicite
1735 2927 1813 2981 Denn

120 2991 196 3062 coeli,
211 2997 240 3049 et
253 3006 347 3048 coram
361 2992 495 3050 omnihus
508 2993 672 3051 virentibus
686 2993 862 3052 confitemini
874 2994 931 3066 titi,
946 2995 1015 3066 quia
1031 2993 1100 3052 tecit
1112 2995 1260 3052 vobiscum
1276 2997 1504 3053 miscricordiam
1518 3010 1603 3052 snam
1618 2997 1701 3067 (Tac.
1717 3011 1769 3066 ιιι,
1783 2995 1813 3065 tit.

731 3322 952 3396 PRAEFATIO
987 3323 1197 3396 tuicionis

554 3502 608 3565 dd
634 3500 856 3566 Bottericum
879 3500 1070 3583 episcopam
1092 3501 1380 3568 natntoaeusem.

157 3779 278 3836 Domino
302 3792 412 3850 semper
435 3778 465 3834 in
481 3778 601 3835 Christo
615 3776 774 3834 renenndc
792 3774 1065 3837 BarnnnnoAvina
1087 3775 1244 3848 instigante
1258 3777 1360 3849 gratia,
1381 3777 1410 3833 in
1433 3783 1528 3834 vestra
1553 3777 1700 3849 Ecclesia,
1722 3778 1757 3835 ad
1772 3776 1821 3832 hec

124 3868 268 3938 episcopo.
1001 3865 1157 3936 peragenda
1173 3865 1336 3923 studiosius
1349 3866 1523 3922 accendatur
1534 3864 1670 3923 affectus.

158 3958 216 4028 Ego
236 3954 375 4011 desiderii
398 3954 486 4010 vestri
512 3955 636 4024 tiagrans
652 3966 756 4025 amore,
773 3968 880 4011 memor
893 3955 947 4012 be·
1035 3952 1162 4024 Contigit
1178 3953 1254 4008 enim
1269 3967 1312 4009 me
1328 3953 1417 4010 multa
1433 3954 1614 4024 peragrando
1627 3954 1704 4027 loca,
1716 3954 1821 4012 audisse

127 4044 279 4116 nigritatis
298 4048 327 4099 et
345 4043 498 4099 eharitatis
521 4047 631 4105 uestrae,
646 4056 679 4098 ac
697 4043 947 4101 sermocinationis
1000 4041 1099 4098 divina
1120 4039 1211 4097 oisscia
1237 4042 1399 4099 inordinate
1420 4048 1449 4098 et
1472 4042 1536 4098 sine
1556 4043 1682 4103 auditus
1704 4045 1823 4103 delecta-

127 4133 248 4188 inuicem
260 4131 366 4201 saepius
379 4130 494 4200 habitan,
507 4132 543 4187 de
554 4131 660 4187 diuinae
672 4133 821 4189 seruitutis
833 4133 946 4205 officiis,
1002 4129 1081 4186 tione
1096 4128 1249 4186 celebrari.
1268 4131 1341 4187 Sunt
1356 4144 1479 4202 namque
1494 4132 1634 4188 nonnulii
1648 4134 1701 4204 qui
1722 4139 1822 4191 tantus

128 4234 184 4292 qua
196 4219 309 4276 scilicet
321 4219 479 4275 reverentia
491 4223 519 4275 et
534 4219 640 4275 honore
654 4219 774 4276 debeant
789 4221 945 4278 celebrari:
1002 4219 1038 4275 ob
1057 4217 1257 4275 verecundiam
1272 4217 1431 4290 hominum,
1448 4233 1483 4276 ne
1496 4219 1571 4276 torte
1588 4221 1690 4294 ignavi
1708 4221 1745 4278 ab
1760 4220 1824 4293 ipsis

127 4313 290 4365 sanctornm
303 4312 331 4363 et
345 4306 552 4363 venerabilium
566 4307 712 4363 doctorum
728 4321 778 4377 pro
791 4309 949 4381 exiguitate
1000 4307 1177 4378 judicentur,
1207 4307 1346 4365 intrantes
1370 4308 1530 4379 ecclesiam,
1559 4309 1626 4367 sine
1650 4309 1823 4381 antiphonis

128 4412 228 4455 sensns
238 4397 293 4454 mei
303 4403 485 4467 perscrutans
495 4396 620 4467 etoquia,
632 4397 790 4467 exquibus,
803 4411 859 4467 qua
870 4399 947 4455 valui
1002 4398 1111 4453 cursim
1126 4404 1154 4454 et
1173 4397 1251 4454 omni
1265 4411 1330 4452 cunr
1350 4397 1509 4467 velocitate,
1525 4402 1558 4454 nt
1568 4398 1664 4456 citius
1679 4400 1717 4456 ad
1734 4411 1823 4456 curan

130 4487 279 4557 brevitate,
295 4486 432 4556 quosdam
446 4482 584 4555 colligens
599 4484 744 4555 flosculos,
760 4484 841 4543 vobis
855 4486 948 4543 obtuli
1003 4487 1099 4543 carnis
1113 4491 1215 4542 exeant
1237 4485 1434 4557 peragendam,
1454 4487 1565 4542 divinis
1585 4488 1770 4560 negligenter
1783 4500 1826 4542 as-

129 4576 303 4647 relegcndos,
327 4578 469 4644 quamnus
491 4577 583 4628 restro
604 4572 701 4628 studio
717 4587 817 4646 magna
838 4589 872 4631 ex
888 4575 950 4631 illis
1003 4575 1111 4632 sistunt
1124 4574 1270 4643 laudibus,
1282 4588 1348 4631 aunt
1362 4575 1391 4630 in
1406 4576 1560 4632 mundanis
1570 4576 1703 4633 studiosi
1715 4576 1825 4633 habeam

128 4666 255 4722 suauitas
281 4667 405 4733 accepta,
435 4661 547 4716 divinis
570 4659 706 4717 otieratnr
736 4664 948 4733 conspectibus.
1005 4664 1213 4734 tnroperions.
1236 4663 1292 4732 Qui
1307 4663 1449 4731 nesciunt,
1467 4661 1535 4733 quia
1550 4665 1645 4720 sancti
1659 4664 1826 4722 doctoreset

128 4755 201 4810 Sunt
222 4752 297 4807 enin
315 4751 437 4807 maxime
451 4763 485 4805 ex
500 4748 677 4806 Pmtmorurn
693 4752 882 4824 expositione,
899 4756 948 4825 qni
1004 4752 1166 4809 eruditores
1186 4751 1331 4821 Ecclesia,
1357 4757 1455 4808 sancto
1476 4751 1590 4821 Spiritu
1615 4758 1646 4810 et
1666 4755 1764 4825 gratia
1784 4752 1825 4809 Dei

129 4841 252 4914 quodam
272 4838 423 4910 priuilegio
438 4837 560 4894 Deitatis
574 4839 679 4895 sacrati
696 4838 836 4896 habentur
851 4841 950 4899 laudi·
1005 4839 1116 4911 repleti,
1128 4840 1318 4896 instituerunt
1329 4839 1551 4896 modulationem
1563 4839 1595 4896 in
1605 4841 1825 4912 antiphonarum

129 4931 192 4999 bns,
209 4928 281 4998 ipsa,
305 4940 439 4998 perparva
455 4931 586 4996 excerpta
610 4927 754 4997 capitula:
771 4943 843 4998 quos
857 4931 948 4987 sancti
1004 4928 1046 4985 vel
1061 4929 1309 4998 responsoriorum
1321 4928 1490 4999 repetitione
1501 4928 1757 5002 honestissimam,
1771 4945 1827 5003 que

129 5019 226 5074 Patres
254 5015 345 5070 nostri
371 5021 399 5070 et
427 5016 558 5071 doctores
585 5015 719 5071 Ecclesia
744 5019 946 5086 exposuerint,
1005 5023 1088 5073 tenus
1100 5017 1152 5073 hac
1166 5016 1319 5073 dulcedine
1330 5017 1446 5073 animus
1458 5016 1647 5074 audientium
1660 5019 1825 5090 delectatos,

127 5107 317 5175 Hieronymus
331 5102 473 5165 videlicet,
485 5103 676 5175 angustinus,
689 5104 878 5161 Cassiodorus
894 5121 949 5162 ma·
964 5099 987 5159 B
1003 5106 1037 5162 ad
1051 5105 1101 5161 Dei
1115 5105 1213 5161 landes
1227 5112 1256 5161 et
1268 5118 1392 5161 amorem
1408 5104 1535 5162 scelestis
1553 5108 1661 5177 patriae
1683 5111 1827 5167 ardentius

127 5189 446 5268 gnnseteloqnensvir:
459 5191 506 5245 sed
516 5197 544 5246 et
554 5192 656 5249 isidori
668 5194 704 5248 de
713 5192 888 5264 antiphonis
899 5197 947 5252 lte-
1003 5193 1212 5249 accenderetur.
1231 5192 1400 5262 Hujusmodi
1411 5206 1476 5249 vero
1487 5192 1560 5250 tales
1574 5207 1633 5251 non
1645 5197 1747 5254 solnm
1764 5198 1828 5254 alios

127 5281 353 5355 speramusque,
370 5281 398 5333 et
412 5277 480 5332 aliis
496 5278 599 5334 mous:
623 5281 702 5336 Beda
717 5295 831 5352 qnoque
844 5284 944 5341 eximii
1001 5282 1035 5337 ad
1051 5283 1141 5338 Deum
1161 5282 1336 5338 laudandum
1354 5282 1562 5353 necomitam,
1576 5285 1629 5341 sed
1643 5298 1700 5343 nce
1714 5287 1825 5359 seipsos

127 5368 256 5445 magistri
270 5366 380 5424 inserui
394 5364 512 5428 monita,
527 5372 558 5420 nt
570 5367 645 5435 qnod
658 5375 817 5426 reverenter
830 5371 944 5427 interim
1002 5368 1075 5439 Quia
1088 5370 1113 5427 si
1127 5370 1190 5427 sine
1199 5368 1372 5428 uerecundia
1385 5369 1561 5441 potuissent,
1575 5370 1700 5442 penitus
1711 5375 1829 5431 dimitte

125 5461 223 5533 agitis,
239 5460 385 5528 perspecta
399 5456 512 5511 Patrem
528 5453 709 5523 auctoritate,
725 5455 881 5515 ferventior
894 5459 945 5516 di·
1002 5464 1074 5515 rent.
1190 5521 1194 5528 .
