3876 6090
110 200 182 262 tait
551 205 696 262 APPEND.
717 206 764 261 Ab
782 204 862 261 SAEC.
884 203 932 260 lx.
952 233 989 244 -
1013 201 1192 259 AUCTORES
1217 200 1385 259 ANONYbss.

183 329 292 385 bobine
307 331 402 386 docem
417 335 503 402 atque
519 344 616 387 novem
951 334 981 395 Α
1095 326 1211 398 cyclum
1229 326 1314 383 nobis
1332 325 1464 395 tradidit,

219 420 363 475 ,tonorum
383 420 574 476 constituitur
1096 417 1263 473 Communis
1278 422 1306 471 ot
1320 415 1536 471 imbolissimus

218 508 341 577 Tempus
353 514 472 578 certum,
488 522 544 578 quo
557 507 670 564 lunaris
1097 506 1148 560 Jus
1159 504 1294 561 Pascbale
1312 503 1448 560 reddidit.

219 595 371 651 Terminus
391 597 562 667 porrigitur,
1098 594 1305 650 sanctissimus
1322 594 1381 663 ipse
1395 591 1484 648 abbas

220 685 250 738 lu
266 698 323 754 quo
337 684 404 740 luna
419 684 597 754 replicantur
1099 683 1177 738 biom
1193 682 1285 738 saltus
1302 685 1447 745 memorat,

220 772 312 829 Cursu
327 773 448 843 quodam
464 771 568 827 subtili
1099 771 1204 840 Quinis
1218 771 1301 827 denis
1317 768 1510 825 Kalendarum

218 862 318 917 Decies
333 862 416 932 quini
430 862 587 933 quinquies
605 861 673 916 noni
1099 860 1186 931 blagii
1202 862 1454 926 demonstraverat,

221 950 312 1006 Simul
332 951 432 1021 quinis
447 950 562 1006 circuli.
1098 948 1257 1004 calculavit
1273 961 1361 1004 unum
1376 948 1451 1003 diem

186 1040 258 1094 lluic
273 1040 371 1109 cyclus
387 1045 419 1094 ut
432 1039 524 1110 exigit
1100 1038 1148 1092 llis
1159 1042 1169 1061 ·
1180 1037 1316 1092 obtimini
1333 1036 1461 1102 termini,

221 1128 426 1183 perscrutando
443 1128 516 1183 ratio
1099 1128 1139 1181 Ne
1151 1127 1260 1182 deesset
1277 1125 1349 1181 idem
1368 1138 1472 1180 munus

220 1216 334 1287 Semper
349 1216 622 1285 partesdiessaltus
1099 1213 1438 1271 Primoanuocommuni

222 1305 370 1359 lnterserlt
384 1304 479 1373 spatio
1101 1306 1158 1360 lloc
1174 1307 1360 1374 augmentum
1372 1302 1397 1356 si
1411 1299 1575 1357 concrescit

220 1394 249 1447 ln
266 1393 405 1449 duodenae
421 1393 496 1450 bora
512 1393 567 1449 dne
1100 1391 1247 1448 blensibus
1262 1390 1440 1461 plurissimis

221 1482 365 1538 Percurrit
381 1483 518 1538 incensio.
1100 1480 1284 1548 ducentenis,
1300 1484 1386 1549 atque
1405 1477 1507 1549 quinis

219 1570 267 1624 Sic
284 1577 424 1627 momento
442 1578 542 1641 rprater
556 1573 643 1628 ducto
1104 1572 1159 1626 Nec
1174 1582 1230 1625 non
1243 1574 1272 1624 et
1286 1568 1455 1639 trigesimis.

218 1659 310 1715 Cursu
325 1662 334 1682 ·
347 1674 457 1729 semper
473 1668 642 1717 menstruos.
1100 1659 1192 1715 Gracci
1207 1659 1320 1729 dicunt,
1335 1662 1364 1713 et
1377 1657 1503 1729 AEgyptii

104 1802 112 1815 ,
222 1749 254 1802 Et
270 1749 404 1804 momenti
420 1750 558 1805 duodenae
1099 1750 1139 1805 De
1157 1748 1232 1804 saltu
1252 1746 1414 1804 certissima

222 1836 327 1890 Addita
346 1838 487 1906 particula
1101 1840 1130 1893 ln
1150 1836 1273 1894 undenis
1293 1835 1484 1891 Kalendarum

221 1924 273 1978 l‘er
288 1937 438 1980 mensuum
456 1925 655 1983 duodenorum
1099 1928 1203 1997 Epacla
1217 1925 1366 1995 trigesima

220 2012 340 2084 Singula
355 2014 502 2070 curricula
1100 2016 1130 2070 ln
1147 2014 1258 2070 Latinis
1271 2013 1348 2069 diem
1363 2012 1457 2068 saltus

223 2100 316 2156 ltomi
333 2103 528 2171 superadditis
1099 2105 1257 2159 llemorant
1272 2102 1303 2156 in
1316 2099 1480 2171 quindecim

220 2189 384 2245 Ducenteno
400 2204 519 2247 numero
1099 2191 1161 2246 Kal.
1178 2190 1306 2247 Deccmb.
1323 2188 1534 2245 concelebrant.

221 2278 365 2349 Trigesies
379 2286 407 2333 et
420 2280 577 2350 quinquies
1063 2283 1155 2352 Hujus
1168 2280 1240 2352 cycli
1257 2293 1323 2350 pars
1336 2282 1455 2335 uocatur

221 2367 312 2422 bucto
327 2368 488 2423 eorumdem
510 2369 635 2427 cumulo.
1099 2370 1213 2444 Ogdoas
1231 2368 1369 2438 anterior,

185 2456 282 2513 Saltus
297 2456 372 2513 lunc
387 2460 577 2528 supercrescit
652 2480 659 2495 ·
1100 2459 1257 2516 leucinde
1272 2457 1434 2528 appellatur

221 2545 313 2600 Cursu
328 2547 523 2602 subtilissimo
1100 2549 1226 2605 Endecas
1242 2547 1371 2604 ulterior.

222 2634 384 2689 bucentcno
402 2648 494 2690 mense
510 2636 599 2705 quino
1100 2638 1227 2710 ogdoadi
1243 2636 1419 2707 deputantur

222 2722 335 2775 Necnon
351 2725 379 2776 et
395 2723 552 2792 trigesimo.
1100 2727 1170 2784 Octo
1185 2725 1253 2782 anni
1270 2725 1390 2795 priores.

221 2809 275 2875 Qui
292 2809 334 2862 sie
348 2808 416 2863 tlnnt
429 2815 530 2878 quater
543 2809 624 2864 ducti
1100 2814 1260 2873 Endecadis
1275 2813 1387 2870 undena

222 2893 356 2949 Efficiuut
368 2896 516 2951 cumulum
1101 2903 1308 2976 comprobatur
1326 2901 1414 2958 series

223 2982 426 3040 llomentornm
443 2991 649 3055 nongentorum
1102 2997 1132 3049 ln
1148 2993 1201 3049 boc
1215 3005 1303 3048 cursu
1317 2990 1390 3047 bunt
1404 2990 1472 3045 anni

222 3071 416 3142 Quadraginta
432 3076 466 3130 ad
483 3075 641 3131 cumulum.
1100 3082 1271 3138 Communes
1285 3078 1450 3135 duodecies.

187 3158 298 3227 Quibus
312 3162 410 3229 puncti
425 3161 497 3218 liunt
509 3163 606 3219 cuncti
1100 3171 1176 3226 Anni
1193 3182 1258 3225 vero
1272 3166 1462 3224 embollissim

223 3248 276 3303 Sex
291 3254 319 3304 et
332 3263 428 3306 nouem
445 3251 540 3308 decies
1101 3258 1300 3328 subputantur
1313 3256 1428 3327 septies.

224 3339 427 3394 llomentorum
450 3346 657 3411 nongentorum
1101 3349 1153 3403 Per
1166 3348 1303 3403 decernet
1318 3358 1415 3401 nouem
1430 3357 1524 3400 annos

223 3427 315 3495 ,itque
326 3427 420 3482 docum
438 3430 541 3500 senius,
1100 3433 1297 3492 Hic-calculus
1316 3432 1445 3489 tenditur

224 3515 311 3569 lionis
331 3516 414 3572 nonis
426 3518 511 3574 annis
524 3520 622 3575 ductis
1100 3529 1130 3582 ln
1144 3524 1273 3580 cumdem
1289 3522 1364 3578 luna
1378 3535 1496 3577 cursum

225 3601 334 3657 liabent
351 3618 435 3659 suum
454 3606 578 3675 spatium
1099 3611 1202 3684 Cyclus
1216 3611 1370 3667 revertitur

224 3691 290 3744 Dies
305 3691 376 3746 solis
391 3698 476 3763 atque
492 3693 568 3750 lunae
1099 3701 1152 3756 Sex
1168 3699 1263 3754 millia
1280 3700 1488 3770 nongentorum

224 3778 345 3848 AEqnum
361 3783 471 3848 pondus
488 3783 622 3851 partium.
1099 3788 1288 3843 Triennarum
1306 3785 1454 3841 biennium

189 3866 345 3935 Dionysius
359 3872 486 3924 attentus
1100 3877 1204 3948 Bisque
1219 3875 1307 3931 trinis
1323 3875 1521 3944 supramissis.

800 4000 915 4069 Reliqua
939 3999 1140 4054 deairlcrnnlm·.

804 4281 1134 4392 HISTORIA

418 4474 765 4560 luluslnllollls
808 4475 1026 4564 CORPORIS
1069 4479 1104 4564 S.
1152 4476 1356 4562 CORNELII
1392 4475 1522 4561 Plelo

784 4633 880 4713 Apud
909 4633 1158 4712 compendium.

130 4781 244 4834 bercer.
262 4784 369 4837 ltccueil
379 4784 412 4837 de
424 4783 518 4837 (liuere
532 4785 612 4838 irrita
625 4798 696 4853 pour
709 4783 796 4836 servir
810 4781 1077 4836 ‹l’dcloirciascments
1093 4785 1110 4837 n
1124 4783 1261 4838 l’llisloirc
1276 4783 1309 4836 dc
1323 4784 1441 4849 Fruncc3
1456 4790 1636 4838 morruments
1660 4785 1821 4852 historiques

665 4870 713 4907 sur
732 4853 925 4920 tllnrrlemnpne
940 4857 965 4907 et
976 4852 1086 4907 Cborles
1102 4856 1125 4908 lc
1140 4854 1271 4923 Gnarum.)

846 5077 1088 5147 orontium.

865 5217 1067 5228 ——-

153 5324 183 5377 le
197 5322 253 5377 n’ai
270 5333 318 5390 pns
334 5320 377 5375 dte
391 5321 441 5375 des
456 5321 586 5377 derniers
600 5323 616 5378 a
632 5338 765 5394 marquer
779 5325 818 5381 du
834 5326 942 5395 mepris
997 5324 1137 5381 cbanoine
1149 5325 1184 5380 de
1197 5325 1286 5394 Paris,
1304 5323 1330 5380 le
1341 5311 1389 5380 cas
1404 5323 1475 5395 qu’il
1489 5338 1525 5380 en
1539 5323 1641 5383 lallait
1654 5326 1738 5385 taire
1754 5328 1775 5383 ll
1785 5330 1822 5382 est

120 5407 193 5516 Bone
215 5393 240 5448 le
259 5391 590 5492 Mill'll'lfobtgbffhgssllicat!
610 5394 644 5448 de
656 5395 696 5451 du
714 5396 845 5497 saussay.
865 5397 941 5497 ll'pa
1000 5397 1102 5477 inutile
1121 5397 1156 5451 de
1171 5397 1299 5497 rappeler
1318 5395 1398 5479 icile
1408 5397 1559 5468 jugement
1577 5411 1638 5468 que
1654 5399 1821 5483 d’autrcseu

141 5478 185 5520 reri
197 5464 247 5518 des
259 5465 362 5518 anaides
376 5478 430 5533 que
438 5479 448 5532 J
460 5478 487 5518 aa
501 5477 600 5531 npprm
610 5465 645 5517 de
661 5464 707 5520 leu
722 5468 755 5522 bl.
767 5467 941 5537 cnastelnn,
999 5474 1111 5522 ararent
1132 5469 1210 5536 prorue
1221 5476 1306 5523 ararit
1322 5468 1374 5522 lur.
1391 5467 1486 5523 Andre
1504 5467 1547 5524 du
1562 5468 1693 5542 saussay
1710 5473 1822 5526 derivant
