3876 6090
123 208 193 267 ⁴959
565 204 711 262 APPEND.
731 204 779 260 Ab
795 202 879 261 SAEC.
898 202 948 260 IX.
963 230 999 245 -
1010 201 1193 262 adelomus
1211 203 1381 263 mortuui.
1762 201 1827 262 ibeo

120 331 206 402 iilic,
224 332 252 387 et
270 330 305 386 de
320 328 374 386 boc
388 329 468 386 misit
487 329 621 403 grandem
640 340 765 387 errorem
785 342 834 400 per
848 326 943 384 omnia
958 326 1062 388 Ateus
1084 328 1160 385 Dens
1179 342 1231 387 sua
1255 344 1305 386 vos
1329 330 1506 402 protectione
1529 329 1689 400 custodiat,
1710 333 1795 400 atque
1813 340 1826 382 a

122 418 306 490 monasteria,
326 422 355 476 et
374 418 539 491 requirebat
558 418 641 475 iidem
662 425 788 475 nostram
807 422 835 473 et
854 414 945 471 libros
1002 416 1119 485 peridis
1139 417 1273 473 omnibus
1299 431 1417 490 regnum
1443 422 1569 476 restrum
1596 417 1646 475 sui
1666 416 1826 474 extensione

123 515 246 581 nostros,
264 515 293 566 et
306 508 342 565 de
355 508 473 565 domino
486 508 625 580 Gregorio
638 507 713 563 dicit
727 506 801 578 quod
817 518 873 562 non
886 504 947 561 sint
1001 505 1113 562 bracbii
1126 506 1269 577 delendat,
1283 521 1389 578 vosque
1403 513 1466 578 post
1481 508 1567 580 longe
1582 520 1727 564 annorum
1744 507 1827 564 curri.

123 599 282 672 recipiendi
295 596 445 671 ejuslibrl.
459 597 537 655 Unde
548 596 748 668 iterum'atque
758 596 873 664 iterum,
884 604 947 650 san·
1000 594 1065 652 cula
1079 596 1115 652 ad
1138 596 1242 669 gaudia
1254 600 1358 653 eterna
1374 596 1519 667 perducat.
1536 595 1710 653 piissimum
1721 594 1824 651 domini

121 689 265 759 ctePater,
281 688 425 744 interram
438 686 572 757 prostrati
590 700 655 742 cum
672 682 806 756 lacrymis
824 680 947 754 postula·
1000 682 1093 739 Caroli
1116 684 1269 755 imperium
1289 685 1381 757 gratia
1406 699 1530 756 superna
1559 683 1721 755 custodiat,
1751 683 1826 754 eique

57 763 60 772 ¹
123 791 187 835 mus
199 784 228 835 et
240 791 372 849 rogamus
385 781 412 832 te
425 789 474 846 per
487 776 596 831 Patrem
607 780 635 831 et
646 774 751 831 Filium
767 778 795 831 et
807 772 947 843 Spiritum
1003 772 1131 830 omnium
1151 775 1280 845 gentium
1299 774 1373 832 colla
1393 773 1568 830 substernat.

122 871 263 939 sanctum,
278 866 328 938 qui
339 863 684 935 trinitasinseperabilis
695 862 901 931 unnsdicitur,
916 865 948 917 ut
1037 862 1138 932 incipit
1156 861 1312 930 Symbolum
1332 863 1488 918 orthodone
1505 863 1572 932 fidei
1587 863 1690 916 Leonis
1707 877 1794 932 pope.

122 956 252 1029 digneris
265 955 413 1028 inquirere
426 957 483 1010 tam
497 953 527 1009 iu
542 954 640 1010 Greoo
654 965 739 1024 quam
751 952 781 1008 in
798 949 899 1007 latim
912 948 948 1005 de
1038 950 1092 1005 iso
1104 950 1257 1021 episcopus
1267 965 1366 1009 servus
1376 964 1521 1009 servorum
1531 951 1582 1008 liei
1594 950 1825 1008 omnibnsoriem

122 1046 230 1103 sanctis
243 1044 377 1101 Patribus
386 1040 436 1114 qui
447 1040 611 1113 Symbolum
622 1044 845 1112 composuerunt
858 1037 946 1094 istum
1003 1035 1110 1095 talibus
1121 1038 1269 1097 Ecclesiis.
1283 1042 1340 1097 lloc
1352 1040 1511 1111 symbolum
1528 1039 1701 1097 orthodoxe
1714 1039 1778 1096 iidei
1788 1054 1825 1097 ro·

122 1147 278 1192 sermonem
294 1131 343 1188 ubi
359 1132 469 1189 dicitnr
484 1147 517 1186 ee
536 1131 615 1185 Patre
629 1130 752 1200 Filioque
762 1127 896 1199 procedit.
913 1127 948 1181 ut
1002 1125 1049 1183 bis
1062 1126 1206 1185 mittimus
1217 1133 1250 1184 ut
1259 1136 1314 1186 tam
1327 1143 1377 1187 ros
1388 1143 1472 1202 quam
1487 1130 1583 1187 omnis
1597 1129 1824 1186 mumdusseouu-

122 1225 151 1281 in
171 1224 267 1280 Grecc
288 1234 343 1278 non
362 1221 465 1277 dicunt
483 1220 560 1276 sicut
580 1233 641 1290 uos,
662 1219 709 1275 sod
727 1217 829 1275 dieunt
847 1216 896 1285 qui
914 1228 949 1268 ee
1001 1215 1069 1271 dum
1086 1218 1239 1274 itomanam
1262 1223 1387 1276 sanctam
1409 1218 1581 1276 catholicam
1597 1223 1626 1275 et
1643 1216 1824 1289 apostolicam

121 1314 204 1366 Potre
218 1310 355 1381 procedit,
375 1314 404 1364 ct
423 1308 523 1365 vident
544 1308 632 1366 istum
655 1319 812 1364 sermonem
834 1315 946 1376 gravem
1001 1303 1156 1361 Ecclesiam
1191 1309 1295 1363 rectam
1324 1314 1353 1363 et
1381 1308 1548 1364 inviolatam
1582 1307 1712 1363 teneatis
1740 1306 1823 1363 idem.

120 1412 204 1470 quem
225 1412 275 1454 nos
291 1397 418 1453 dicimus
437 1397 465 1451 in
485 1396 595 1452 Latino.
612 1396 648 1452 Et
666 1394 799 1452 mandare
817 1383 961 1464 digneris
1000 1392 1150 1450 Credimus
1169 1400 1295 1452 sanctam
1317 1396 1496 1467 Trinitatem,
1513 1395 1541 1451 id
1562 1401 1618 1467 est,
1638 1395 1763 1465 Patrem,
1781 1395 1822 1450 Fi-

120 1489 225 1545 domno
236 1486 337 1542 Carolo
351 1485 516 1556 imperatori
528 1485 589 1541 tillo
601 1487 695 1541 vestro
706 1482 779 1554 quod
794 1495 846 1540 nos
858 1481 946 1537 istum
1001 1479 1084 1551 lium,
1103 1486 1131 1538 et
1150 1483 1289 1553 Spiritum
1312 1485 1677 1555 sanctum,uuum1)eum
1700 1483 1827 1554 omnipo-

121 1588 277 1633 sermcnem
300 1574 330 1628 in
350 1575 413 1643 ejus
431 1572 539 1644 capella
562 1573 738 1642 audivimus,
757 1573 805 1641 qui
818 1570 947 1625 eecPotre
1001 1573 1116 1640 tentem,
1140 1572 1228 1628 unius
1254 1572 1433 1645 substantie,
1460 1574 1549 1630 unius
1571 1572 1720 1643 essentie,
1746 1573 1827 1630 unius

120 1665 244 1733 Filioque
259 1662 391 1734 procedit.
413 1664 448 1718 ut
467 1674 520 1718 uos
539 1661 587 1718 bic
606 1675 702 1719 servos
724 1664 835 1717 vestros
853 1663 985 1733 certosss
1002 1660 1152 1729 potestatis
1180 1660 1341 1718 Creatorem
1361 1662 1489 1720 omnium
1510 1665 1727 1734 creaturarum,
1744 1675 1827 1732 aquo

121 1752 213 1809 iacere
226 1751 366 1823 digneris,
379 1751 447 1821 quia
460 1749 540 1807 nulla
553 1750 662 1821 species
673 1750 760 1820 bajus
774 1747 946 1805 sacramenti
1002 1747 1107 1818 omnia,
1133 1762 1182 1819 per
1201 1763 1285 1820 quem
1306 1751 1411 1818 omnia,
1434 1751 1464 1807 in
1482 1764 1539 1822 quo
1556 1751 1671 1820 omnia,
1691 1751 1827 1807 Patrema

120 1846 178 1898 tam
203 1840 287 1897 uobis
307 1838 442 1895 amabilis
460 1839 592 1895 rideatur
610 1851 696 1908 quam
715 1843 832 1895 sauctus
854 1842 947 1893 vester
1001 1849 1032 1892 sc
1052 1836 1125 1908 ipso,
1152 1850 1209 1894 non
1235 1838 1271 1894 ab
1299 1838 1367 1910 alic,
1400 1839 1547 1896 liliuma
1576 1840 1664 1896 Patre
1694 1839 1825 1912 genitum,

120 1930 218 1986 vultus
236 1934 265 1985 et
283 1933 381 1985 sancta
399 1927 492 1984 oratio
510 1931 539 1984 et
554 1927 717 1999 deprecatio
740 1940 791 1984 seu
811 1925 947 1983 memoria
1001 1925 1201 1983 Deumverum
1218 1927 1326 1984 debeo
1343 1942 1419 2002 vero,
1438 1927 1534 1985 lumen
1552 1941 1656 1985 rerum
1674 1928 1827 1985 delumine

121 2024 223 2075 restra.
241 2017 321 2074 Unde
337 2021 366 2073 et
381 2016 537 2087 poscimus,
560 2015 768 2089 benignissime
788 2016 880 2086 Pater,
896 2029 947 2071 ve-
1001 2026 1077 2086 vero,
1101 2028 1157 2071 non
1184 2020 1277 2073 tamen
1304 2017 1362 2074 duo
1386 2017 1507 2089 lumina,
1533 2019 1583 2074 sed
1607 2031 1704 2074 unum
1726 2017 1823 2073 lumen.

121 2113 210 2165 stram
227 2106 439 2164 sanctissimam
460 2107 593 2177 pietatem
610 2110 643 2164 ut
660 2106 712 2162 bos
727 2119 823 2162 servos
837 2110 947 2162 vestros
1000 2102 1142 2172 Spiritum
1157 2110 1289 2162 sanctum
1301 2119 1318 2162 a
1332 2107 1414 2163 Patre
1429 2112 1485 2163 eta
1503 2106 1581 2163 Filio
1596 2106 1753 2177 equaliter
1772 2120 1826 2176 pro·

121 2200 254 2255 loannem
279 2195 487 2268 presbyterum,
503 2196 618 2267 quando
639 2196 696 2252 lieo
712 2195 890 2268 gubernante
910 2194 945 2252 ad
1001 2192 1156 2265 cedentem,
1172 2195 1446 2252 consubstantialem
1462 2200 1640 2252 coeternum
1654 2196 1735 2253 Patri
1745 2197 1824 2252 etii-

119 2291 327 2343 sacrosanctam
340 2290 461 2342 vestram
474 2285 641 2357 gravitatem
655 2285 845 2356 pervenerint,
862 2283 948 2340 beni-
1002 2279 1052 2337 llo.
1069 2282 1151 2339 Pater
1170 2282 1272 2354 plenus
1288 2285 1364 2341 Deus
1382 2285 1412 2340 iu
1431 2299 1471 2342 se.
1489 2283 1585 2341 Filius
1606 2285 1715 2356 plenus
1728 2286 1826 2342 beon

119 2389 173 2446 gne
185 2375 332 2446 suscipere
345 2374 505 2446 dignemini
520 2378 549 2431 et
564 2373 648 2431 nobis
660 2374 752 2430 servis
765 2374 869 2430 vestris
880 2386 947 2430 cer-
1000 2370 1082 2427 Patre
1097 2372 1222 2443 genitus,
1237 2373 1364 2443 Spiritus
1375 2377 1492 2431 sanctus
1509 2374 1614 2443 plenus
1630 2375 1710 2431 Deus
1724 2388 1741 2431 a
1754 2375 1826 2432 Patre

120 2470 182 2521 tum
198 2464 362 2522 mandatum
376 2463 512 2536 dirigere.
528 2463 765 2519 Commendamus
776 2475 829 2519 nos
843 2458 946 2519 bomi-
999 2464 1029 2514 et
1038 2459 1112 2516 Filio
1124 2461 1287 2531 procedens.
1299 2463 1361 2518 Non
1373 2466 1466 2519 emen
1480 2468 1538 2518 tres
1547 2463 1620 2520 deos
1632 2463 1772 2536 dicimus,
1783 2465 1825 2521 scd

120 2553 215 2623 nicus,
232 2552 407 2622 Theodorus,
425 2551 615 2624 arimundus,
628 2551 795 2623 Gregorius.
809 2552 943 2621 loannes,
1001 2561 1090 2606 unum
1105 2552 1193 2606 Deum
1213 2551 1447 2624 omnipotentem,
1469 2557 1623 2625 eternum,
1640 2553 1824 2624 invisibilem,

119 2642 184 2711 leo,
200 2647 228 2697 et
246 2640 341 2696 omnis
359 2641 544 2713 congregatio
557 2640 593 2696 de
609 2643 703 2696 monte
721 2646 820 2695 sancto
838 2637 942 2695 Olivetl
1001 2637 1276 2712 incommutabilem,
1303 2641 1353 2712 qui
1382 2645 1460 2699 totus
1486 2647 1530 2700 est
1556 2640 1672 2714 ubique
1698 2657 1825 2716 presens,

120 2729 242 2787 bumilis
253 2729 328 2786 servi
343 2729 429 2785 vestri
441 2729 546 2785 vestris
556 2729 648 2785 saeris
659 2741 692 2785 ac
706 2730 763 2785 lieo
776 2728 875 2800 dignis
884 2740 945 2784 ora·
1002 2740 1058 2784 nou
1079 2741 1128 2798 per
1144 2736 1239 2799 partes
1257 2729 1379 2800 divisus,
1398 2731 1447 2787 sed
1465 2735 1544 2789 totus
1559 2731 1590 2788 in
1612 2732 1763 2804 omnibus,
1776 2747 1825 2791 non

119 2817 260 2874 tionibus.
284 2819 360 2873 Deus
378 2821 407 2872 et
425 2816 565 2872 boninus
590 2820 686 2873 noster
705 2822 742 2887 te,
763 2816 945 2872 sanctissime
1001 2814 1141 2889 localiter,
1161 2818 1209 2874 sod
1231 2820 1429 2890 personaliter,
1449 2821 1500 2892 qui
1521 2821 1586 2877 sine
1603 2824 1826 2880 commutatiom

119 2907 211 2976 Pater,
232 2919 298 2962 cum
319 2903 456 2961 omuibus
478 2905 539 2962 tuis
557 2905 592 2962 ad
612 2905 815 2962 exaltationem
838 2910 944 2962 sancte
998 2905 1045 2961 sui
1069 2906 1220 2981 mutabilia
1246 2908 1353 2964 creavit
1375 2914 1403 2965 et
1421 2913 1514 2966 creata
1542 2909 1700 2982 gubernat,
1725 2925 1825 2983 semper

117 3008 178 3051 sue
196 2992 330 3050 Ecclesie
346 2999 375 3049 et
389 2992 425 3049 ad
439 2991 560 3050 salutem
578 2993 683 3050 anime
702 2998 759 3051 tue
778 2993 852 3050 etad
870 2993 980 3066 gau-G
999 3007 1115 3051 manens
1129 2995 1157 3051 id
1174 2996 1249 3067 quod
1262 3001 1313 3066 est,
1332 2997 1380 3054 cui
1395 2997 1471 3054 nibil
1485 2998 1623 3056 accidens
1638 3013 1706 3057 esse
1718 3001 1824 3072 poterit,

115 3081 198 3138 dium
211 3086 340 3139 nostrum
354 3093 461 3152 regere,
478 3088 635 3154 protegere,
650 3086 679 3138 et
691 3082 738 3153 pia
759 3082 943 3139 miseratione
999 3086 1067 3156 quia
1077 3083 1205 3155 simplici
1215 3084 1380 3143 divinitatis
1393 3090 1502 3143 nature
1512 3087 1590 3144 nibil
1601 3088 1673 3144 addi
1685 3089 1733 3146 rel
1742 3077 1839 3147 minti

117 3168 293 3227 inomnibus
306 3174 334 3227 et
344 3182 394 3241 per
408 3170 505 3226 omnia
519 3171 665 3228 custodire
676 3170 823 3243 dignetur,
840 3170 890 3241 qui
901 3169 944 3227 di·
1000 3178 1100 3245 potest,
1121 3175 1190 3245 quia
1209 3188 1320 3246 semper
1338 3176 1413 3247 quod
1431 3181 1485 3243 est,
1502 3177 1551 3235 cni
1569 3191 1690 3250 semper
1708 3180 1823 3251 prinum

115 3257 193 3317 citur
210 3256 378 3316 benedictus
397 3259 428 3314 in
448 3257 562 3316 secula.
998 3268 1052 3331 est,
1065 3263 1114 3318 cui
1127 3263 1334 3334 sempiternum
1348 3269 1402 3336 est,
1416 3265 1463 3322 cui
1478 3266 1553 3322 idem
1571 3271 1712 3340 estesse,
1730 3269 1822 3341 virere

294 3349 345 3404 leo
360 3348 438 3418 Papo
455 3349 500 3403 lll
517 3348 611 3406 ceroto
628 3349 762 3417 Augusto.
997 3357 1026 3407 et
1039 3351 1209 3423 intelligere.
1228 3353 1262 3407 Et
1272 3352 1331 3409 bec
1345 3353 1401 3410 tria
1416 3364 1492 3412 unus
1505 3355 1592 3413 Deus.
1609 3357 1679 3415 lies
1689 3359 1751 3415 tria
1761 3359 1822 3416 idem

150 3437 272 3495 Domino
286 3436 421 3506 piissimo
435 3442 464 3493 et
473 3437 658 3494 serenissimo
671 3436 774 3494 victori
787 3450 820 3494 ac
833 3436 943 3494 trium·
996 3439 1072 3496 Deus
1091 3444 1119 3496 et
1136 3441 1288 3514 Dominus,
1308 3455 1374 3499 vera
1397 3446 1426 3500 et
1444 3444 1626 3514 sempiterna
1646 3447 1781 3504 Trinitas
1798 3448 1821 3503 in

116 3526 229 3598 pbatori
257 3525 318 3582 illio
343 3526 466 3582 armatori
493 3526 543 3581 Dei
565 3531 592 3582 et
616 3526 732 3582 Domini
759 3525 851 3583 nostrl
875 3527 941 3582 lesu
995 3529 1137 3601 personis,
1158 3543 1223 3586 vero
1242 3536 1270 3587 et
1289 3531 1462 3603 sempiterna
1483 3533 1583 3590 unitas
1602 3534 1635 3591 lu
1654 3535 1820 3606 substantia,

113 3614 222 3672 Cbristi
242 3614 350 3670 Csnouo
368 3617 498 3685 Augusto
520 3615 574 3670 Luc
588 3615 741 3684 episcopus
760 3628 860 3670 servus
876 3627 941 3669 ser·
994 3616 1063 3688 quia
1085 3630 1142 3677 urta
1160 3623 1205 3675 est
1217 3619 1382 3678 substantia
1397 3623 1478 3678 Pater
1495 3625 1525 3678 et
1542 3621 1645 3680 Filius
1660 3627 1694 3681 et
1707 3625 1821 3696 Spiritus

114 3717 213 3761 rorum
232 3703 294 3759 bei.
312 3702 415 3759 Omnia
434 3716 498 3774 que
510 3703 545 3759 de
562 3701 689 3775 singulis
707 3702 841 3772 partibus
855 3702 939 3759 nobis
993 3708 1272 3778 sanctus.lllecrero
1287 3713 1382 3766 sancta
1397 3710 1524 3767 Trinitas
1540 3711 1680 3770 nibilest
1693 3713 1727 3772 in
1740 3714 1820 3772 tribus

114 3792 251 3848 accidunt
263 3803 376 3847 neccsse
388 3799 431 3847 est
447 3796 478 3846 ut
492 3799 594 3846 vestre
610 3790 777 3847 intimemus
793 3790 938 3860 imperiali
994 3795 1125 3865 personis
1137 3796 1226 3852 simul
1240 3798 1398 3856 nominatis
1411 3811 1494 3870 quam
1508 3800 1537 3856 in
1550 3814 1611 3858 una
1624 3803 1821 3876 qualibetper

116 3878 257 3949 potestati.
275 3878 408 3933 Presenti
424 3878 568 3948 siquidem
584 3890 658 3933 anno
670 3877 839 3935 direxerunt
854 3878 939 3935 nobis
993 3897 1062 3940 sona
1073 3885 1257 3957 semeldicta,
1269 3888 1405 3958 quonlam
1417 3901 1600 3962 unaqueque
1612 3892 1820 3964 persouaplcm

113 3965 263 4037 epistolam
279 3965 410 4021 monacbi
424 3966 475 4036 qui
491 3966 520 4023 in
535 3973 633 4023 sancto
647 3972 740 4025 monte
755 3967 859 4026 Oliveti
874 3982 938 4026 mo-
992 3978 1036 4029 esi
1050 3973 1212 4031 substantia
1228 3975 1258 4032 in
1274 3990 1313 4048 se,
1328 3984 1492 4035 nontamen
1508 3983 1569 4035 tres
1580 3979 1770 4053 substantie,
1781 3979 1818 4037 sel

114 4059 215 4111 rantur
225 4053 291 4111 idei
302 4053 512 4110 contentionem
523 4054 716 4111 coutinentem
728 4071 813 4128 quam
825 4057 939 4115 interse
993 4074 1070 4118 uuus
1084 4064 1239 4133 Densum
1259 4064 1432 4138 substantia,
1445 4080 1501 4124 uua
1514 4069 1659 4141 essentia,
1679 4085 1738 4128 uma
1748 4075 1820 4128 eter-

115 4143 264 4199 babebant.
280 4145 339 4200 Nos
352 4155 419 4199 tero
436 4142 601 4214 Symbolum
614 4145 780 4202 orthodoxe
795 4146 861 4204 ildei
876 4147 938 4204 illis
993 4149 1080 4222 nitas,
1101 4165 1158 4209 una
1174 4154 1352 4227 magnitudo,
1368 4168 1426 4212 nna
1443 4157 1570 4230 bonitas,
1591 4159 1682 4216 Pater
1697 4165 1729 4217 et
1739 4159 1820 4217 Filius

114 4232 258 4304 misimus,
276 4237 417 4306 quatenus
436 4246 534 4290 omnes
553 4235 709 4292 secusdum
725 4234 798 4291 banc
811 4240 937 4293 nostram
992 4243 1021 4296 et
1038 4241 1166 4311 Spiritus
1182 4245 1308 4300 sanctam.
1330 4246 1386 4301 Nec
1404 4244 1484 4303 aliud
1501 4252 1546 4302 est
1566 4247 1658 4305 Pater
1678 4249 1711 4307 in
1731 4254 1820 4307 uatum

112 4328 238 4381 sanctam
262 4322 433 4380 catbolicam
456 4329 484 4380 et
504 4323 692 4395 apostolicam
710 4323 867 4382 Ecclesiam
890 4339 938 4383 re·
995 4341 1079 4399 quam
1094 4329 1189 4386 Filius
1210 4330 1253 4387 vel
1268 4331 1395 4402 Spiritus
1414 4339 1540 4404 sanctus,
1564 4349 1620 4393 nec
1634 4337 1723 4396 aliud
1737 4337 1819 4396 Filim

10 4446 16 4454 -
112 4417 187 4469 ctam
205 4418 234 4469 et
255 4411 421 4469 inviolatam
442 4416 556 4469 teneant
576 4411 668 4468 tidem.
689 4411 779 4481 Quam
798 4426 863 4470 vero
881 4413 940 4485 epi.
994 4418 1023 4473 et
1041 4417 1168 4487 Spiritus
1187 4422 1405 4492 sanctusquam
1427 4423 1509 4480 Pater
1529 4422 1563 4480 in
1581 4430 1706 4501 natura,
1723 4427 1818 4501 quibu

111 4499 214 4557 stolam
232 4510 332 4557 vestre
354 4501 497 4571 imperiali
514 4500 648 4571 potentie
667 4499 801 4557 misimus
816 4501 941 4574 relegen-
994 4509 1039 4563 est
1049 4519 1105 4562 una
1120 4512 1232 4564 natura.
1248 4507 1302 4565 Sed
1315 4509 1393 4567 alius
1406 4516 1449 4568 est
1458 4512 1541 4570 Pater
1554 4514 1587 4571 iu
1600 4529 1740 4590 persona,
1751 4515 1819 4574 aliut

110 4588 186 4644 dam.
203 4590 312 4646 interea
325 4593 497 4646 revertentes
509 4591 661 4659 presentes
675 4587 773 4646 iideles
783 4591 939 4650 servientes
992 4594 1087 4651 Filius
1101 4595 1131 4651 in
1141 4609 1272 4669 persona,
1284 4597 1363 4655 alius
1374 4599 1500 4670 Spiritus
1510 4609 1636 4661 sanctus
1650 4604 1685 4663 im
1698 4618 1815 4678 persoua

111 4676 209 4746 vestri,
227 4677 352 4750 Agamus
372 4677 506 4734 videlicet
523 4680 552 4732 et
572 4677 748 4750 iioeulpbus,
769 4680 938 4738 allieroso-
994 4685 1025 4739 ln
1041 4685 1123 4740 Patre
1143 4686 1299 4758 eternitas,
1321 4688 1353 4744 in
1370 4687 1446 4746 Filio
1466 4691 1636 4765 equalitas,
1662 4695 1696 4752 ln
1717 4695 1817 4768 Spiritu

111 4762 472 4834 lymisdetuleruntnobis
485 4765 636 4836 epistolam
651 4768 765 4825 Tbome
779 4768 938 4843 Hierolosy·
992 4779 1090 4831 saneto
1111 4775 1282 4832 eternitatis
1302 4777 1538 4850 equalitatisque
1555 4784 1717 4843 connexio.
1736 4785 1817 4843 Usu

113 4864 224 4908 morum
246 4852 424 4922 patriarcbe.
445 4853 535 4924 Quam
551 4855 707 4929 relegentes
728 4857 888 4927 reperimus
903 4865 935 4916 ut
991 4875 1089 4919 omnes
1112 4863 1334 4938 insubstantia,
1354 4870 1382 4923 et
1399 4867 1536 4935 essentia,
1556 4872 1817 4946 omnipotentes

114 4953 163 5011 per
181 4945 307 4997 nostram
331 4945 518 5013 precatoriam
537 4943 687 5016 epistolam
709 4951 809 5002 vestre
832 4946 933 5017 pietati
989 4951 1153 5009 divinitate.
1171 4953 1253 5010 Sicut
1268 4956 1345 5012 enim
1360 4955 1457 5013 eadem
1477 4961 1580 5015 sancta
1597 4960 1817 5021 Trinitasinse·

113 5042 163 5086 eos
178 5031 448 5088 commendaremus.
470 5032 530 5102 Qua
544 5032 580 5089 de
600 5048 630 5090 re
645 5048 794 5104 precamur
812 5039 934 5092 vestram
991 5042 1131 5112 parabilis
1153 5049 1197 5099 est
1211 5043 1241 5099 im
1257 5043 1430 5119 substantia,
1451 5045 1492 5103 tta
1508 5046 1729 5120 inseparabilis
1742 5051 1815 5110 estin

113 5116 290 5188 imperialem
313 5119 467 5188 potentiam
491 5127 532 5189 ut,
548 5122 625 5180 sicut
643 5123 724 5180 soliti
744 5123 824 5195 estis,
848 5137 936 5194 super
989 5131 1135 5202 operibus,
1161 5133 1292 5201 quamvis
1312 5147 1396 5205 opera
1418 5136 1469 5193 Dei
1491 5136 1679 5209 quibusdam
1696 5140 1814 5214 personia

113 5219 212 5263 omnes
229 5205 326 5263 bdeles
342 5211 450 5262 vestros
464 5207 611 5279 impertire
622 5211 803 5283 suffragium,
815 5212 854 5267 ita
869 5226 934 5270 cum
989 5219 1155 5290 specialiter
1174 5222 1355 5293 conveniant,
1377 5223 1455 5284 sicut
1472 5227 1553 5284 Patri
1571 5229 1703 5289 vexilla
1718 5228 1814 5304 queit

113 5296 156 5353 eis
172 5295 399 5353 misericordiam
422 5293 513 5351 iacere
532 5297 666 5367 jubeatis.
683 5300 774 5371 ipsam
790 5314 856 5358 sero
870 5303 936 5374 epi·
989 5308 1061 5366 cmlo
1073 5310 1172 5369 sonuit
1184 5324 1271 5382 super
1285 5312 1432 5371 Cbristum
1451 5313 1652 5393 baptizatum,
1667 5325 1698 5379 et
1711 5317 1813 5379 admit

113 5386 215 5444 stolam
228 5399 312 5459 quam
325 5385 409 5444 uobis
418 5386 548 5458 predicti
560 5386 658 5445 ildeles
670 5391 757 5447 vestri
769 5391 936 5451 detulerunt
975 5411 1139 5470 ‚personam
1155 5399 1346 5459 humanitatis
1360 5404 1562 5463 mntcmmodo
1577 5411 1714 5479 pertinet
1724 5423 1814 5469 susce»

113 5479 214 5532 vestre
230 5476 380 5536 serenitati
400 5475 544 5535 misimus.
556 5477 608 5533 llis
621 5477 789 5556 prelibatis,
803 5484 939 5558 omnipo-
989 5487 1059 5561 ptio,
1073 5487 1241 5561 etSpiritus
1251 5489 1343 5549 sancti
1354 5504 1481 5563 persone
1492 5496 1615 5568 proprie
1624 5498 1814 5574 congrmtilh
