3876 6090
187 285 244 347 cta.

905 278 1054 334 boantes!
1073 276 1171 332 catam

1845 274 1899 333 stt

163 444 168 455 ·
188 410 326 481 episcopi,
338 407 465 464 Francho
476 405 611 462 videlicet
626 404 811 476 Tungrensis,
825 399 1016 457 vodelbaldus
1030 397 1057 455 Α
1072 412 1135 453 mur
1150 399 1293 468 equidem,
1309 401 1529 456 sanctimoniam
1546 403 1623 455 tuam
1649 401 1683 457 ad
1700 398 1896 469 apostolorum

187 497 387 569 Trajeetensis,
403 494 562 551 wofelmus
576 490 903 563 llimigardevordensis,
920 490 1015 542 Druo·

186 601 221 660 go
246 585 483 653 blimidomeusis,
510 583 672 655 Egilmarus
697 578 935 651 osnabrugensis,
958 574 1012 631 sub

185 676 397 733 aestimationis
417 679 554 743 praetextu
568 671 712 726 testificati
731 674 810 738 sunt,
826 680 916 737 usque
935 666 969 721 ad
984 672 1011 719 te

184 765 298 823 nullum
307 763 472 820 brumensis
481 761 614 817 Ecclesia
628 759 776 830 praesulem
789 758 902 813 modum
918 753 1011 822 subie-

181 851 459 910 ctionisColoniensi
473 849 598 906 antistiti
610 847 824 917 contempsisse,
839 846 885 900 sed
900 857 1010 911 semper

184 944 346 1000 decessores
361 948 436 1006 tuos,
453 940 501 1011 qui
518 938 608 994 cidem
630 936 772 992 bremensi
788 934 921 990 Ecclesia
934 946 1011 1001 prae-

185 1032 303 1090 lnerunt
315 1045 332 1088 a
344 1028 521 1100 temporibus
536 1041 594 1084 sua
608 1024 847 1092 Christianitatis,
863 1022 923 1078 sedi
933 1021 1013 1076 Colo·

183 1121 278 1178 aiensi
294 1119 385 1177 fuisse
402 1117 553 1189 subjectos.
576 1115 678 1171 Verum
692 1113 760 1184 quia
773 1117 917 1167 tantorum
933 1111 1014 1166 viro-

184 1225 249 1268 rum
262 1209 459 1267 testimonium
473 1205 606 1261 frustrari
624 1217 679 1259 non
695 1202 818 1272 expedit,
837 1206 865 1256 et
878 1200 912 1255 ad
927 1205 1016 1256 statu·

185 1305 245 1356 tum
261 1296 394 1354 veniendi
409 1301 520 1365 tempus
532 1292 667 1348 festinare
678 1290 720 1347 vel
731 1289 860 1361 delegare
873 1288 1013 1345 vicarium

183 1387 339 1455 distulisti,
348 1385 421 1441 tanti
431 1382 568 1453 temporis
578 1380 799 1452 querimoniam,
810 1391 843 1433 ac
856 1378 1012 1448 legatorum

183 1482 360 1534 constantem
383 1472 550 1528 instantiam
573 1469 799 1539 nihilipendere
823 1467 1012 1523 inhumanum

184 1565 343 1622 videbatur.
367 1564 390 1634 Q
411 1567 545 1631 apropter
565 1558 679 1627 arctati,
701 1558 769 1613 hinc
785 1570 819 1613 ne
833 1554 1013 1617 coloniensis

183 1653 310 1710 Ecclesia
331 1651 475 1722 iustitiam
504 1649 642 1718 perderet,
668 1647 734 1701 inde
756 1659 791 1700 ne
821 1643 1012 1699 llammabur—

1072 485 1182 548 limina,
1209 494 1292 555 pirout
1320 489 1562 559 mandaveramus,
1580 491 1677 546 venire
1697 494 1726 544 et
1748 488 1813 542 viva
1833 502 1898 544 voce

1071 577 1162 629 tecum
1175 576 1209 630 de
1220 578 1344 647 geanerali
1359 578 1441 632 illius
1456 578 1611 634 barbaricae
1625 579 1720 649 geritis
1735 577 1831 633 salute
1846 583 1899 632 tra·

1070 668 1156 717 ctare.
1176 664 1228 719 Sed
1252 666 1320 735 quia
1340 666 1424 721 aliter
1451 681 1536 737 quam
1556 674 1758 737 optaveramus
1781 666 1896 736 accidit,

1071 750 1232 808 infirmitati
1254 754 1437 826 imputantes,
1460 756 1633 812 calumniam
1650 771 1702 827 pro
1723 756 1778 811 hoc
1794 754 1898 812 inferre

1068 839 1237 898 desinimus.
1671 909 1677 917 g

1103 933 1253 989 contentio
1282 934 1387 1004 itaque.
1413 950 1477 1005 quae
1499 936 1575 992 inter
1596 941 1623 992 te
1644 943 1673 991 et
1698 935 1893 1007 adalgarium,

1069 1023 1329 1078 reverentissimum
1349 1024 1596 1094 archiepiscopum
1612 1025 1840 1097 hamburgensis
1852 1027 1896 1079 Ee·

1068 1111 1172 1177 clasiae,
1206 1114 1341 1168 ventilata
1370 1120 1414 1168 est
1437 1129 1487 1184 pro
1507 1115 1632 1171 Ecclesia
1660 1116 1821 1186 Bremensi,
1849 1129 1894 1184 pro

1069 1215 1122 1270 qna
1138 1203 1172 1256 ad
1190 1203 1379 1259 venerabilem
1397 1205 1645 1275 archiepiscopum
1658 1205 1817 1276 bloguntiac
1832 1206 1895 1260 scri-

1069 1288 1134 1345 bere
1162 1295 1306 1361 praeterito
1332 1310 1408 1352 anno
1439 1295 1636 1365 praevidimus,
1661 1300 1808 1363 quatenns
1838 1295 1894 1362 eius

1068 1379 1165 1436 studio
1180 1382 1219 1436 rei
1240 1384 1344 1439 veritas
1360 1385 1511 1456 inquisita,
1531 1383 1627 1439 ablata
1648 1383 1852 1454 ambiguitate,
1867 1383 1893 1436 in

1068 1467 1217 1524 clariorem
1243 1472 1334 1527 lucem
1363 1479 1533 1543 erumperet,
1558 1473 1620 1542 ipso
1641 1476 1730 1542 prout
1756 1471 1893 1527 scribente

1068 1555 1236 1630 didicimus,
1270 1562 1492 1617 testificantibus
1523 1561 1717 1616 sanctissimis
1741 1561 1890 1631 episcopis,

1070 1645 1119 1714 qui
1135 1646 1343 1706 Francanorlut
1355 1657 1558 1718 convenerunt,
1575 1655 1702 1720 apparet,
1719 1656 1778 1704 tuae
1791 1649 1892 1705 dicece-

184 1742 281 1816 gensis
295 1740 432 1810 Ecclesia,
449 1752 512 1808 quac
533 1737 568 1792 ad
583 1736 710 1808 gentium
726 1734 903 1790 vocationem
920 1732 1011 1788 insti·
1026 1751 1052 1812 B
1067 1737 1110 1791 cis
1125 1739 1272 1795 ecclesiam
1289 1754 1359 1795 esse.
1381 1741 1502 1810 ideoque
1513 1739 1708 1808 dispensativo
1725 1738 1754 1793 id
1767 1737 1891 1794 determi-

183 1837 245 1891 tuta
255 1829 358 1899 tuerat,
372 1826 649 1886 subsidiodestituta
659 1824 806 1892 deiiceret,
817 1824 1011 1892 dispensative

183 1920 358 1984 censuimus,
376 1913 823 1988 quatenusquoadusquedivina
838 1911 1011 1983 suffragante

184 2009 276 2081 gratia
289 2006 435 2078 prelibata
445 2003 714 2075 hammaburgensis
724 2002 850 2058 Ecclesia
860 2002 889 2055 in
899 2007 1009 2056 tantum

184 2096 332 2166 dilatetur,
354 2100 385 2151 ut
402 2093 576 2165 episcopiam
592 2092 744 2148 instituere
764 2090 934 2159 valentiam
949 2103 1011 2144 me-

186 2193 322 2244 moratam
345 2185 521 2240 Bremensem
543 2180 697 2237 Ecclesiam
723 2182 757 2236 ad
773 2180 937 2236 subsidium
956 2179 1011 2233 ha-

184 2278 270 2346 beat,
286 2279 314 2331 et
334 2273 447 2344 quoties
460 2272 489 2326 in
506 2270 618 2342 magnis
632 2284 664 2325 ac
680 2268 908 2339 praenecessariis
921 2281 1011 2322 cano-

184 2364 260 2420 nicis
284 2362 406 2434 negotiis
428 2359 598 2430 oportuerit,
625 2371 680 2412 non
704 2355 880 2425 subjectione
899 2355 1008 2425 aliqua,

183 2453 231 2508 sed
247 2450 350 2506 allecta
365 2449 496 2504 fraternae
511 2446 663 2501 charitatis
676 2444 944 2514 hammaburgensis
959 2458 1010 2497 ar-

183 2539 394 2608 chiepiscopus,
411 2537 461 2608 qui
477 2535 603 2605 ejusdem
614 2534 774 2589 bremensis
787 2533 919 2588 Ecclesia
938 2533 1008 2602 regi·

184 2642 246 2683 men
263 2626 382 2690 obtinet,
406 2640 455 2696 per
477 2639 507 2680 se
520 2630 571 2680 aut
587 2623 727 2679 vicarium
744 2636 823 2677 suam
848 2622 936 2676 vicem
956 2636 1008 2692 ge-

184 2723 302 2788 rentem,
330 2716 359 2770 in
389 2712 565 2783 adiutorium
589 2711 767 2766 coloniensis
795 2710 1006 2779 archiepiscopi

183 2805 322 2861 invitatus
344 2803 475 2859 accedat:
499 2799 619 2856 dilatata
638 2804 731 2854 autem
754 2796 1005 2868 hammaburgensi

181 2891 318 2955 Ecclesia,
333 2888 605 2962 largitoreomnium
619 2887 757 2942 bonorum
768 2886 1004 2954 adminiculante,

182 2988 211 3039 et
224 2981 354 3039 iundatis
375 2979 542 3052 episcopiis,
559 2991 632 3047 saepe
652 2983 804 3030 memorata
814 2975 938 3029 Coloniae
957 2989 1007 3029 se-

1067 1839 1134 1880 nare
1149 1828 1277 1896 oportuit
1297 1842 1330 1883 eo
1349 1829 1483 1884 videlicet
1500 1828 1611 1893 ordine,
1624 1835 1656 1882 ut
1673 1833 1700 1882 et
1715 1827 1891 1882 Coloniensis

1066 1916 1190 1971 Ecclesia
1208 1932 1261 1971 non
1277 1918 1437 1986 privaretur
1452 1915 1649 1972 facultatibus.
1663 1924 1691 1970 et
1704 1915 1890 1987 llamburgen

1066 2005 1107 2060 sis
1131 2007 1266 2078 Ecclesia,
1289 2008 1337 2076 pio
1353 2006 1443 2062 labori
1459 2007 1566 2077 dedita,
1583 2021 1638 2061 non
1659 2006 1790 2076 patietur
1806 2019 1891 2075 penu-

1067 2095 1150 2150 riam.
1176 2098 1250 2152 unde
1273 2103 1401 2165 oporteat
1417 2099 1473 2152 lieo
1496 2095 1673 2165 acceptabile
1688 2109 1765 2164 opus
1779 2095 1888 2150 cessari.

1064 2185 1242 2254 Quapropter
1274 2186 1430 2241 statuimus
1456 2191 1488 2242 ut
1514 2199 1665 2255 quousque
1695 2185 1891 2254 dispensatore

1066 2272 1203 2329 bonorum
1216 2276 1343 2330 omnium
1364 2275 1512 2345 largiente,
1530 2275 1614 2342 cujus
1632 2281 1705 2330 nutu
1721 2276 1821 2332 omnia
1838 2276 1889 2331 dis

1066 2369 1230 2434 pensantur,
1247 2363 1470 2435 llambnrgensis
1484 2364 1608 2418 Ecclesia
1625 2362 1702 2418 inira
1719 2377 1890 2436 paganorum

1065 2453 1202 2508 terminos
1216 2453 1334 2507 dilatari
1348 2453 1448 2522 valaet,
1470 2451 1519 2507 ubi
1536 2452 1687 2521 episcopia
1701 2450 1821 2509 fundari
1837 2469 1893 2524 pos·

1064 2540 1131 2608 sint,
1160 2543 1336 2596 Bremensem
1361 2541 1514 2596 Ecclesiam
1533 2546 1628 2596 teneat
1652 2541 1686 2596 ad
1714 2542 1887 2597 subsidium.

1063 2630 1096 2684 Et
1109 2630 1144 2684 ob
1156 2630 1208 2685 hoc
1219 2629 1344 2685 fraterno
1355 2631 1506 2685 charitatis
1517 2629 1630 2694 aflectu,
1645 2644 1700 2686 non
1716 2631 1890 2701 subjectione

1062 2718 1170 2788 aliqua,
1194 2720 1307 2789 quoties
1332 2734 1381 2788 pro
1401 2718 1558 2787 majoribus
1581 2719 1792 2774 ecclesiasticis
1807 2732 1890 2791 nego-

1063 2807 1113 2861 tiis
1133 2807 1275 2863 librandis
1296 2815 1372 2863 certa
1388 2808 1462 2862 ratio
1484 2808 1584 2878 exigit,
1600 2807 1744 2863 invitatus
1763 2809 1825 2879 ipsc
1847 2823 1889 2877 per

1062 2910 1090 2951 se
1107 2898 1134 2950 in
1150 2897 1326 2965 adjutorium
1342 2897 1521 2953 coloniensis
1538 2897 1669 2953 Ecclesia
1686 2899 1823 2955 accedere
1838 2912 1887 2954 uon

1062 2986 1165 3056 pigeat,
1182 2987 1224 3041 vol
1240 2987 1264 3041 si
1285 2987 1498 3056 praedicationis
1513 3000 1596 3055 opere
1612 2987 1783 3056 implicatus
1800 3002 1848 3057 per
1861 3001 1888 3041 se

138 3130 140 3136 .
179 3072 229 3128 (les
263 3072 440 3127 Bremensem
469 3068 588 3137 delibili
621 3065 785 3121 sssssslssslssffl·
814 3065 1157 3142 lsshumssssllfflcvenire
1171 3076 1341 3144 nequiverit,
1356 3076 1495 3131 vicarium
1509 3075 1607 3130 saltem
1624 3076 1745 3147 deleget,
1762 3078 1813 3146 qui
1829 3078 1886 3146 ejus

178 3161 286 3233 quippe
309 3166 352 3215 est
367 3160 441 3220 inter
458 3157 609 3213 saculares
623 3154 716 3210 aliena
741 3154 807 3223 iura
831 3152 1003 3222 pervadere:

180 3255 287 3321 quanto
300 3248 391 3320 magis
406 3246 604 3302 sanctissimos
616 3243 765 3313 episcopos
780 3248 903 3297 statutos
917 3256 934 3297 a
949 3243 1005 3295 Pa-

178 3338 273 3395 tribus
287 3337 446 3409 transgredi
460 3335 607 3404 terminos,
619 3338 647 3388 et
658 3346 706 3388 eus
721 3330 846 3401 litigare,
863 3329 912 3401 qui
925 3332 1004 3400 pacis

176 3426 281 3484 debent
306 3425 433 3483 subditis
456 3423 584 3494 exempla
606 3421 755 3493 praebere?
776 3421 838 3474 llac
852 3426 945 3475 autem
967 3420 1002 3474 ad

177 3517 231 3574 hoc
240 3517 353 3572 decreta
373 3520 418 3571 est
441 3511 629 3583 dispensatio,
656 3515 687 3565 ut
706 3523 759 3578 pax
783 3509 886 3578 vigeat,
913 3513 1003 3562 cesset

175 3606 331 3674 contentio,
349 3611 377 3660 el
402 3603 526 3672 iustitia
550 3601 674 3670 vigorem
702 3596 906 3652 misericordia
930 3609 1004 3650 com.

175 3693 269 3764 passio
291 3696 436 3761 temperet,
465 3690 587 3745 scientes
610 3687 673 3742 sine
694 3685 773 3755 pacis
796 3685 869 3740 bono
889 3683 1003 3742 nullum

173 3784 229 3838 Deo
246 3794 350 3836 munus
369 3779 429 3835 iore
443 3775 625 3847 acceptabile.

565 3919 609 3974 Vl.

217 4062 252 4102 nn
280 4058 464 4102 nantuannuu
491 4056 676 4099 eononrnnsnu
707 4054 948 4097 ,tnenrnnrsconuu

496 4150 585 4224 (Anno
608 4147 682 4222 892.)

226 4281 427 4354 [Lappettberg,
448 4278 675 4346 lieniburpischcs
707 4273 946 4344 lla-lundoniam}

1059 3163 1149 3218 vicem
1163 3170 1344 3233 repraesentet
1355 3169 1384 3220 et
1398 3165 1534 3220 cononice
1556 3163 1761 3221 deliberationi
1778 3167 1886 3236 adiutor

1060 3251 1195 3308 intersita
1215 3253 1317 3309 Divina
1346 3260 1438 3309 autem
1472 3254 1583 3309 ditione
1618 3252 1795 3326 suffragante
1827 3267 1883 3310 cum

1058 3342 1281 3413 Hamburgensis
1292 3342 1414 3398 Ecclesia
1427 3349 1617 3414 augmentata,
1630 3357 1681 3399 ceu
1696 3344 1881 3413 pratulimns,

1059 3427 1157 3500 inerit,
1173 3431 1353 3487 coloniensis
1371 3431 1496 3487 Ecclesia
1508 3445 1560 3488 sua
1576 3431 1708 3503 recipiat,
1725 3433 1797 3503 quia
1814 3432 1880 3487 inter

1059 3520 1207 3575 saecularia
1229 3521 1341 3592 nogotia
1356 3535 1410 3575 non
1433 3521 1547 3590 expedit
1564 3521 1701 3591 cuiquam
1714 3521 1811 3576 aliena
1823 3522 1881 3591 jnra

1059 3610 1219 3679 pervadere,
1241 3616 1348 3680 quanto
1372 3609 1468 3665 minus
1490 3610 1637 3681 religiosis
1656 3610 1816 3682 episcopis,
1835 3609 1877 3679 qui

1057 3711 1109 3753 sno
1122 3697 1229 3753 ducatu
1243 3712 1292 3767 per
1305 3698 1378 3753 viam
1387 3697 1555 3767 justitiaad
1570 3698 1699 3754 colestia
1714 3712 1801 3771 regna
1815 3712 1881 3754 com-

1058 3786 1177 3841 missum
1197 3786 1254 3841 sibi
1276 3787 1412 3856 populum
1435 3786 1539 3841 debent
1559 3786 1723 3856 perducere.

1092 3875 1183 3930 hliter
1200 3881 1294 3932 autem
1310 3882 1407 3933 nostro
1426 3875 1599 3945 apostolatui
1617 3876 1781 3934 deliberare
1793 3879 1878 3934 visum

1056 3978 1112 4020 non
1137 3972 1189 4033 est,
1212 3979 1247 4021 ne
1271 3965 1421 4034 saepedicta
1452 3964 1676 4037 hamburgensis
1697 3966 1826 4023 Ecclesia
1848 3967 1878 4021 ad

1055 4055 1232 4109 vocationem
1253 4054 1380 4126 gentium
1416 4054 1549 4109 instituta
1578 4054 1674 4110 ablato
1703 4056 1880 4111 annihiletur

1055 4142 1187 4198 subsidio
1202 4149 1229 4198 et
1242 4142 1339 4211 inopia
1350 4149 1466 4213 cogente
1478 4156 1495 4197 a
1507 4144 1564 4197 Deo
1578 4143 1667 4214 digno
1685 4157 1772 4213 opere
1785 4148 1879 4208 cesset,

1057 4231 1213 4301 prasertim
1236 4244 1300 4285 cum
1325 4235 1352 4285 et
1377 4231 1509 4286 decessor
1529 4236 1624 4285 noster
1649 4232 1810 4288 recolenda
1825 4245 1881 4287 me-

1056 4322 1153 4376 moriae
1168 4320 1312 4388 Nicolaus,
1334 4320 1485 4392 Ludovico,
1512 4320 1638 4392 glorioso
1663 4334 1739 4392 rege,
1759 4336 1809 4391 per
1831 4322 1883 4377 Sa-

207 4429 352 4484 lionuosus
371 4425 649 4494 episcopusservus
673 4432 818 4474 servorum
841 4417 902 4484 Dei,
918 4430 999 4472 reve·
1016 4410 1196 4492 Dlomonem
1226 4410 1487 4465 reverentissimum
1510 4410 1684 4465 Constantia
1704 4410 1880 4482 episcopum,

174 4517 339 4573 rentissimo
365 4527 393 4570 et
412 4512 595 4568 sanctissimo
618 4506 756 4563 confratri
780 4511 890 4575 nostro,
909 4506 1000 4560 tirm-

172 4620 274 4672 unnno,
289 4603 504 4673 archiepiscopo
523 4597 696 4655 Coloniensi.

209 4692 380 4749 l'isitatlone
404 4696 462 4754 tua,
488 4687 659 4743 charissime
683 4683 837 4743 conlrater,
862 4683 999 4738 laetificati

174 4794 285 4848 sumus,
315 4793 332 4834 a
357 4784 383 4834 te
410 4776 531 4834 directis
563 4774 776 4831 venerabilibus
802 4771 1000 4829 sacerdotibus

172 4870 303 4941 receptis.
329 4866 433 4924 Verum
454 4881 518 4923 cum
536 4867 571 4922 de
593 4873 641 4922 tua
665 4863 863 4921 incolumitate
884 4876 931 4918 eos
951 4876 1001 4932 per

172 4958 302 5017 ordinem
327 4957 474 5029 inquirere
495 4956 685 5020 studeremus,
706 4952 907 5023 comperimus,
927 4951 1000 5020 ipsis

173 5046 387 5120 indagantibus,
418 5053 447 5102 te
470 5043 702 5101 incommoditate
717 5041 846 5111 corporis
859 5039 997 5112 laborare,

173 5144 203 5197 et
211 5137 414 5196 condoluimus
430 5134 596 5206 palummum.
615 5134 745 5188 Attamen
763 5132 792 5187 in
808 5131 861 5185 hoc
873 5130 1000 5185 consola·

175 5244 240 5286 mur
265 5227 334 5299 quia
368 5224 501 5280 novimus
529 5223 669 5291 scriptum
695 5221 724 5275 in
754 5219 890 5289 Eloquio:
917 5219 998 5284 (litem

172 5320 264 5388 diligit
283 5317 425 5385 Dominus,
451 5315 576 5379 custipat,
607 5316 633 5364 cl
658 5312 770 5378 corripit
797 5325 899 5362 ornnem
921 5324 998 5377 quom

171 5409 269 5478 recipit
295 5405 389 5474 (lioba.
431 5416 482 5470 nrt,
508 5399 552 5466 63
581 5402 669 5453 lhoo..
695 5412 739 5467 111,
771 5393 821 5468 ti).
858 5397 902 5452 Sit
931 5411 998 5467 ergo

172 5510 288 5559 oramus
301 5490 522 5550 inlirmitasbaec
533 5489 566 5544 ad
582 5487 700 5543 salutem
716 5499 749 5541 ae
759 5485 999 5541 celer-emdbristo

172 5585 312 5658 largiente
334 5587 476 5640 mereatur
490 5577 626 5650 consequi
650 5576 809 5632 sanitatem.
830 5574 1000 5631 Arbitraba-

1056 4500 1256 4569 intcreedente,
1283 4513 1335 4554 suo
1357 4498 1509 4568 privilegio
1528 4498 1706 4554 Bremensem
1726 4499 1880 4555 Ecclesiam

1053 4589 1203 4660 ansgario,
1229 4588 1435 4660 llamburgensi
1448 4588 1675 4658 archiepiscopo,
1693 4589 1882 4645 confirmave-

1055 4680 1103 4735 rit.
1139 4679 1190 4733 Sed
1220 4677 1287 4747 quia
1322 4678 1474 4749 indignum
1500 4678 1677 4744 censuimus,
1702 4679 1880 4734 sacerdotum

1054 4767 1216 4838 quempiam
1250 4766 1344 4821 aliona
1377 4767 1444 4836 jura
1469 4767 1621 4836 pervadere
1643 4766 1760 4837 propiis
1786 4774 1882 4823 trans-

1055 4855 1882 4931 gressisliminibus,proindeiddispensativeinstituimus

1054 4947 1174 5017 tempori
1186 4944 1375 5014 consulentes,
1388 4948 1455 5000 utet
1464 4945 1580 5015 justitia
1593 4945 1744 5014 proprium
1756 4945 1880 5016 vigorem

1053 5042 1148 5094 teneat
1174 5041 1202 5092 et
1236 5034 1435 5091 misericordia
1467 5034 1694 5104 compassionem
1723 5035 1879 5107 impendat,

1052 5125 1198 5181 contentio
1220 5128 1311 5180 cesset
1331 5129 1360 5178 et
1376 5122 1504 5179 charitas
1524 5122 1663 5177 inviolata
1678 5123 1826 5193 persistat.

1090 5214 1274 5285 l‘rivilegium
1289 5213 1375 5267 etiam
1398 5219 1454 5267 tua
1468 5210 1601 5267 Ecclesia
1627 5218 1712 5280 prout
1728 5213 1877 5282 petiveras,

1053 5305 1251 5360 renovavimus
1270 5315 1302 5357 ac
1319 5307 1374 5357 tua
1388 5300 1644 5356 venerabilitudini
1666 5315 1716 5371 per
1728 5309 1879 5372 praesentes

1054 5393 1233 5464 presbyteros
1247 5391 1450 5462 delegavimus,
1469 5398 1692 5457 commonentes,
1704 5396 1739 5447 ut
1752 5391 1783 5447 in
1794 5391 1880 5447 omni-

1054 5483 1107 5539 bus
1122 5496 1154 5536 ac
1168 5495 1224 5550 prce
1238 5479 1372 5535 omnibus
1388 5492 1483 5548 pacem
1500 5478 1606 5550 diligas
1616 5485 1643 5534 et
1658 5479 1754 5536 eidem
1771 5491 1878 5549 semper

1056 5571 1185 5641 insistas,
1216 5582 1279 5642 qua
1317 5567 1453 5639 specialis
1480 5574 1523 5625 est
1551 5566 1714 5624 arrhabona
1749 5568 1875 5626 omnium
