3876 6090
113 236 189 299 icas
582 235 779 311 normann
796 235 925 296 cnssm.
947 236 1051 295 sunu.
1070 237 1115 294 on
1133 237 1161 296 ε.
1182 239 1346 301 narrum.
1750 245 1822 309 4026
1926 276 1933 285 .

112 365 256 436 potestate
274 362 391 420 humani
407 362 494 435 regis,
513 361 661 420 Octaviani
683 365 795 422 scilicet
808 362 942 438 Augusti,
955 366 984 429 Α
998 365 1099 438 gratia,
1115 367 1155 423 sit
1171 372 1322 440 patratum,
1343 370 1412 441 qnia
1427 383 1536 444 magnae
1556 376 1740 432 auctoritatis
1755 390 1820 436 ma-

112 453 269 510 humiliter
279 452 358 509 nasci
370 452 508 523 dignatus
519 460 562 509 εει
573 471 581 524 ;
592 464 607 494 ²
619 459 647 510 et
660 454 710 510 ille
722 455 773 526 qui
785 454 944 511 eratcrea-
998 467 1116 527 gnaeque
1139 457 1315 514 excellentie
1335 467 1542 516 sacramentnm
1558 466 1611 531 est,
1626 467 1655 518 et
1668 477 1685 519 a
1699 465 1727 520 li.
1744 468 1819 524 Luca

112 542 236 600 torcoeli
246 545 369 598 etterrae
379 541 475 597 carnis
485 546 589 598 nostrae
599 541 784 615 fragilitatem
795 545 943 615 suscipere
996 543 1170 617 evangelista
1196 547 1417 619 narratumgad
1445 547 1556 605 laudem
1586 551 1700 607 Domini
1727 556 1818 611 nostri

112 645 172 689 non
186 634 231 689 est
242 630 423 703 dedignatus.
440 629 477 685 ht
492 631 609 700 perinde
624 645 674 702 per
689 633 863 690 incrementa
875 645 942 689 cre·
995 631 1059 689 lesu
1074 633 1183 692 Christi
1199 640 1284 708 atque
1300 637 1394 707 ipsius
1408 638 1500 694 sancti
1515 644 1544 694 et
1557 638 1676 711 gloriosi
1696 644 1817 712 apostoli

109 734 205 785 scens,
222 724 254 778 ut
271 719 401 778 effectum
422 733 493 776 verse
511 721 720 778 incarnationis
733 736 793 780 suan
814 722 941 779 ostende
996 721 1116 794 gloriam
1128 724 1277 782 decentius
1288 727 1573 784 condeceteuarrare.
1585 728 1719 786 hitenim
1731 744 1820 788 evan-

111 818 158 869 ret
168 828 177 881 ς
189 809 325 882 quoniam
339 810 456 882 quidem
469 809 520 866 ille
531 816 606 868 esset
617 825 701 870 verus
712 811 785 884 dies,
799 812 851 883 qui
863 811 941 869 duo-
995 810 1116 883 gelista:

110 901 207 959 decim
234 900 315 958 horis
339 899 462 979 lncehat,
485 901 636 959 duodecim
665 901 810 974 apostolos
834 901 941 975 eligere
1030 897 1056 957 i.
1074 922 1088 956 α
1103 903 1266 976 Exsurgens
1284 908 1378 962 autem
1400 905 1501 963 Petrus
1521 905 1551 963 in
1573 907 1667 965 medio
1685 906 1817 979 fratrum,

110 989 227 1048 censuit
241 1007 249 1046 ε
262 989 367 1048 deinde
380 991 416 1048 ad
431 990 654 1050 similitudinem
668 991 849 1064 septuaginta
864 992 941 1048 dua·
993 989 1150 1063 dixit(erat
1163 997 1257 1051 autem
1273 993 1358 1051 turha
1373 995 1522 1053 hominum
1534 995 1695 1055 simuliere
1704 1003 1818 1057 centum

110 1094 177 1137 rum
192 1081 368 1154 linguarum,
380 1081 561 1153 septuaginta
571 1081 815 1153 duosdlscipulos
824 1094 941 1138 assum-
994 1080 1129 1155 vigintilr
1146 1082 1219 1154 Viri,
1239 1081 1352 1156 fratres,
1375 1089 1488 1157 oportet
1507 1085 1622 1157 impleri
1641 1087 1818 1159 scripturam

111 1170 182 1241 psit,
205 1169 347 1241 binosque
366 1170 448 1227 misit
468 1171 503 1227 ad
526 1171 749 1241 predicandum.
772 1174 848 1228 inter
867 1184 940 1242 qnos
995 1183 1078 1241 quam
1092 1170 1819 1247 predixitspiritussanctusperosharid,detu‹ia

111 1257 258 1329 siquidem
269 1260 298 1315 B.
313 1258 448 1316 Matthias
461 1264 565 1316 sanctae
578 1261 792 1330 predicationis
805 1261 941 1317 ministe-
995 1257 1045 1328 qui
1068 1255 1127 1314 luit
1144 1259 1203 1315 dua
1222 1272 1316 1315 eoram
1337 1261 1388 1331 qui
1414 1261 1691 1331 comprehenderunt
1711 1264 1817 1339 lesum,

112 1348 190 1405 rium
202 1348 376 1421 suscipiens,
389 1349 429 1405 ita
439 1349 588 1406 sedivinis
600 1351 750 1408 humiliter
762 1354 853 1408 totum
867 1349 942 1407 snb-
994 1344 1044 1416 qui
1065 1353 1287 1404 connumeratus
1300 1346 1361 1404 ‘erat
1382 1348 1412 1404 in
1428 1349 1522 1421 nohis,
1542 1354 1571 1407 et
1584 1351 1706 1408 sortitus
1716 1359 1760 1410 est
1774 1352 1819 1410 lo-

111 1437 190 1494 didit
212 1437 371 1509 preceptis,
389 1442 421 1494 ut
435 1437 559 1494 ildeliter
578 1440 759 1510 predicando
778 1438 812 1496 ad
834 1444 939 1496 sanctae
993 1448 1059 1493 cum
1073 1435 1230 1494 ministerii
1242 1437 1442 1508 huius2ethic
1453 1438 1569 1510 quidem
1580 1441 1708 1510 possedit
1717 1455 1818 1515 agrum

112 1525 216 1582 matris
230 1524 362 1581 Ecclesia
377 1527 528 1598 gremium,
549 1527 696 1585 ethnicum
720 1527 855 1599 populum
871 1541 940 1598 per-
992 1524 1028 1581 de
1039 1525 1166 1581 mercede
1177 1525 1355 1598 iniquitatis,
1366 1530 1395 1583 et
1405 1540 1563 1598 suspensus
1573 1529 1684 1586 medius
1693 1531 1816 1604 crepuit,

109 1615 218 1671 ducere
231 1618 353 1671 curaret.
371 1615 450 1672 Unde
469 1617 623 1674 admodum
644 1616 831 1688 acceptabilis
844 1621 872 1673 et
885 1617 941 1673 de-
992 1619 1020 1668 et
1034 1611 1139 1670 diliusa
1151 1620 1220 1671 sunt
1232 1615 1329 1672 omnia
1340 1615 1449 1673 viscera
1461 1617 1525 1687 ejus
1535 1634 1543 1689 3
1555 1622 1583 1673 et
1598 1623 1696 1675 notum
1711 1617 1817 1678 iactum

110 1703 281 1760 notissimus
294 1703 410 1761 Christo
434 1703 537 1777 iactus,
562 1720 627 1762 cum
643 1707 766 1763 traditor
789 1705 839 1762 llle
851 1706 939 1762 Judas
952 1706 977 1768 Β
993 1709 1035 1759 εει
1048 1703 1183 1760 omnihus
1198 1703 1398 1762 habitantibus
1410 1706 1566 1763 ierusalem
1581 1706 1602 1762 i.
1616 1707 1761 1778 Scriptum
1775 1715 1820 1767 εει

109 1792 202 1849 mum
219 1793 351 1863 proderet
362 1794 520 1863 Christum,
537 1796 641 1866 suique
657 1795 802 1853 homicida
821 1794 938 1852 effectus
992 1792 1068 1848 enim
1090 1793 1119 1848 in
1142 1792 1218 1849 lihro
1240 1795 1416 1852 psalmorum
1438 1794 1524 1865 (Psoi.
1548 1810 1649 1870 ιιιιιι,
1671 1795 1739 1868 26):
1756 1798 1819 1856 Fiat

109 1883 304 1953 apostolatum
320 1885 469 1955 perderet,
485 1884 539 1941 iste
552 1886 597 1941 uir
609 1886 723 1942 Domini
738 1885 768 1941 in
780 1886 842 1942 leco
855 1884 938 1940 illius
993 1880 1133 1938 hahitatio
1148 1895 1247 1938 eorum
1262 1883 1383 1953 deserta,
1399 1888 1428 1939 et
1440 1896 1495 1940 uon
1508 1885 1548 1940 sit
1563 1886 1613 1956 qui
1631 1886 1774 1944 inhahitet
1786 1887 1817 1945 in

111 1972 362 2029 sorieetoratione
372 1979 534 2030 sanctorum
545 1975 738 2045 apostolorum
750 1975 938 2032 duodecimus
992 1983 1034 2041 ea,
1050 1975 1078 2027 et
1092 1970 1289 2042 episcopatum
1304 1973 1366 2041 ejus
1381 1972 1506 2042 accipiat
1522 1973 1605 2029 alter.
1621 1973 1739 2044 Oportet
1750 1989 1817 2048 ergo

109 2061 262 2132 apostolus
273 2062 441 2120 ordinatur:
455 2064 502 2120 cui
515 2065 601 2122 datur
613 2065 687 2121 sacri
701 2065 847 2136 Evangelii
862 2077 938 2134 prae-
991 2073 1026 2116 ει
1040 2060 1086 2116 his
1101 2060 1174 2117 viris
1189 2063 1239 2132 qui
1254 2060 1405 2118 nobiscum
1424 2063 1589 2134 cougregati
1610 2068 1680 2120 sunt
1694 2064 1724 2120 in
1738 2066 1816 2122 omui

108 2151 263 2208 dicatioin
276 2151 381 2225 ludera,
393 2153 480 2210 sicuti
496 2154 604 2211 sanctis
616 2154 755 2226 apostolis
768 2154 799 2211 in
811 2153 938 2226 singulis
992 2154 1127 2221 tempore,
1144 2163 1201 2221 quo
1221 2150 1341 2206 intravit
1359 2154 1387 2206 ει
1405 2151 1496 2207 exivit
1514 2152 1590 2207 inter
1611 2165 1664 2209 nos
1678 2155 1817 2213 Dominus

110 2240 291 2313 regionibus.
990 2239 1081 2309 lesus,
1096 2239 1266 2310 iucipiensa
1280 2239 1452 2310 baptismate
1461 2241 1580 2297 ioannis
1594 2254 1685 2313 usque
1697 2242 1727 2299 in
1739 2241 1816 2301 diem

145 2328 174 2386 3.
202 2330 411 2402 Verumtamen,
441 2331 467 2388 sl
496 2331 526 2388 iu
555 2332 671 2405 regione
696 2333 936 2391 Christicolarum
992 2340 1049 2398 uuo
1072 2333 1237 2398 assumptus
1260 2332 1304 2384 est
1321 2340 1339 2383 a
1357 2328 1452 2400 nohis,
1474 2332 1574 2386 testem
1596 2332 1818 2389 resurrectionis

109 2417 243 2475 omnium
256 2417 326 2476 festa
339 2425 503 2478 sanctornm
518 2420 657 2478 celebrari
672 2423 816 2494 condecet,
829 2426 937 2493 quanto
991 2415 1054 2485 ejus
1078 2416 1227 2473 nobiscnm
1251 2417 1311 2473 lieri
1337 2430 1427 2474 unum
1447 2430 1481 2474 ex
1502 2419 1578 2475 istis.
1599 2419 1634 2476 ht
1654 2425 1817 2479 statumunt

110 2507 205 2580 magis
216 2506 363 2566 laurum
375 2511 661 2582 aposmrorunaom
677 2512 841 2583 specialiter
849 2511 938 2568 cnm-
990 2503 1074 2574 auos,
1087 2511 1098 2542 ⁰
1113 2506 1214 2576 ioseph
1231 2507 1282 2578 oui
1301 2506 1457 2564 vocabatur
1477 2507 1627 2581 meabas,
1641 2509 1692 2580 oui
1707 2523 1817 2583 cccru-

109 2599 156 2651 sto
180 2595 371 2668 adhaeserunt,
396 2597 574 2669 colloquium
598 2613 664 2656 cum
688 2600 740 2657 illo
764 2599 935 2671 hahuerunt,
993 2594 1815 2669 minatusertinsius,etuatthiam.ntomniesdixernni,

108 2684 338 2743 comederuutac
350 2685 494 2758 biberunt,
508 2700 676 2760 omnemque
689 2688 936 2747 illiuselilcaciam
993 2702 1007 2736 ι
1027 2684 1078 2756 Tu,
1100 2685 1229 2756 Domine,
1249 2686 1299 2758 qui
1320 2687 1396 2743 nosti
1416 2686 1502 2744 corda
1520 2686 1680 2760 hominum,
1700 2688 1818 2747 ostende

109 2771 264 2831 sitibundo
276 2779 388 2845 pectore
403 2775 582 2833 hauserunt:
599 2777 708 2848 quique
719 2778 805 2835 etiam
821 2778 856 2835 ah
872 2778 935 2850 ipso
993 2785 1075 2843 quem
1091 2772 1212 2847 elegeris
1225 2788 1260 2831 ει
1276 2774 1323 2831 his
1336 2775 1450 2834 duohus
1466 2789 1566 2849 uuum,
1578 2777 1708 2847 accipere
1723 2777 1817 2835 locum

109 2863 234 2920 Domino
253 2861 357 2921 iratres
369 2869 399 2921 et
411 2866 498 2922 amici
521 2866 660 2938 appellari
681 2872 856 2938 meruerunt,
871 2880 937 2924 cum
993 2861 1150 2920 ministerii
1164 2863 1251 2934 hujus
1262 2869 1291 2921 ει
1305 2865 1483 2937 apostolatus
1493 2865 1530 2922 de
1543 2880 1599 2938 quo
1615 2867 1818 2938 prevaricatus

110 2954 223 3011 diceret
237 2971 244 3008 ε
257 2955 319 3009 lam
334 2956 493 3011 condicam
510 2971 558 3012 eos
577 2972 676 3022 seruos,
692 2957 741 3013 sed
753 2958 853 3013 amicos
867 2972 937 3012 meos
993 2956 1035 3007 est
1056 2951 1144 3010 ludas
1164 2957 1196 3008 ul
1217 2953 1310 3010 abiret
1335 2954 1365 3011 in
1389 2954 1483 3013 locum
1507 2969 1602 3013 suum.
1623 2957 1658 3012 Et
1677 2956 1818 3015 dederunt

110 3043 203 3115 (ioca.
220 3056 269 3115 ιι,
287 3040 339 3117 io).
352 3045 387 3102 Et
399 3044 489 3101 alihl:
505 3046 544 3100 ili
556 3051 621 3102 sunt
638 3049 740 3114 fratres
754 3049 807 3102 mei
826 3045 934 3116 (hatti.
950 3032 975 3096 G
993 3042 1094 3110 sortes,
1110 3048 1137 3097 ct
1155 3041 1261 3097 cecidit
1277 3055 1339 3098 sors
1358 3057 1445 3114 super
1458 3043 1618 3116 llatthiam,
1635 3048 1664 3100 et
1675 3057 1819 3103 annume-

111 3147 166 3204 ιιι,
191 3129 247 3205 aa).
272 3135 459 3207 llagnamque
482 3135 600 3207 insuper
623 3135 854 3194 uicissitudinem
877 3137 939 3193 illis
992 3132 1074 3186 taius
1083 3133 1126 3186 esi
1138 3144 1203 3187 cum
1216 3130 1348 3187 undecim
1361 3131 1500 3201 apostolis
1512 3130 1586 3201 (dcl.
1598 3146 1618 3204 1,
1631 3129 1700 3188 iuer
1709 3135 1788 3204 sep).
1801 3152 1815 3184 a

110 3221 279 3280 conserens:
296 3223 427 3298 dammis,
443 3224 550 3297 inquit,
561 3230 586 3281 ei
600 3227 730 3288 exultate,
747 3228 813 3297 quia
826 3229 938 3282 nomina
1027 3217 1053 3273 5.
1071 3220 1103 3274 ln
1116 3219 1168 3275 hac
1183 3220 1281 3291 itaque
1295 3219 1435 3276 electione
1450 3219 1537 3288 hujus
1551 3220 1728 3276 sanctissimi
1743 3234 1818 3291 apo-

110 3319 203 3369 oesirc
224 3315 326 3384 scriptu
347 3320 413 3369 sunt
431 3317 462 3370 ia
482 3317 554 3371 ecelis
574 3316 651 3387 (hae.
674 3329 702 3389 ι,
719 3315 776 3389 uc).
794 3318 852 3375 lloc
869 3318 939 3390 quia
994 3308 1061 3364 stoli
1076 3308 1283 3365 consideranda
1295 3315 1340 3365 est
1352 3313 1381 3365 et
1392 3308 1561 3365 admiranda
1575 3299 1753 3379 dispensatio
1767 3310 1819 3367 di-

112 3403 178 3473 ipso
191 3407 334 3460 annuente
353 3403 394 3460 ita
413 3405 557 3478 convenii,
574 3410 690 3476 propter
701 3408 775 3464 hanc
793 3407 939 3465 excellen-
992 3400 1066 3458 riae
1081 3398 1215 3469 potentie
1226 3402 1313 3470 atque
1324 3399 1455 3455 humane
1467 3397 1583 3469 glorie:
1598 3397 1734 3468 quoniam
1748 3398 1814 3470 qui·

112 3493 183 3549 tiam
194 3493 312 3550 illorum
322 3493 518 3552 solemnitates
536 3495 656 3554 suburra
667 3494 823 3555 testivitate
834 3499 937 3556 merito
991 3490 1067 3560 dem,
1078 3488 1155 3545 ⁸1⁰1st
1166 3487 1425 3558 diviuascriptura
1439 3486 1602 3559 denuntiat,
1614 3499 1671 3543 ¹¹0ss
1683 3486 1819 3544 31111111·

110 3580 251 3639 celehrarl
266 3595 424 3655 congruum
440 3581 543 3656 luerat,
559 3585 648 3643 sicuti
658 3599 836 3644 communem
849 3588 938 3645 vitam
991 3580 1039 3636 det
1058 3579 1152 3649 h⁰m0‚
1174 3577 1215 3634 iii
1235 3577 1371 3648 presidet
1390 3578 1466 3633 ⁰⁸⁰⁸
1486 3577 1545 3647 (ioh
1563 3590 1594 3649 ¹9
1613 3572 1652 3649 U·
1671 3576 1723 3633 ¹¹¹0
1740 3576 1818 3633 essim

110 3676 199 3742 atque
220 3672 397 3729 consortium
412 3686 477 3730 cum
492 3675 614 3732 Domino
633 3676 804 3733 hahuerunt.
827 3678 897 3734 Nam
910 3681 939 3734 et
991 3669 1105 3741 ioseph,
1123 3668 1173 3740 (issi
1191 3667 1345 3726 locabitur
1363 3666 1510 3738 limabat,
1530 3667 1582 3738 titii
1599 3666 1819 3740 wssssofflissattss

111 3759 142 3814 11.
164 3757 354 3829 llierouymns
372 3759 425 3817 hoc
447 3765 580 3819 astruens
594 3762 625 3819 ln
645 3762 848 3836 Martyrologio
861 3764 936 3835 qnod
992 3765 1036 3817 est
1049 3760 1156 3829 iustus,
1172 3757 1209 3814 ah
1228 3756 1395 3815 hominihus
1407 3762 1453 3813 est
1470 3756 1579 3813 electus
1593 3775 1600 3812 :
1613 3756 1749 3814 llatthias
1762 3770 1820 3813 au·
1894 3822 1900 3835 ¹

110 3847 278 3904 chromatio
288 3853 318 3905 et
329 3848 481 3907 lleliodoro
495 3851 640 3922 episcopis
653 3852 756 3924 edidit,
769 3853 940 3923 conjunctos
992 3854 1048 3907 tem
1073 3849 1123 3920 qui
1150 3849 1356 3919 interpretatur
1372 3845 1448 3903 thei
1468 3859 1582 3919 parvus,
1602 3846 1663 3904 sire
1682 3846 1817 3919 donatus,

109 3950 161 3994 eos
181 3937 295 3994 censuit
315 3938 459 4010 ordinare,
475 3940 575 3996 diceus
587 3957 594 3996 ε
607 3941 679 3997 sane
697 3941 727 3998 io
746 3942 839 4013 prima
860 3949 939 4014 parte
991 3938 1120 4010 Spiritus
1137 3937 1229 3994 sancti
1249 3936 1388 3994 electione
1407 3934 1500 3993 iactus
1512 3941 1555 3993 εει
1571 3949 1700 4009 magnus,
1717 3935 1819 3992 overe

111 4024 208 4082 libelli
228 4026 283 4082 mei
298 4027 426 4084 omnium
448 4029 642 4099 apostolorum
662 4028 733 4087 lesia
748 4033 940 4102 opportunis·
994 4040 1111 4097 parvum
1128 4026 1135 4081 1
1152 4040 1169 4083 o
1189 4039 1254 4082 rere
1278 4039 1423 4097 magnum,
1448 4026 1499 4097 qui
1525 4039 1581 4083 non
1606 4025 1670 4083 ideo
1699 4038 1819 4098 magnus

111 4115 186 4172 sime
200 4116 371 4186 scripsimus
387 4115 420 4172 :b
436 4122 468 4173 ut
485 4117 590 4175 diebus
609 4119 698 4176 variis
712 4132 769 4176 nou
786 4121 940 4178 videantur
993 4113 1817 4188 quiaelatus,sedideomagnns,quouiamhumillsiactus,

110 4204 939 4284 dividiquosunadigniasapostelaiusincoelestigioria
994 4205 1127 4262 acclamo
1148 4203 1292 4275 siquidem
1315 4203 1436 4275 vestigia
1459 4204 1575 4260 Domini
1598 4204 1644 4260 sni
1666 4199 1816 4261 dicentis:

112 4292 183 4351 iecit
205 4308 267 4352 esse
295 4295 442 4353 sublimes.
471 4300 523 4355 sed
553 4299 623 4369 quia
647 4312 712 4355 mox
736 4300 939 4359 ouiinuiiein
996 4291 1631 4363 rNouvenithliushominisministrari,sed
1642 4292 1818 4364 ministrare,

111 4388 213 4441 sancia
243 4384 370 4441 Ecclesia
397 4391 430 4443 ut
457 4387 687 4459 uniuscujusque
714 4390 839 4461 apostoli
866 4388 1022 4472 iestaDet
1044 4384 1113 4440 dare
1135 4382 1261 4439 animam
1287 4394 1368 4438 suam
1396 4381 1619 4451 redemptionem
1642 4394 1693 4451 pro
1718 4380 1819 4437 multis

111 4472 351 4545 specialiterque
369 4475 417 4532 die
432 4476 504 4532 coelo
523 4477 562 4532 sit
577 4480 662 4533 natus
678 4481 707 4534 et
728 4484 893 4551 coronatus,
908 4479 938 4537 in
994 4473 1167 4544 (hatthui,
1183 4470 1239 4544 98).
1256 4488 1269 4522 r
1285 4472 1320 4526 Et
1332 4469 1405 4526 illud
1427 4469 1502 4540 quod
1526 4469 1556 4525 in
1577 4468 1636 4525 alio
1651 4468 1714 4525 loco
1732 4467 1817 4541 dicit,

110 4561 167 4619 illo
181 4561 362 4620 celebrentur
373 4583 380 4635 3
393 4578 445 4621 nos
460 4565 598 4622 hodierna
611 4566 661 4623 die
675 4568 704 4621 h.
721 4568 848 4625 llatthiae
862 4569 940 4625 dno-
993 4574 1058 4618 oum
1071 4574 1087 4617 ε
1100 4560 1224 4618 Zebedaei
1248 4559 1326 4616 illios
1341 4559 1376 4614 ad
1395 4561 1522 4614 sanctam
1540 4560 1653 4629 cogeret
1672 4556 1820 4615 humilita-

110 4652 220 4709 decimi
236 4653 359 4722 apostoli
373 4655 495 4712 natalem
517 4660 595 4712 tana
611 4656 794 4714 veneratione
811 4658 940 4715 excolere
994 4656 1050 4707 tem
1066 4667 1073 4704 :
1090 4648 1172 4719 «0¹¹1
1188 4662 1218 4704 Si
1229 4648 1334 4705 mliii
1349 4645 1564 4717 humiliimis
1577 4650 1607 4702 θῖ
1620 4646 1670 4717 ‘1¹¹i
1683 4659 1714 4703 ⁸⁰
1726 4646 1819 4703 humi·

111 4741 260 4814 dehemus,
277 4748 393 4814 quanta,
410 4748 442 4801 ut
456 4745 690 4817 predicamus,
706 4747 782 4803 inter
796 4747 941 4817 apostolos
994 4740 1048 4796 liat
1060 4737 1235 4795 exaltabitur
1248 4736 1316 4807 (huc
1330 4749 1389 4809 ιιι,
1405 4732 1435 4790 11
1450 4748 1532 4807 ;ιιιι,
1548 4731 1601 4807 11).
1616 4752 1629 4786 r
1645 4736 1681 4792 Ει
1691 4736 1820 4794 Donatus

112 4828 290 4888 mirabiliter·
303 4831 423 4890 electum
439 4847 501 4891 esse
512 4835 715 4907 comperimus.
729 4835 782 4892 Sed
799 4837 941 4907 quemad·
995 4828 1070 4884 idem
1092 4824 1228 4883 Matthias
1240 4823 1370 4881 dicitur:
1385 4835 1402 4880 a
1420 4836 1487 4895 (1110,
1509 4821 1553 4879 tel
1570 4836 1659 4895 quare
1672 4822 1687 4877 ‘l
1699 4823 1742 4879 ah
1756 4823 1820 4897 ipso

111 4916 231 4973 modum
244 4920 273 4973 li.
289 4920 365 4977 Petri
378 4922 500 4992 apostoli
513 4923 618 4995 elogio,
634 4922 691 4980 imo
705 4923 834 4993 Spiritus
847 4924 939 4981 sancti
996 4914 1227 4988 utiquehomino
1240 4915 1307 4970 lesu
1318 4911 1451 4969 chrisio:
1465 4912 1516 4984 qui
1531 4925 1596 4968 cum
1612 4913 1818 4986 precognitum

148 5054 160 5083 ·
179 5042 245 5126 llaec
267 5047 372 5104 desunt
395 5049 573 5107 hlonthritio.
600 5050 673 5107 Sunt
697 5049 727 5107 in
749 5064 801 5107 ms.
824 5053 852 5107 et
870 5050 942 5107 Bre-
1028 5042 1212 5127 οΙιιεειηιιιιε
1223 5043 1266 5098 εει
1281 5039 1329 5096 hic
1345 5037 1443 5110 Ioseph
1456 5037 1660 5113 llariyrologio
1679 5034 1818 5112 lidhrano,

110 5113 295 5246 affligam
312 5191 437 5261 passim:
456 5194 490 5249 lit
504 5194 562 5249 dies
575 5197 649 5250 varii
662 5210 717 5250 non
730 5195 877 5250 uideamur
891 5195 942 5249 di-
994 5116 1219 5245 aeschinum
1234 5181 1320 5254 inira,
1336 5181 1409 5239 Beda
1426 5181 1457 5238 in
1477 5180 1547 5239 hcta
1558 5181 1651 5239 etalii
1673 5183 1818 5264 interpre·

108 5256 218 5315 aedae.
241 5262 430 5321 Monthrltius
446 5283 453 5321 r
470 5267 504 5321 Ut
525 5266 621 5323 dicius
638 5269 725 5322 vomis
744 5282 799 5322 uon
819 5267 940 5323 diuimre
994 5265 1093 5319 untur
1112 5260 1161 5313 liei
1171 5272 1290 5328 porrum
1301 5275 1310 5310 r
1321 5256 1357 5338 de
1368 5255 1452 5338 cujus
1470 5255 1584 5326 etymol.
1607 5254 1743 5311 llehraice
1760 5254 1817 5309 dre

109 5328 266 5388 uideamur.
996 5338 1078 5406 putat
1089 5327 1390 5398 corneliusalaprdc
1405 5340 1435 5382 ιι
1449 5326 1546 5383 εει1ειι
1560 5327 1638 5382 Acta,
1673 5394 1680 5407 ι

149 5412 164 5443 ⁰
174 5404 271 5462 llonh.
287 5406 366 5462 lutus
381 5412 477 5464 mado
490 5408 611 5466 serundo
623 5410 753 5483 tigrim
1030 5416 1047 5460 ε
1062 5407 1119 5460 lma
1131 5407 1192 5458 ium
1212 5401 1414 5474 praecedentem
1434 5398 1604 5455 senientiam
1619 5395 1696 5451 dixit
1711 5395 1747 5451 de
1759 5406 1815 5451 me

147 5477 303 5537 iAdditur
316 5478 393 5551 apud
416 5481 520 5538 Lucam
535 5483 601 5539 :lic
615 5485 648 5538 ut
664 5480 857 5553 opprimim-
874 5496 941 5550 ege
995 5476 1132 5547 naserio,
1146 5479 1177 5532 at
1190 5476 1354 5546 mouentem
1374 5471 1481 5543 sepius
1494 5468 1552 5526 alla
1566 5464 1715 5524 occasione
1728 5464 1812 5522 dixit

109 5546 564 5621 itleihrpauemuarlloeeldunau,
577 5552 939 5625 ducatuum.

1287 5688 1442 5731 anfi-m
