3876 6090
61 220 119 279 853
529 227 725 283 STEPHANUS
749 230 835 285 Para
859 231 893 286 t'l

916 262 950 271 —
970 232 1107 288 normal
1126 231 1304 288 lllsrolucll

1715 224 1771 287 85l

63 342 144 404 hum,
163 346 216 400 ete.
234 343 328 414 Quare
342 346 402 402 bac
418 347 539 418 epistola
561 352 628 407 data
641 367 656 407 a
670 354 803 409 Formoso
818 369 889 426 papa
904 356 1092 428 Arempormn
1119 360 1281 429 pronuntiat
1305 376 1311 412 ε
1342 359 1439 419 rtrlrr.
1469 358 1584 429 inqnit,
1610 363 1666 415 tam
1688 360 1769 415 valde

64 421 131 484 post
145 430 190 471 an
213 415 275 472 8.tl.
291 432 348 487 quo
368 418 415 473 hic
430 420 554 488 pontifex
573 424 714 480 llomauns
738 427 890 483 ordinatus

63 492 117 553 est,
136 491 165 542 et
184 495 335 559 postquam
359 490 444 545 Falco
468 494 702 566 archiepiscopus
723 497 888 554 Rhomensis

62 557 137 613 duas
167 574 231 614 mox
263 567 432 617 memoratas
462 562 583 636 litteras,
612 582 733 637 quarum
761 571 890 626 meminit

65 630 242 686 l'lodoardus
257 632 292 687 ad
304 631 449 687 xlllreduo
469 650 571 707 regem,
585 645 613 692 et
627 639 661 693 ad
683 639 888 710 plegmundum

63 701 315 772 arehiepiscqmm
328 704 560 763 cantuariensem
575 704 761 779 scripsissel'3
778 726 841 766 curn
860 714 888 768 in

65 771 104 826 lis
117 773 201 827 rerba
218 772 302 829 saciat
316 775 349 827 de
363 781 568 843 perversissima
579 786 648 833 sintin
662 784 807 850 pnpmdris
818 800 891 836 erro·

64 844 142 897 ribus
155 851 259 904 enoria,
278 852 470 916 memoretque
482 852 632 905 t'rtcrslttnsn.
649 854 766 907 leccatriae
780 857 890 920 fomon-

63 920 102 982 tc,
121 916 164 969 uti
179 916 213 970 ab
223 916 341 972 illiordo
358 917 446 972 citato
461 919 650 990 observatum,
665 925 715 993 qul
727 924 807 979 addit
822 926 890 981 Ead-

64 999 175 1040 merum
191 990 358 1042 monachum
378 990 614 1047 carituartensen
636 1001 779 1049 auctorem
798 1008 888 1052 acccu-

64 1062 159 1112 ratum
197 1065 224 1112 et
256 1057 503 1117 blalmesburiensi
532 1064 724 1135 antiquiorem
761 1066 887 1122 Formosi

63 1141 167 1183 nomen
178 1129 225 1183 his
235 1129 342 1185 litteris
352 1128 511 1201 praefixisse
524 1135 553 1189 in
569 1135 617 1190 lib.
628 1150 644 1190 r
656 1138 807 1192 Novorurn.
819 1139 890 1193 llinc

63 1200 889 1281 uonmalescrlpsitl‘arkerus,viresectal‘rotestahtium,

63 1284 92 1325 tn
105 1271 203 1341 antiq.
219 1273 325 1328 Britan.
342 1275 455 1333 dumde
467 1278 793 1349 Plegmundoloquitur:
810 1282 891 1334 Tem-

58 1343 313 1410 puseffmmmtam
339 1347 387 1404 boc
413 1351 501 1417 sitisse
532 1350 671 1404 l'ernerrts
696 1353 725 1404 ia
748 1351 891 1405 Fttscictdo

946 430 1056 499 dipl-err
1071 434 1158 501 capit,
1182 437 1208 485 rt
1221 432 1312 484 clmici
1331 431 1466 498 maleficias
1480 436 1559 483 rmod
1581 432 1676 491 (tratti.
1701 448 1769 486 cott-

946 504 1122 570 snrprntibm
1141 505 1229 557 sortis.
1252 502 1417 556 Sacerdotes
1440 501 1515 556 «enim
1536 501 1626 571 aliqui
1645 501 1769 559 lemiua‘

948 588 1009 628 run
1021 575 1191 629 commercio
1204 574 1248 629 usi
1262 578 1289 627 et
1300 572 1382 627 abusi
1392 576 1478 638 sunt3
1491 572 1565 642 quod
1577 572 1612 626 ab
1624 574 1768 642 episcopis

947 645 1049 700 moniti
1068 645 1210 701 obstinate
1222 643 1373 699 defendere
1389 648 1582 712 porrexerunt.
1603 645 1688 697 Porro
1711 643 1768 698 haec

945 715 978 770 ad
999 716 1172 785 rlng'rmmos
1188 716 1337 785 episcopos
1352 714 1484 783 epistola,
1502 727 1556 768 raon
1572 714 1600 768 in
1621 713 1706 769 libris
1722 714 1771 769 lle

945 800 1011 857 gum
1024 800 1039 841 a
1056 787 1300 842 blalmesburlensi
1316 785 1443 850 recitata,
1454 785 1497 839 uti
1509 785 1619 839 laudata
1632 785 1767 854 synodus,

945 858 992 912 sed
1008 858 1057 912 lih.
1074 860 1127 913 rtlo
1142 860 1238 913 Gestis
1251 857 1347 912 Pontii
1366 898 1384 910 ..
1404 870 1478 927 pag..
1497 853 1559 931 hil,
1578 854 1645 911 dum
1659 856 1693 910 de
1705 857 1770 926 pri-

945 933 1022 984 matu
1034 929 1242 999 archiepiscopi
1261 928 1477 984 Cantuarlousls
1495 927 1622 994 disserit,
1649 926 1770 997 ideoque

946 999 1074 1055 l'ormosi
1095 1014 1172 1070 papa
1191 1006 1317 1069 tempore
1337 999 1400 1054 dari
1417 999 1521 1069 potuit,
1543 999 1591 1053 sed
1613 997 1769 1053 inteream

945 1073 972 1124 et
988 1072 1126 1140 synodum
1155 1071 1339 1142 anglicanam
1360 1070 1439 1126 nulla
1459 1074 1502 1125 est
1524 1069 1664 1124 connexio
1681 1087 1689 1138 3
1706 1073 1770 1138 post

946 1148 1062 1196 mortem
1083 1143 1159 1198 enim
1178 1143 1315 1205 Formosi,
1333 1142 1416 1196 bellis
1432 1142 1460 1196 in
1476 1140 1579 1211 dnglia
1592 1140 1687 1195 omnia
1702 1147 1769 1196 tur-

947 1211 1093 1277 bantibus,
1111 1228 1229 1283 regnum
1247 1214 1466 1268 westsaxonum
1487 1225 1535 1281 per
1549 1225 1640 1266 auitos
1661 1216 1767 1280 septem

946 1284 1151 1354 sineepiscouo
1169 1284 1234 1353 laxit,
1261 1290 1290 1340 et
1311 1290 1374 1354 post
1390 1283 1462 1339 illud
1474 1281 1653 1352 septennium
1666 1282 1768 1338 couci-

947 1353 1019 1410 lium
1034 1353 1224 1426 anglicanum
1240 1362 1380 1411 coactum.

61 1464 1769 1509 Ἥ

702 1573 790 1616 horto
821 1571 939 1616 DOMINI
968 1576 1150 1619 ucccxcvu.

602 1706 1090 1815 subruamus
1142 1710 1225 1815 vl

742 1893 915 1950 PONTlFEX
943 1894 1120 1953 ROMANUS.

817 2025 1020 2037 m·—

395 2128 596 2200 nomrm
633 2129 897 2199 msromcl
934 2131 983 2200 m
1021 2108 1312 2202 srunn'anon
1366 2132 1433 2204 vl.

576 2263 663 2326 (apim
686 2263 782 2324 nansi,
807 2263 984 2314 eouotaomm
1007 2262 1086 2325 ampl.
1109 2262 1255 2326 eorrectio.)

93 2474 256 2545 Stephanus
273 2481 370 2533 sextus
392 2478 532 2534 successit
550 2479 692 2535 Formoso.
717 2479 882 2535 bonifacius
899 2479 1065 2551 Bgitisque
1076 2480 1170 2537 tribus
1180 2480 1312 2551 abscisis,
1331 2481 1359 2536 in
1372 2480 1498 2537 Tiberim
1515 2480 1617 2550 iactari
1630 2496 1719 2552 praece
1741 2481 1764 2540 il

57 2546 137 2602 enirn
158 2548 209 2617 qui
232 2549 368 2604 invadens
389 2551 483 2605 sedem
505 2551 690 2619 apostolicam
707 2553 800 2607 tenuit
820 2566 881 2606 eam

56 2617 345 2689 diebusquindeclm,
358 2635 411 2676 non
425 2628 468 2676 est
485 2623 678 2678 numerandus
694 2624 769 2678 later
783 2624 883 2693 ponti-

59 2688 144 2758 flcess,
163 2696 259 2759 utpote
274 2692 324 2761 qui
343 2692 420 2747 velut
435 2693 518 2747 homo
534 2691 661 2748 lxeltlrlus
670 2695 727 2762 jam
744 2701 825 2749 antea
837 2694 882 2750 bis

58 2762 152 2832 gradu
167 2760 325 2834 depositus,
351 2764 503 2832 primumn
521 2763 673 2820 diaconatu
699 2779 731 2820 ac
748 2766 881 2821 deindea

60 2833 268 2902 presbyteratu,
291 2833 320 2889 iu
345 2836 467 2889 ltomana
495 2835 602 2904 synodo
624 2835 677 2890 sub
702 2837 808 2890 loarrne
831 2851 880 2905 paa-

58 2916 94 2972 pa
113 2904 162 2967 lx,
183 2904 336 2959 damnatus
363 2904 427 2961 luit.
450 2907 663 2976 taquamquam
691 2915 810 3032 uterque
832 2922 881 2976 per

57 2975 128 3042 rim,
157 2981 259 3030 metum
284 2983 311 3030 et
333 2977 511 3046 tyrannidem
531 2977 624 3031 sedem
646 2979 740 3046 adepti
774 2980 877 3033 nerint.

57 3045 185 3116 adeoque
199 3046 329 3102 intrusus
344 3049 449 3117 pariter
460 3049 605 3103 intrusum
618 3049 771 3117 expulerit,
785 3056 878 3104 tamen

56 3117 219 3185 Stephanus
234 3117 264 3172 in
285 3132 402 3173 numero
416 3125 443 3173 et
455 3119 529 3174 serie
547 3119 712 3187 pontiacum
732 3121 876 3175 coturnum

58 3188 200 3243 sententia
214 3197 390 3258 numeratur,
403 3190 471 3261 quia
482 3192 516 3245 ad
537 3189 695 3259 periculum
714 3191 881 3246 schismatis

57 3259 253 3328 avertendum,
266 3261 359 3329 illum,
377 3275 538 3331 tqoaanquam
557 3260 640 3315 lromo
656 3261 878 3317 scelestissimus

57 3337 142 3396 esset,
160 3331 312 3386 universus
326 3332 608 3402 elerusapprobavit,
624 3337 738 3403 totaque
754 3333 880 3388 Ecclesia

57 3400 200 3457 catholica
224 3417 274 3471 pro
292 3403 399 3458 Christi
427 3405 534 3459 vicario
563 3408 591 3457 et
616 3417 779 3459 successore
805 3404 878 3458 Petri

57 3472 184 3543 agnovit.
200 3474 267 3527 Nam
282 3489 346 3529 cum
363 3475 448 3529 Falco
463 3475 520 3531 llhe
532 3474 628 3532 nensis
645 3475 880 3544 archiepiscopus

57 3556 122 3598 euru
134 3542 268 3599 Formoso
281 3544 465 3617 subrogatum
481 3547 678 3615 intellexisset,
689 3545 836 3615 obsequiis
853 3551 882 3599 et

57 3612 171 3680 oficiis,
189 3617 473 3684 quaerecenscreatis
487 3617 810 3685 pontidcibusexhiberi
831 3631 882 3671 so-

57 3684 125 3753 lent,
147 3688 323 3757 scriptisque
339 3688 373 3742 ad
393 3702 457 3742 eum
479 3689 594 3755 litteris,
623 3695 693 3743 teste
714 3688 880 3747 l'lodoardn.

56 3769 121 3813 eum
135 3766 286 3813 verteretis
298 3764 357 3813 est:
377 3774 432 3814 non
457 3761 590 3829 ignorans
608 3775 637 3815 se
657 3760 742 3814 etlam
762 3761 791 3814 ln
811 3774 882 3814 suc-

56 3829 222 3909 cessoribus
236 3829 364 3910 indignis
378 3832 489 3886 Petrum
502 3845 534 3888 ac
548 3833 694 3912 Christmn
704 3831 842 3894 vcrrnrari,
855 3831 880 3885 si
897 3850 922 3912 G

58 3897 161 3954 iisdem
178 3898 308 3954 delutum
331 3901 439 3956 cultum
464 3909 491 3957 et
514 3904 705 3959 obedientlam
734 3901 876 3956 deterret:

56 3978 155 4025 contra
171 3984 237 4027 vero
251 3972 280 4025 ln
297 3972 397 4027 iisdem
412 3974 523 4029 cosdem
541 3987 682 4044 spernere,
700 3973 723 4026 si
737 3987 822 4042 (partlm
835 3975 878 4027 de·

58 4039 141 4096 bebat
161 4043 347 4098 reverentiam
363 4058 417 4098 non
430 4046 584 4101 extuberet.

91 4113 472 4184 l’ontlllcatumausplcatus
491 4125 534 4172 est
547 4133 562 4173 a
578 4116 729 4172 sacrilerio
747 4115 807 4184 illo,
822 4129 878 4184 aquo

57 4198 162 4254 eorpus
177 4185 304 4240 Formosi
321 4187 514 4249 exhumatum,
541 4159 767 4244 sacerdotalibus
789 4186 879 4240 indu-

57 4256 163 4312 mentis
175 4257 318 4319 iudutum,
329 4258 479 4328 tribusque
489 4261 591 4331 digitis
605 4258 778 4325 mutilatum,
797 4257 825 4311 ln
835 4257 878 4310 Tl-

57 4326 148 4383 berim
165 4329 294 4398 projecit,
307 4342 460 4399 omnesque
481 4331 516 4384 ab
531 4333 628 4386 eodem
652 4330 800 4385 ordinatos
821 4331 879 4382 ite-

59 4405 118 4455 rato
133 4401 295 4454 consecrari
310 4406 337 4454 et
349 4401 478 4456 ordinari
492 4403 633 4471 praecepit.
647 4401 732 4454 lliror
754 4415 809 4470 qna
829 4413 878 4454 ra-

58 4472 136 4526 tione
154 4470 334 4540 onuphrius,
357 4473 493 4527 iraannot.
510 4488 542 4528 ac
567 4474 715 4537 Platinam,
743 4471 813 4526 hanc
835 4471 875 4525 rei

58 4550 143 4613 gestae
158 4542 309 4597 historiam
326 4548 458 4613 tanquam
471 4543 629 4601 lahnlnsam
647 4544 728 4612 plane
745 4542 875 4611 rejiciut;

59 4628 121 4669 cum
148 4620 250 4683 preter
265 4615 384 4684 antiqua
402 4623 582 4671 rnorlumenta
601 4624 629 4670 et
642 4614 790 4684 syrmdalia
803 4620 874 4682 acta,

58 4684 211 4755 dequibus
228 4684 302 4739 inl'ra
318 4687 371 4741 sub
392 4686 497 4741 loanne
519 4689 565 4758 lx,
584 4686 777 4754 Luitpraodus
801 4684 877 4738 libro

58 4757 160 4824 primo,
173 4757 267 4825 capite
277 4764 385 4823 octavo,
398 4758 524 4812 eandem
538 4759 583 4813 his
594 4758 688 4813 verbis
706 4754 880 4811 manifestis·

58 4827 128 4883 sime
154 4828 300 4883 describat
324 4836 352 4881 et
372 4829 550 4883 detestetur:
579 4831 713 4884 Formosa
731 4825 876 4894 defuneto,

58 4897 165 4970 inquit,
183 4904 269 4969 atque
290 4898 439 4968 Arnulpho
465 4900 493 4954 in
521 4901 635 4969 propria
652 4912 772 4965 reverso,
791 4898 877 5023 isqui

59 4977 120 5040 post
136 4975 253 5025 mortem
264 4970 391 5026 Formosi
409 4984 479 5040 papa
494 4973 670 5026 coristitntus
694 4976 736 5024 est
748 4968 827 5039 (doni
842 4984 878 5023 a-

58 5041 119 5098 tius
131 5042 272 5096 nimirum
288 5041 322 5096 de
333 5043 496 5113 tyuosopra)
519 5042 683 5112 expellitur,
703 5042 877 5113 sergiusque

59 5112 405 5184 yupalmemorla'lapsus
422 5114 614 5182 tuitprnndus
636 5114 792 5169 innomine
806 5114 876 5182 erat)

938 2557 1113 2623 cunctosque
1127 2567 1198 2622 qum
1214 2554 1273 2623 ipse
1284 2552 1465 2608 ordinaverat
1478 2552 1568 2623 gradu
1583 2553 1698 2622 proprio
1710 2497 1765 2609 ‹re-

938 2623 1047 2691 positos
1064 2624 1168 2678 iterum
1189 2624 1344 2679 ordinavit.
1366 2623 1445 2692 Quod
1462 2637 1545 2694 qua-n
1564 2626 1634 2678 made
1650 2623 1755 2694 egerit,

938 2695 1019 2749 Pater
1031 2695 1224 2763 sanctissime,
1243 2696 1468 2750 animadvertere
1482 2695 1607 2765 poteris,
1624 2695 1763 2777 quoniam
1850 2713 1853 2717 ·

936 2770 965 2819 et
981 2766 1021 2835 hi,
1034 2766 1083 2835 qui
1106 2767 1204 2821 aluda
1221 2767 1334 2821 bonini
1356 2766 1522 2821 nostrilcsu
1537 2765 1646 2821 Christi
1660 2764 1762 2835 prodi-

936 2841 1006 2906 tore,
1023 2844 1088 2891 ante
1103 2837 1305 2904 proditionem,
1321 2836 1442 2892 salutem
1462 2851 1512 2892 seu
1532 2836 1760 2893 benedictionem

935 2907 1121 2975 ayriastolieam
1134 2916 1329 2978 perceperunt,
1348 2922 1379 2963 ea
1396 2912 1460 2978 post
1473 2908 1675 2978 prmlitlonen,
1693 2921 1763 2977 pro-

937 2978 1052 3047 priique
1062 2980 1192 3047 corporis
1203 2980 1417 3047 suspensionem
1431 2979 1548 3034 minime
1559 2984 1627 3034 suot
1644 2979 1760 3049 privati,

936 3049 992 3103 nisi
1003 3049 1212 3118 quoslmproba
1222 3048 1605 3118 fortedeloedarautdagitia.
1625 3050 1764 3107 benedic·

935 3119 1692 3189 ctiosiqnidem,quamlnlstrisdhnstlimpenditur.
1706 3134 1762 3177 nou

935 3205 986 3260 per
999 3204 1074 3250 euru,
1087 3191 1136 3260 qm
1150 3190 1273 3247 videtur.
1285 3192 1458 3246 sacerdotem
1474 3189 1639 3246 infunditur
1653 3204 1762 3261 ,neque

935 3261 1011 3315 enim
1025 3261 1074 3330 qud
1096 3261 1172 3332 rigat
1190 3269 1233 3316 est
1252 3262 1376 3332 aliquid,
1397 3273 1488 3331 neque
1502 3260 1552 3331 qm
1577 3261 1695 3330 plantat,
1713 3262 1760 3317 sed

935 3333 986 3402 qui
1000 3332 1078 3388 incre
1109 3337 1207 3386 entum
1222 3332 1282 3389 dat.
1296 3334 1377 3386 Deus.
1390 3332 1508 3399 quarite
1523 3337 1617 3387 autem
1629 3332 1763 3387 auctori-

934 3403 1000 3468 atis,
1021 3409 1189 3473 quantaeque
1210 3403 1361 3474 religionis
1387 3415 1458 3471 popa
1486 3403 1638 3458 l'ornlosus
1662 3401 1760 3474 luerit,

937 3474 1004 3528 hiuc
1018 3473 1154 3544 colligere
1166 3488 1329 3543 possumus,
1342 3473 1478 3545 quoniam
1493 3474 1562 3528 dum
1578 3489 1593 3528 a
1613 3474 1761 3543 piscatori·

936 3544 1179 3614 buspostmodum
1196 3553 1270 3600 esset
1292 3545 1433 3611 inventus,
1447 3543 1578 3614 atquead
1602 3544 1676 3599 beati
1688 3557 1762 3614 apo-

936 3616 1075 3670 stolorum
1091 3616 1232 3686 principis
1243 3614 1577 3684 ecclesiamdeportatus,
1596 3619 1759 3670 sanctorum

938 3687 1064 3757 quaedam
1078 3687 1217 3756 imagines
1228 3688 1303 3743 hunc
1313 3688 1341 3740 in
1352 3686 1580 3755 loculopositum
1591 3686 1760 3741 reiterabili·

938 3765 981 3812 ter
991 3757 1166 3812 salutarunt.
1180 3761 1235 3813 lloc
1249 3771 1398 3828 namquea
1416 3757 1648 3828 religiosissimis
1664 3758 1763 3813 Roma·

942 3842 983 3884 nae
995 3829 1076 3885 urbis
1090 3829 1161 3885 viris
1171 3843 1294 3899 persaepe
1304 3829 1412 3885 audiri.

963 3901 1081 3956 addidit
1103 3901 1217 3968 culpam
1237 3901 1328 3970 cnlpae
1359 3898 1520 3968 Stephanus
1539 3913 1619 3967 papa,
1646 3900 1760 3970 quando

935 3972 1054 4025 collecta
1076 3973 1184 4039 synodo
1206 3971 1316 4026 nelariu
1330 3986 1357 4039 n,
1381 3971 1501 4039 implum
1523 3968 1760 4026 etdetestandum

936 4041 1049 4097 l'acinus
1059 4043 1236 4110 approbavit.
1253 4043 1305 4111 lpsi
1321 4043 1397 4096 enim
1409 4042 1519 4110 lapides
1531 4041 1585 4096 tale
1597 4047 1759 4110 portentum

934 4113 1084 4181 exsecrati,
1096 4127 1147 4167 sua
1159 4119 1227 4167 tuuc
1236 4127 1301 4168 voce
1315 4120 1411 4168 mutua
1427 4112 1576 4167 ¹‘allisione
1586 4115 1757 4177 clamarunt,

934 4195 1117 4253 spontaneam
1131 4185 1270 4239 libentius
1282 4185 1338 4254 pati
1351 4184 1474 4254 ruinam,
1485 4197 1542 4254 qua
1554 4199 1569 4236 n
1583 4189 1615 4238 ut
1634 4185 1757 4239 ltomana

933 4256 1050 4310 eeclesia
1077 4261 1154 4310 tanto
1176 4256 1309 4310 scandalo
1331 4256 1463 4324 depressa
1489 4258 1624 4309 insueret.
1648 4254 1761 4311 decidit

935 4334 1001 4382 tunc
1014 4336 1044 4381 ut
1061 4333 1241 4381 sacrosancta
1258 4325 1377 4381 basilica
1395 4326 1600 4392 bateraneusis,
1619 4325 1758 4394 primaria

935 4398 1080 4468 pontilicis
1098 4398 1188 4465 sedes,
1216 4397 1371 4466 impulsore
1396 4396 1496 4467 angelo
1518 4396 1590 4450 malo
1613 4395 1649 4450 ab
1672 4394 1758 4451 altari

935 4471 1064 4538 usquead
1077 4476 1173 4538 portas
1185 4475 1327 4538 prostrata
1336 4472 1491 4534 corrueret,
1502 4466 1757 4537 quianequaquam

933 4549 1008 4595 stare
1024 4546 1152 4607 poterant
1171 4541 1303 4609 parietes,
1326 4540 1394 4595 dum
1418 4539 1508 4608 prima
1528 4538 1656 4592 cardinis
1679 4542 1758 4608 petra

933 4613 1004 4667 tanti
1016 4610 1154 4665 ircinorls
1165 4618 1474 4666 terremotucmcussa
1490 4607 1600 4664 luisset.
1618 4609 1754 4681 sacrilegi

933 4682 1078 4753 pontilicis
1096 4680 1218 4751 lacinus,
1242 4696 1299 4752 quo
1323 4695 1339 4736 a
1360 4679 1495 4736 defuncto
1521 4692 1631 4749 plenam
1656 4679 1757 4750 inique

933 4756 1035 4825 exegit,
1048 4766 1139 4823 quare
1150 4753 1403 4823 legitimecollatos
1413 4751 1530 4807 ordines
1538 4758 1638 4807 contra
1646 4752 1754 4807 tlhrlstl

934 4826 1148 4881 institutionem
1161 4832 1189 4879 et
1199 4824 1248 4879 Dei
1264 4824 1428 4879 mandatum
1448 4823 1591 4894 repetivit,
1605 4828 1756 4880 novatores

935 4896 1063 4952 haretici
1083 4896 1173 4951 nostri
1190 4895 1326 4964 temporis
1340 4895 1488 4950 vobiscum
1504 4899 1578 4949 reete
1589 4895 1705 4965 quidem
1717 4908 1758 4951 re·

933 4968 1318 5037 darguuntetdetestantur3
1333 4971 1536 5021 rerumcontra
1550 4966 1756 5036 promissiones

932 5040 1039 5095 Christi
1053 5042 1132 5093 Petro
1142 5036 1416 5103 etEcclosimlactas,
1432 5042 1547 5106 propter
1559 5036 1633 5092 illud
1647 5035 1755 5092 lactum

933 5113 1054 5180 impium
1077 5110 1147 5165 male
1160 5110 1326 5180 insurgunt,
1337 5115 1366 5165 et
1379 5114 1546 5178 praemature
1562 5108 1649 5164 nimis
1666 5107 1758 5163 devi-

59 5185 301 5256 perldelbertmu
312 5186 510 5239 constituitur.
528 5188 588 5254 Quo
599 5186 767 5254 corastituto,
784 5192 814 5239 ut
827 5185 877 5238 im·
894 5175 919 5234 D
932 5183 1023 5238 etoria
1032 5181 1186 5252 gloriantes
1196 5182 1376 5251 triumphum
1385 5185 1483 5252 agunt.
1496 5179 1681 5236 thunlaenlm
1694 5191 1756 5248 quc

59 5259 123 5326 ntus
131 5257 388 5325 doctrinarumque
398 5264 559 5312 sanctarum
577 5258 696 5323 inscius,
712 5257 847 5311 Formosa
860 5270 875 5309 n

58 5330 219 5400 csepulcre
228 5326 352 5395 extrahi,
367 5335 452 5397 atique
468 5329 497 5383 io
510 5329 575 5383 sede
591 5328 774 5397 pontificatus
790 5341 880 5382 sacer·

58 5401 203 5458 dotalibus
218 5399 398 5455 vestinentis
416 5399 547 5454 indutum
571 5399 705 5454 collocari
735 5400 877 5467 praecepit,

59 5474 139 5529 colet
159 5473 219 5529 ait:
240 5472 311 5526 Cum
330 5471 492 5526 Portueosls
502 5485 578 5525 esses
590 5472 752 5540 episcopus,
763 5483 880 5525 curaru-

59 5543 298 5613 bltlonisspiritu
316 5541 466 5597 thrnanan
488 5544 677 5598 universalem
691 5542 784 5596 sedem
800 5557 881 5597 usur·

59 5617 154 5686 pascit
168 5612 616 5684 liisexpletis,sacratisexutnm
638 5613 880 5685 vestimentis,di·

932 5255 1092 5323 stephanus
1110 5259 1209 5308 contra
1236 5254 1400 5308 Formosum
1424 5253 1502 5308 dixit
1521 5251 1649 5322 relegit,
1673 5249 1754 5304 homo

933 5326 1030 5381 lurore
1047 5324 1172 5394 percitus
1187 5324 1255 5382 erit.
1271 5325 1394 5393 implens
1409 5325 1437 5380 ld
1454 5325 1528 5395 quim
1541 5328 1701 5378 exaestuans
1715 5334 1755 5373 ra·
1827 5340 1830 5345 ·

934 5397 995 5451 bles
1009 5365 1263 5450 suasitl‘ontidcia
1276 5409 1339 5451 vero
1352 5397 1522 5451 auctoritate
1538 5393 1664 5462 legitime
1677 5403 1759 5471 usar-

936 5474 998 5538 pata
1022 5467 1094 5521 nihil
1122 5475 1218 5522 cantra
1243 5467 1324 5522 lldem
1339 5467 1380 5522 vel
1403 5468 1492 5522 billtts
1509 5476 1599 5518 rueres
1613 5462 1753 5539 dellulvtt.

935 5539 1068 5607 Numqui
1087 5538 1138 5593 huc
1159 5539 1194 5593 de
1207 5553 1292 5593 causa
1305 5540 1338 5593 ad
1355 5537 1495 5607 synodum
1514 5538 1659 5612 carrrocatr
1678 5541 1753 5613 ‚suut

934 5611 1096 5682 episcopiet
1109 5609 1414 5679 presbyteristephano
1423 5601 1653 5668 nondissimrles,
1660 5601 1754 5663 simili
