3876 6090
108 251 155 310 til
492 250 765 307 INTERPRETATIO
783 251 908 309 SYNODI
928 253 973 309 vll
991 255 1192 316 denudabis.
1211 289 1248 301 -
1264 259 1366 318 honio
1384 264 1429 320 lv.
1756 264 1810 323 3⁴8
1846 320 1854 340 ,

111 379 200 448 ltaque
213 391 339 450 surgens
352 377 389 434 de
408 377 577 448 pavimento,
592 381 620 432 et
635 376 755 448 imagini
776 377 932 433 salvatoris
945 379 973 440 A
987 381 1176 440 invisibiliter
1203 390 1394 457 oppugnatur,
1411 387 1478 456 imo,
1496 392 1529 444 ut
1553 389 1649 445 verius
1667 391 1808 463 dicamus,

110 467 266 539 intendens,
283 473 313 522 et
340 467 508 537 supplicans
531 465 621 521 sensit
641 465 821 523 dulcedinem
850 465 932 522 melle
972 471 1074 527 simul
1091 478 1207 545 pugnat,
1221 478 1250 530 et
1262 475 1358 531 hostes
1379 476 1407 531 in
1430 474 1525 548 lugam
1541 477 1645 532 vertit:
1658 491 1691 533 ac
1705 480 1810 537 ubi'sic

111 556 264 613 suaviorem
277 555 430 611 illatamin
443 569 475 611 os
486 555 645 624 suum.Qui
656 554 753 625 agnita
765 555 816 609 Dei
829 555 931 625 gratia,
987 560 1099 629 coepisti
1127 562 1268 633 praelium,
1299 569 1331 619 ut
1355 566 1430 621 Deus
1455 565 1515 635 ipse
1541 564 1595 621 tibi
1619 569 1811 624 monstravit?

112 651 135 700 et
148 649 279 714 percepta
294 643 459 715 dulcedine,
476 643 584 715 gratias
599 643 658 714 egit
669 644 742 698 Deo:
760 646 787 698 et
806 642 841 697 ab
863 643 932 699 hora
989 662 1108 717 praeesse
1117 651 1285 721 precipiens
1295 652 1436 709 incastris
1444 655 1523 725 regni
1537 654 1644 710 Christi
1654 654 1811 726 gloriosum

114 728 693 806 ihatacitiusaobene[docibilius]doctae
706 730 850 787 memoria>
860 731 933 802 psal
988 750 1052 792 vero
1066 750 1099 793 ac
1114 739 1228 810 insigne
1251 740 1392 813 labarum,
1410 741 1438 797 id
1463 747 1507 799 cst
1520 743 1662 799 vividcam
1686 758 1811 814 crucem,

115 823 207 880 terium
223 820 454 878 commendabat.
988 833 1229 898 magnumcontra
1238 834 1356 886 mortem
1366 831 1577 903 magnitudinis
1586 846 1645 888 suae
1657 836 1810 903 tropeum:

141 912 256 968 Cosmus
281 912 340 966 Deo
369 908 504 966 amabilis
531 909 671 967 diaconus
692 912 721 965 et
749 907 933 965 cubuclesius
989 915 1018 972 in
1035 930 1091 987 quo
1106 918 1205 974 mundi
1221 919 1398 989 quadrifarie
1419 922 1557 976 terminos
1570 922 1811 993 circumscripsit,

116 1001 180 1074 egit:
988 999 1169 1061 lineamentis
1182 1006 1373 1078 distinguens.
1397 1008 1504 1064 Deinde
1518 1014 1547 1065 et
1558 1014 1685 1065 sanctam
1706 1011 1815 1084 imagi-

89 1114 91 1118 ⁴
118 1107 229 1178 apamia
245 1105 372 1174 Greqorp
396 1106 562 1160 sanctissime
574 1120 656 1175 papae
673 1107 787 1160 nomana
805 1104 843 1159 aa
863 1119 933 1159 san.
988 1104 1050 1148 nem
1066 1093 1194 1149 omnium
1208 1095 1332 1151 dominae
1342 1109 1376 1151 ac
1389 1109 1461 1152 verm
1472 1097 1523 1152 Dei
1540 1098 1649 1169 llatris,
1662 1100 1815 1169 cujusvul·

144 1177 472 1240 demumdermonum,
483 1176 934 1247 quimerctpotriorohoconston-
989 1185 1049 1236 tum
1063 1181 1168 1237 divites
1176 1182 1268 1252 plebis
1279 1183 1517 1253 deprecabuntur.
1530 1187 1641 1242 Etenim
1651 1194 1748 1245 sancta
1758 1193 1811 1262 est,

145 1249 300 1319 Wlffl-
314 1299 315 1302 =
988 1270 1227 1340 quemadmodum
1239 1273 1371 1342 patribus
1381 1274 1505 1346 videtur,
1519 1290 1583 1346 qua
1595 1275 1692 1333 taliter
1705 1278 1814 1335 avobis

144 1355 241 1425 Qualis
255 1359 285 1411 ct
299 1368 364 1426 qua
375 1353 528 1411 delectatio
543 1367 632 1410 meam
648 1354 690 1410 sic
705 1353 852 1409 letificare
865 1353 935 1408 ani·
989 1357 1035 1427 pie
1051 1357 1188 1415 honorata
1212 1360 1318 1417 tribuit
1340 1362 1568 1420 vicissitudines.
1585 1366 1654 1421 Nam
1677 1366 1814 1437 imaginis

118 1457 180 1499 nam
199 1443 290 1523 novit,
307 1443 385 1499 sicut
399 1441 547 1515 gratldcus
570 1442 693 1499 trontius
716 1455 802 1511 super
816 1446 866 1497 tuo
878 1454 936 1497 no-
989 1446 1080 1503 honor
1094 1448 1128 1503 ad
1152 1449 1338 1519 principalem
1355 1452 1468 1523 transit,
1494 1454 1649 1509 secundum
1674 1455 1812 1511 Basiliam

119 1535 193 1605 nine,
208 1533 286 1604 quod
304 1532 488 1588 reverendum
505 1545 600 1588 revera
623 1531 695 1586 mihi
711 1534 740 1586 ct
755 1529 935 1601 magnilican-
990 1549 1133 1607 magnum.
1148 1538 1182 1591 Et
1196 1537 1301 1607 pietate
1315 1544 1359 1594 est
1382 1540 1463 1609 plena
1484 1542 1690 1598 venerabilium
1707 1543 1815 1615 imagi-

117 1624 174 1680 dulil
199 1622 336 1677 decentet·
357 1625 410 1690 est,
428 1632 445 1677 0
460 1619 835 1676 sauclifltuoeeldivinilus
850 1617 935 1674 acie?
991 1637 1058 1680 num
1073 1638 1170 1697 causa,
1186 1626 1262 1682 sicut
1281 1627 1358 1683 dixit
1381 1628 1618 1698 Chrysostomus:
1638 1632 1696 1703 Ego
1711 1636 1814 1688 etcera

118 1713 165 1768 lloo
177 1710 255 1767 enim
269 1714 300 1765 et
318 1722 395 1766 nunc
406 1723 521 1782 egoper
537 1708 719 1765 honorabiles
743 1709 856 1764 litteras
871 1695 975 1762 tuasB
992 1711 1134 1783 pertusam
1155 1715 1246 1770 amarvi
1276 1717 1416 1785 picturam
1441 1718 1545 1787 pietate
1580 1719 1728 1775 refertam:
1754 1720 1814 1777 vidi

118 1797 479 1872 evangdiaatusensultavi,
490 1801 581 1868 elprae
592 1798 682 1854 nimio
691 1798 806 1869 gaudio,
826 1795 934 1866 spiritu
992 1801 1109 1857 enimin
1126 1801 1250 1874 imagine
1260 1804 1390 1875 angelum
1401 1819 1507 1862 cuneos
1517 1805 1703 1864 barbarorum
1717 1822 1816 1879 perse-1

120 1889 356 1946 letidcatussum.
366 1888 473 1944 Deinde
487 1888 628 1944 incoelum
639 1887 793 1943 extendens
808 1883 933 1961 oculum,
992 1895 1134 1959 quentem,
1150 1895 1179 1945 et
1189 1891 1277 1946 David
1293 1892 1439 1949 veritatem
1475 1894 1634 1950 dicentem:
1649 1899 1769 1969 bomine,
1785 1899 1814 1953 ia

95 1979 265 2052 ,gratiarum
278 1975 455 2034 dominatori
469 1977 598 2034 omniurn
613 1979 670 2033 Deo
684 1976 770 2032 retuli
786 1975 932 2031 actiones:
992 1980 1100 2032 ciuitate
1127 1983 1175 2032 tua
1200 1981 1344 2046 imaginem
1367 1997 1458 2035 eorum
1489 1982 1527 2037 od
1569 1985 1685 2039 nihilum
1710 1987 1815 2053 rediges

121 2068 162 2138 gui
184 2068 282 2124 taliter
305 2066 392 2122 ctiam
409 2066 490 2122 modo
515 2065 617 2137 voluit,
634 2069 663 2122 et
689 2066 744 2121 ilne
760 2070 844 2121 mnus
856 2062 937 2120 vohis
992 2064 1066 2138 (Psot
1082 2068 1179 2138 ιιιιι).
1191 2069 1224 2123 Et
1240 2081 1416 2138 nequaquam
1430 2071 1554 2126 Ecclesia
1566 2072 1682 2143 erravit,
1697 2073 1764 2128 licet
1776 2073 1814 2127 ita

123 2160 288 2227 cooperatur,
304 2160 333 2211 et
351 2154 449 2211 omnia
472 2159 564 2210 vestra
580 2154 611 2209 in
637 2153 729 2209 lucem
755 2152 862 2209 educit.
879 2153 936 2208 lloo
998 2154 1430 2226 faeritastimatumlndulgeat
1447 2160 1533 2227 Deus,
1550 2172 1641 2228 neque
1657 2161 1814 2216 secundum

86 2255 90 2263 ·
123 2247 224 2303 enimet
235 2245 376 2302 orandum
391 2243 516 2299 mihiest
526 2246 611 2299 noctu
625 2247 654 2298 et
672 2242 810 2310 interdiu,
824 2244 853 2297 et
868 2254 940 2297 nun·
994 2245 1815 2321 gentilemconsequentiamesttraditlo(ahsit)etintentio

125 2350 196 2408 qoam
210 2334 368 2406 aliquando
381 2333 435 2389 hoc
443 2331 619 2389 desiderium
633 2331 821 2389 deserendum
834 2344 894 2386 esse
906 2330 938 2386 iu
995 2333 1036 2389 rei
1049 2334 1205 2390 secundum
1218 2334 1288 2405 quid
1301 2335 1447 2406 probatur,
1458 2341 1487 2391 et
1497 2350 1675 2407 nequaquam
1688 2337 1816 2392 conside
1921 2391 1923 2395 ,

126 2424 226 2481 ihristo
240 2422 388 2480 conlidens
403 2422 604 2492 pronuntiabo.
616 2416 828 2477 ,Testimonium
841 2423 936 2476 autem
993 2427 1094 2477 rantur
1106 2436 1169 2492 quse
1179 2422 1376 2492 perdciuntur.
1389 2427 1458 2480 Nam
1471 2438 1561 2495 neque
1572 2425 1601 2479 in
1612 2425 1817 2481 Pancadecivi·

127 2513 241 2585 perhibet
261 2512 387 2568 sermoni
415 2525 486 2579 mco,
501 2525 518 2566 o
531 2509 773 2580 superlaudabilis
796 2513 855 2564 eta
880 2510 937 2564 Deo
992 2509 1339 2581 archemorrhoissaepie
1356 2517 1438 2569 motae
1454 2513 1483 2568 in
1506 2513 1731 2570 recordationem
1747 2512 1814 2570 iacti

127 2602 222 2671 dilecte,
238 2602 325 2658 etiam
341 2605 397 2657 tuae
421 2613 471 2670 per
493 2613 604 2655 omnem
620 2599 719 2655 horam
735 2597 937 2654 benevolentiae
992 2597 1022 2654 in
1036 2612 1066 2654 se
1078 2599 1211 2654 miraculi
1237 2600 1452 2673 repudiabatur,
1473 2614 1537 2657 cum
1557 2607 1618 2656 orta
1634 2607 1708 2657 esset
1729 2600 1815 2657 herba

129 2691 287 2748 recordatio:
304 2702 389 2761 quam
406 2688 603 2744 habitatricem
618 2687 725 2744 habens
743 2688 771 2743 in
785 2686 882 2756 labiis,
907 2689 936 2741 ct
991 2688 1069 2743 circa
1084 2687 1168 2757 pedes
1180 2692 1292 2757 statuae,
1309 2702 1372 2759 qum
1382 2688 1416 2744 ad
1430 2702 1462 2744 ea
1478 2690 1633 2745 innomine
1648 2690 1763 2746 Domini
1775 2692 1816 2745 tc·

129 2779 235 2835 dolorem
251 2778 331 2835 verbi
342 2776 416 2833 serre
428 2791 484 2833 non
496 2777 603 2846 valens,
619 2776 699 2832 illico
709 2777 743 2832 ad
754 2775 871 2831 attatum
888 2787 936 2844 per
992 2776 1144 2832 suChristi
1159 2782 1250 2832 erecta
1263 2781 1324 2831 est:
1340 2781 1512 2833 etextranea
1524 2784 1594 2841 erat,
1613 2779 1816 2851 incognitaque
1843 2815 1845 2818 ι

131 2859 222 2924 litteras
232 2867 391 2938 properavi.
404 2867 454 2922 Est
462 2866 539 2921 enim
551 2865 680 2922 debitum
693 2865 775 2936 mihi,
789 2869 818 2921 et
828 2864 936 2921 debitis
992 2866 1096 2936 specie,
1111 2865 1260 2935 positaque
1273 2866 1406 2921 omnibus
1427 2866 1457 2921 in
1480 2867 1626 2924 variorum
1643 2867 1814 2937 languorum

131 2956 224 3011 mactis
239 2955 396 3026 insignius,
406 2961 439 3033 'te
451 2952 567 3010 tratrem
583 2966 676 3009 mcum
696 2959 938 3025 etpropugnato-
992 2953 1149 3008 remedium
1170 2953 1409 3010 condescensione
1420 2960 1449 3009 et
1460 2953 1588 3011 bonitate
1608 2956 1658 3011 Dei
1672 2960 1701 3011 et
1713 2956 1815 3011 Salva·
1868 2971 1871 2976 ’

131 3056 174 3099 ren
187 3043 319 3101 Ecclesia
346 3043 470 3099 salutare
497 3055 531 3097 ac
553 3042 674 3113 alloqui,
700 3046 728 3097 et
747 3042 936 3099 luctaminum
952 3059 977 3123 c
992 3041 1065 3097 toris
1080 3040 1180 3096 nostri.
1197 3043 1255 3096 lmo
1266 3041 1377 3113 legalis,
1392 3045 1423 3098 ut
1432 3043 1491 3111 jam
1513 3039 1587 3117 [ita]
1603 3044 1743 3114 dicamus,
1758 3043 1817 3099 hu-

131 3137 227 3189 tuomm
246 3131 412 3188 collaudare
427 3130 569 3186 materias.
595 3130 714 3186 Etiamsi
731 3130 890 3201 quisdicat
909 3135 938 3186 et
989 3129 1817 3204 jusmodiestinDecerecti031icetiigurismagissignan·

129 3220 193 3276 valde
219 3219 441 3276 convenienter:
470 3218 573 3274 clamet
598 3219 695 3288 potius
720 3232 753 3274 ea
780 3219 938 3288 impictatis
992 3219 1028 3275 da
1051 3214 1128 3291 [Gr.,
1144 3217 1245 3288 liguris
1263 3215 1452 3293 expressiori,
1481 3224 1508 3274 et
1523 3218 1816 3290 umbrmprmierenda

130 3321 280 3379 decursor,
295 3307 346 3378 qui
360 3321 436 3363 nunc
446 3321 546 3377 passus
558 3312 610 3378 cst,
623 3307 696 3363 bona
711 3307 824 3364 actione
835 3307 937 3363 malam
992 3308 1032 3364 sit
1043 3307 1136 3379 gratia
1147 3311 1175 3361 et
1193 3306 1308 3362 veritas.
1323 3306 1402 3362 Unde
1415 3309 1567 3363 maximam
1582 3307 1686 3364 salutis
1699 3321 1815 3364 causam

128 3398 250 3453 actionem
266 3397 327 3452 tuis
342 3401 569 3469 commutaturus
589 3394 789 3451 felicitatibus.
802 3397 872 3450 Nam
887 3409 939 3451 ar·
992 3400 1155 3453 sanctorum
1170 3399 1261 3450 coetus
1272 3395 1323 3450 Dei
1338 3395 1463 3451 consilio
1479 3395 1531 3452 hoc
1545 3396 1704 3465 capitulum
1721 3396 1816 3452 tradi-

129 3483 273 3542 hitrabatur
296 3485 453 3541 morandum
469 3484 551 3540 illum
576 3485 626 3555 qui
650 3485 802 3540 desursum
816 3484 934 3549 cedidit,
991 3480 1155 3558 dit[dr.,h.
1167 3496 1228 3553 cap.
1239 3484 1373 3539 Ecclesiae
1384 3480 1518 3558 trad.]in
1538 3484 1737 3562 universorum
1748 3482 1816 3538 vul-

130 3570 230 3629 inurere
244 3573 332 3630 simul
352 3578 381 3628 et
395 3573 546 3643 prevalere
559 3574 696 3629 adversus
717 3573 870 3642 pietatem:
887 3573 935 3628 sed
992 3574 1080 3644 tibus,
1094 3578 1123 3629 et
1136 3573 1264 3630 colorum
1273 3572 1490 3643 operationibus
1503 3571 1691 3628 venerabilem
1705 3576 1733 3628 ct
1745 3584 1816 3627 san-

131 3659 268 3731 impeditur
276 3662 393 3718 coelitus
403 3676 452 3732 spe
460 3660 627 3718 fraudatusr
638 3667 666 3718 et
675 3662 936 3732 audiebatquidem
992 3666 1069 3719 ctum
1081 3662 1270 3718 characterem
1286 3662 1442 3718 secundum
1463 3661 1669 3717 humanitatem
1685 3661 1747 3731 ejus
1763 3659 1814 3730 qui

132 3747 285 3807 thcclesia
295 3764 327 3807 ca
338 3765 401 3821 quae
416 3744 562 3807 etPharao
577 3751 659 3821 prius
674 3750 824 3823 AEgyptius
838 3755 938 3820 tyran·
993 3751 1071 3807 tollit
1084 3755 1228 3821 peccatum
1240 3750 1351 3820 mundi,
1362 3750 1516 3822 erigamus,
1531 3762 1654 3819 percum
1670 3747 1816 3804 humilita-

84 3868 86 3873 .
134 3839 337 3910 aus,hlopsede
359 3839 411 3896 illo
427 3841 657 3896 canentezitiuu‘t
677 3841 822 3893 inimicus:
840 3841 939 3893 Perse·
994 3840 1032 3896 tis
1057 3840 1257 3896 celsitudinem
1272 3840 1322 3895 Dei
1343 3838 1421 3895 verbi
1437 3837 1746 3908 considerantes,ctad
1762 3850 1817 3892 me

134 3928 438 3998 summmprehendom,
446 3929 573 3999 partibor
582 3929 681 3998 spotia
698 3928 805 3998 replebo
817 3930 938 3982 enimam
992 3929 1112 3984 moriam
1131 3928 1357 3984 conversationis
1372 3928 1497 3983 incarne
1510 3926 1601 3996 lacte,
1616 3933 1673 3981 tam
1683 3924 1817 4001 videlicet

135 4015 310 4088 ncommod.
326 4016 390 4089 xv).
410 4016 503 4073 Sedet
517 4015 727 4087 audiebatque
750 4023 780 4071 ct
795 4016 855 4085 ipse
869 4016 938 4073 dia·
992 4017 1137 4089 passionis
1153 4018 1216 4088 ejus
1228 4023 1256 4072 et
1271 4017 1408 4073 salutaris
1423 4016 1535 4086 mortis,
1552 4029 1635 4086 quam
1649 4014 1818 4084 redemptio-

136 4097 935 4180 bolus,cumpropheticailliprenuntiarcturmaledictio:
993 4107 1039 4162 nis
1051 4121 1114 4176 quae
1127 4106 1195 4162 hinc
1210 4107 1316 4163 mundo
1331 4105 1428 4161 edecta
1440 4110 1494 4175 est,
1509 4118 1593 4160 manu
1610 4103 1817 4175 quodammodo

136 4188 257 4261 Propterea
286 4194 407 4249 menet
428 4198 452 4249 te
477 4197 547 4249 Dera
570 4196 600 4248 in
623 4197 712 4263 daem,
738 4194 831 4247 coellet
854 4196 889 4261 te,
913 4195 939 4245 et
992 4195 1090 4251 ducti:
1111 4199 1140 4250 ct
1155 4195 1235 4250 nulla
1254 4200 1297 4251 est
1320 4195 1389 4250 hinc
1409 4207 1425 4250 a
1446 4194 1555 4250 divinis
1578 4193 1767 4262 dissonantia,
1787 4191 1817 4246 Si

136 4282 253 4348 masur
272 4283 344 4337 tede
358 4283 532 4338 tobemocuto
554 4288 610 4346 tuo,
631 4286 656 4337 et
673 4283 793 4336 radicem
816 4285 890 4335 mom
905 4281 938 4335 de
993 4284 1069 4340 euim
1086 4283 1259 4354 propheticae
1285 4283 1503 4354 praelocutiones
1523 4283 1678 4338 terminum
1699 4281 1818 4336 minime

136 4369 188 4423 tao
199 4369 441 4441 academicam.
453 4371 505 4444 ur).
518 4373 558 4428 lta
569 4378 598 4427 ct
611 4371 660 4426 ille
675 4375 776 4440 praeter
791 4383 869 4440 spem
884 4384 936 4426 co-
951 4357 979 4418 D
997 4378 1191 4445 perceperunt,
1217 4386 1251 4428 ne
1270 4372 1435 4428 scribantur
1450 4385 1495 4427 res
1508 4371 1543 4427 ad
1564 4370 1754 4427 ostensionem
1767 4383 1819 4425 eo-
1833 4419 1841 4435 „

135 4457 239 4531 uatibus,
254 4460 305 4530 qui
320 4459 351 4515 in
361 4472 411 4529 spe
421 4465 511 4531 erant,
525 4458 682 4516 frustratus
697 4458 793 4529 periit,
811 4472 935 4529 superno
996 4475 1059 4517 rum
1071 4476 1134 4532 que
1152 4461 1247 4517 adhuc
1268 4460 1341 4517 sacta
1354 4474 1410 4516 non
1434 4464 1518 4515 sunt:
1535 4460 1563 4515 id
1590 4464 1641 4529 est,
1656 4459 1752 4514 sinon
1775 4460 1819 4512 est

134 4557 203 4618 agone
216 4553 308 4605 vestro
322 4553 352 4604 et
365 4548 475 4619 robore,
491 4553 627 4619 apostate
642 4554 773 4605 enervata
789 4548 938 4621 impugna·
996 4550 1162 4606 incarnatus
1170 4549 1319 4618 Dominus,
1331 4563 1387 4605 uon
1399 4547 1536 4604 formetur
1546 4553 1643 4603 sancta
1656 4547 1748 4616 imago
1756 4546 1819 4616 elus

134 4633 341 4694 tioneaduersus
354 4638 453 4709 Deum,
478 4639 611 4695 deorsum
626 4637 733 4707 edecta,
764 4641 793 4693 et
821 4638 855 4693 ad
884 4651 939 4693 no-
995 4637 1151 4694 secundum
1173 4651 1295 4693 carnem.
1321 4637 1350 4694 Si
1372 4651 1426 4693 non
1450 4642 1494 4692 est
1512 4626 1597 4692 natus
1610 4635 1639 4691 in
1656 4634 1818 4691 Bethlehem

131 4722 262 4782 tissimum
276 4725 479 4796 propemodum
501 4726 620 4796 expulsa
645 4726 767 4782 exitium
793 4725 939 4781 Christum
994 4741 1029 4783 ex
1040 4726 1164 4799 gloriosa
1186 4726 1303 4797 Virgine
1317 4726 1366 4781 Dei
1378 4725 1527 4798 genitrice,
1552 4737 1644 4794 neque
1663 4722 1738 4795 magi
1752 4736 1820 4778 mu-

130 4808 309 4887 inpugnantis
323 4812 486 4877 ferocitate:
518 4814 557 4870 ita
577 4818 610 4870 ut
635 4828 723 4885 super
745 4827 777 4869 eo
792 4814 941 4883 Scriptura
996 4829 1062 4871 nera
1073 4814 1249 4882 obtulerunt,
1264 4827 1355 4884 neque
1372 4813 1537 4883 pastoribus
1548 4826 1636 4883 supra
1647 4812 1726 4868 stelit
1738 4823 1822 4883 ange·

127 4903 249 4958 veraciter
265 4902 429 4973 impleatur,
446 4917 509 4973 quae
522 4902 616 4959 dicit:
633 4903 724 4958 Arous
740 4904 854 4971 fortium
865 4918 941 4974 supe·
996 4905 1053 4975 lus,
1069 4917 1161 4974 neque
1174 4902 1331 4959 multitudo
1352 4902 1477 4958 coelcstis
1496 4903 1639 4958 exercitus
1655 4906 1720 4956 nato
1736 4901 1821 4972 hym·
1840 4944 1844 4950 .

125 4994 190 5045 rotas
200 4996 249 5053 cst,
260 4997 287 5045 et
304 4993 409 5061 infirmi
427 4994 541 5046 commati
558 4996 624 5047 sunt
640 4992 734 5046 robore
744 4990 778 5062 (l
796 4993 849 5060 hep
869 5005 889 5047 ιι
910 4992 937 5065 ).·
997 5008 1064 5050 nuru
1075 4989 1196 5063 obtulit(
1206 4992 1303 5048 Mettis.
1316 5005 1383 5045 xxv.
1395 4992 1451 5045 Lato
1461 5004 1481 5046 ιι
1493 4990 1521 5064 );
1542 4991 1566 5046 si
1580 5005 1635 5047 non
1647 4991 1676 5045 in
1688 4990 1767 5047 ulnis
1778 5003 1821 5061 ge·
1894 5042 1897 5048 .

124 5089 204 5146 proco
214 5078 377 5150 quodnulla
388 5080 687 5136 estadindrmumbei
700 5080 822 5136 drmitas
832 5080 940 5136 abomi·
996 5081 1112 5139 nitrieis
1123 5087 1154 5138 ut
1166 5079 1327 5136 infantulus
1341 5077 1496 5152 terebatur,
1507 5080 1558 5150 qui
1572 5085 1666 5150 portat
1676 5080 1818 5136 universa.

122 5167 237 5224 nationis
255 5181 354 5224 eorum
377 5167 428 5238 qui
453 5169 540 5224 Deum
566 5168 745 5241 impugnant,
762 5174 790 5225 et
813 5182 939 5240 pugnare
994 5170 1275 5228 ctiactialilnoniam
1291 5168 1419 5240 pertulit,
1434 5169 1485 5240 qui
1500 5170 1550 5225 dat
1563 5183 1654 5226 escam
1666 5168 1743 5225 omni
1754 5181 1821 5223 car-

121 5254 938 5336 probeomundumcontrarnsensatosasserit[scriptum
994 5261 1043 5315 ni:
1060 5273 1110 5315 nec
1124 5260 1176 5315 hoc
1192 5259 1341 5331 figuretur.
1361 5258 1391 5313 Si
1410 5272 1465 5314 non
1479 5273 1495 5315 a
1512 5273 1578 5315 sene
1597 5257 1818 5328 suscipiebatur,

118 5341 181 5418 esth
196 5344 346 5414 montedo
358 5358 426 5417 ergo
441 5360 496 5402 non
507 5360 572 5403 cum
583 5348 640 5403 lico
651 5361 791 5419 pugnans,
804 5352 863 5404 otu
876 5361 938 5403 san·
993 5349 1044 5421 qui
1060 5348 1125 5403 vitae
1136 5352 1212 5403 tenet
1221 5347 1415 5418 principatum
1427 5351 1455 5404 et
1466 5350 1578 5420 mortis,
1589 5351 1617 5402 et
1632 5346 1760 5401 omnium
1769 5346 1821 5399 llo·

115 5432 244 5504 ctissime,
260 5435 401 5491 adversus
415 5449 464 5490 eos
478 5436 528 5506 qni
543 5436 607 5492 sine
620 5437 677 5492 Deo
692 5440 721 5492 et
735 5440 834 5492 contra
849 5434 937 5492 Deum
993 5438 1090 5493 minus
1111 5450 1160 5507 per
1175 5450 1239 5492 eum
1255 5436 1372 5508 agnitus
1399 5436 1486 5492 simul
1502 5441 1530 5491 et
1551 5434 1731 5505 predicatus,
1745 5437 1773 5487 et
1788 5435 1820 5486 ut

116 5528 185 5593 suut,
202 5520 483 5592 commoverileui
497 5524 631 5581 videlicet
644 5525 795 5581 inveniunt
808 5539 872 5582 eum
885 5525 937 5596 qui
990 5525 1193 5582 demissionem
1222 5525 1397 5596 concederet,
1431 5523 1610 5594 postulatus:
1641 5522 1667 5576 si
1701 5534 1756 5576 non
1788 5517 1815 5572 in
