3876 6090
98 276 152 340 δῖ]
710 287 889 348 tuhsthsn
915 291 1185 350 amttomacthn

99 423 112 454 a
129 405 250 462 virtutes
265 420 314 476 per
327 419 359 463 ea
370 408 477 477 quaeda
492 407 553 465 iltis
568 409 598 465 in
613 409 731 481 scriptis
743 410 922 481 indicantur,
935 414 963 474 A
979 429 993 461 a
1008 415 1145 469 stantiam
1169 414 1327 486 Augustam
1359 419 1499 486 petentem
1520 415 1629 474 Christi

99 514 111 543 o
129 493 212 565 quasi
224 495 360 566 quasdam
377 496 519 553 animatas
533 497 672 571 imagines
688 499 798 555 imitari
818 498 922 554 didici·
978 517 992 549 ι
1007 501 1083 557 mitti
1105 502 1162 559 sihi
1184 502 1276 575 abeo,
1298 504 1367 559 talia
1387 502 1481 560 tatur:
1496 505 1569 575 Quia
1592 519 1655 564 vera

98 602 111 632 u
127 596 201 655 mus,
216 588 245 639 et
265 597 299 640 ex
313 585 367 641 boc
380 585 415 642 ad
438 587 562 644 similem
584 587 646 643 illis
662 587 755 644 zelam
769 588 919 660 erigimur.
979 606 991 637 u
1007 588 1071 645 dam
1088 590 1212 663 imagine
1226 592 1307 663 quasi
1323 592 1430 648 Christi
1445 593 1602 666 scripsisti,
1620 593 1655 651 ba

97 674 196 728 »Nam
217 672 316 729 dicant
339 673 369 730 hi
397 675 445 746 qui
463 676 534 733 tales
558 677 675 749 erigunt
700 675 817 748 formas,
842 676 922 748 quali
978 677 1061 733 »tibi
1081 693 1098 734 a
1118 678 1201 736 nobis
1219 680 1306 751 mitti,
1332 694 1416 752 quam
1438 681 1515 737 dicis
1538 686 1567 738 et
1589 680 1656 754 qual

96 768 211 832 »putas
228 775 264 819 ex
287 761 334 819 his
352 761 537 834 pertruantur
559 765 696 824 utilitate.
719 765 763 823 vel
784 766 813 823 in
836 778 921 837 quam
978 784 991 815 ι
1008 782 1026 838 q
1048 780 1092 823 am
1106 768 1248 840 perhihes,
1266 769 1375 826 Christi
1394 769 1572 842 imaginem?
1590 771 1657 829 iltra

95 849 284 922 »spiritalem
304 853 571 924 contemplationem
593 855 737 912 ducantur
755 869 805 927 per
821 855 921 910 harum
977 864 1035 911 »et
1059 856 1331 930 incommutabilem,
1357 863 1386 914 et
1405 864 1508 916 natura
1536 860 1658 918 charact

96 962 107 989 υ
122 941 419 998 commemorationem
431 941 502 998 ised
515 942 696 1000 manifestum
708 943 837 1015 estquod
849 955 920 998 vana
977 961 989 992 o
1007 946 1188 1013 portantemi
1207 960 1243 1003 an
1262 946 1347 1002 istam
1361 961 1445 1018 quam
1472 955 1589 1019 propter
1600 963 1654 1007 nos

94 1047 107 1078 o
123 1028 163 1084 sit
178 1029 343 1099 hujusmodi
359 1031 543 1106 excogitatio,
560 1032 749 1089 etdiabolioae
771 1044 920 1104 argumen·
975 1035 1079 1089 »servi
1110 1033 1208 1092 torma
1238 1036 1380 1091 schemate
1409 1037 1659 1095 circumamictus‘.

92 1140 106 1167 o
123 1117 242 1174 tatiams
255 1119 420 1176 inventio.»
974 1139 987 1171 o
1004 1121 1093 1180 torma
1107 1124 1222 1194 quidem
1243 1125 1294 1180 Dei
1318 1138 1368 1180 nec
1391 1125 1451 1195 ipse
1472 1126 1599 1184 arbitror
1615 1132 1644 1183 te

973 1213 1088 1268 »mmet
1112 1212 1149 1269 ab
1171 1213 1233 1284 ipso
1247 1214 1386 1286 edoctam,
1412 1214 1548 1286 quoniam
1575 1229 1661 1288 nequa

971 1320 984 1352 a
1003 1302 1069 1373 quis
1086 1303 1165 1359 novit
1177 1303 1234 1359 nisi
1250 1303 1350 1376 Filius,
1373 1317 1464 1375 neque
1480 1304 1576 1375 ipsum
1595 1304 1662 1363 Filii

970 1409 983 1441 o
1003 1391 1067 1463 quis
1085 1391 1242 1463 aliquando
1260 1393 1357 1465 digne,
1381 1393 1438 1449 nisi
1461 1395 1541 1452 solus
1562 1396 1643 1451 Pater

970 1482 1106 1554 »genuit
1132 1483 1167 1538 lit
1189 1487 1254 1553 post
1271 1482 1386 1553 aliqua:
1407 1483 1459 1539 Sed
1485 1484 1585 1555 utique
1608 1497 1663 1542 serv

970 1589 983 1621 ι
1001 1571 1152 1644 imaginem
1175 1572 1292 1644 quaeris,
1313 1576 1341 1628 et
1359 1573 1540 1643 corspusculi
1552 1588 1609 1645 quo
1623 1587 1664 1631 am

969 1678 982 1711 s
999 1667 1114 1732 propter
1127 1675 1187 1719 nos.
1205 1662 1257 1718 Sed
1278 1666 1305 1717 et
1322 1661 1350 1717 id
1367 1662 1459 1735 gloria
1475 1663 1665 1720 divinitatist

928 1754 953 1816 Β
969 1768 982 1800 o
1000 1754 1060 1808 tum
1072 1751 1242 1824 didicimus,
1256 1756 1284 1808 et
1298 1751 1464 1822 absorptum
1480 1766 1541 1809 esse
1561 1753 1664 1810 morial

971 1858 984 1890 a
1000 1842 1034 1896 Et
1047 1846 1110 1911 post
1129 1855 1238 1911 pauca:
1258 1841 1325 1912 quis
1337 1856 1404 1914 erga
1426 1842 1591 1912 hujusmodi
1604 1842 1666 1917 digv

970 1930 1099 2003 »gloriae
1118 1931 1262 1987 vibrantes
1285 1937 1312 1986 et
1337 1931 1537 2004 praefulgentes
1559 1930 1667 2002 splenda

971 2039 984 2070 o
999 2035 1080 2077 arare
1094 2022 1233 2091 patuisset
1248 2021 1370 2078 mortuis
1385 2026 1412 2077 ct
1426 2022 1593 2078 ivranimatis
1608 2022 1668 2080 colo

970 2111 1155 2181 »seripturis
1174 2112 1365 2168 umbraticis?
1390 2112 1628 2183 Quandoquidem
1648 2125 1668 2169 u

969 2214 1059 2257 »mro
1084 2203 1114 2257 iu
1132 2215 1197 2258 eum
1216 2203 1245 2257 in
1271 2207 1365 2258 monte
1390 2202 1497 2274 egregii
1522 2202 1669 2259 sustinuat

968 2292 1071 2363 apuli,
1093 2292 1142 2362 qul
1164 2292 1250 2348 etiam
1269 2291 1396 2348 cecidere
1416 2292 1446 2347 in
1463 2291 1562 2347 taciem
1585 2291 1670 2362 (dicit

967 2382 1179 2451 »ivnportabile
1204 2383 1278 2454 quad
1301 2382 1357 2438 sibi
1382 2381 1475 2439 visum
1500 2380 1593 2437 luerat
1617 2395 1671 2438 con

966 2488 979 2520 u
995 2473 1068 2543 llrgo
1080 2472 1106 2528 si
1123 2477 1190 2528 tunc
1201 2472 1347 2529 incarnata
1359 2472 1422 2541 ejus
1434 2470 1525 2527 torma
1538 2476 1671 2527 ιιιιιιιιιι

965 2563 1094 2618 »sortita
1113 2566 1156 2618 ast
1181 2562 1217 2619 ab
1240 2562 1419 2618 inhabitante
1445 2562 1474 2617 in
1498 2574 1528 2617 se
1551 2560 1673 2617 divinita

963 2658 1060 2723 stata,
1085 2652 1155 2725 quid
1182 2658 1292 2724 oportet
1313 2652 1418 2725 dicere,
1444 2665 1509 2708 cum
1532 2651 1673 2708 mortalita

962 2747 1050 2814 ntus,
1080 2748 1109 2799 et
1140 2742 1324 2813 corruptione
1359 2741 1486 2813 ablutus,
1523 2741 1648 2812 speciem

960 2832 1087 2890 »formae
1117 2833 1147 2889 in
1169 2833 1283 2889 bomini
1314 2838 1342 2888 et
1365 2833 1415 2888 bei
1442 2832 1563 2904 gloriam
1594 2846 1675 2889 eamn

960 2928 1054 2994 »post
1070 2922 1219 2982 victoriam
1246 2922 1380 2979 videlicet
1400 2927 1500 2978 eontra
1522 2927 1676 2994 mortem,q

960 3033 973 3066 ι
990 3027 1117 3088 gressum
1133 3014 1167 3070 ad
1184 3013 1280 3084 cmlas,
1297 3018 1362 3084 past
1385 3012 1554 3069 locationem
1572 3013 1602 3069 iu
1622 3015 1676 3086 regi

919 3096 943 3158 C
960 3125 972 3155 ι
989 3104 1066 3160 circa
1084 3103 1229 3160 dexteram
1245 3103 1348 3175 Patris,
1367 3107 1431 3173 past
1444 3102 1569 3173 quictem
1586 3102 1615 3158 in
1637 3103 1677 3159 im

959 3194 1099 3251 »bilibus
1124 3199 1152 3250 et
1172 3192 1368 3250 ineffabilibus
1393 3193 1501 3249 tinibus
1525 3192 1627 3264 Patris,
1654 3192 1678 3248 lv

959 3303 972 3334 ι
988 3285 1186 3343 ascendentem
1199 3291 1227 3340 et
1249 3283 1415 3340 restitutum
1439 3281 1567 3338 caelestes
1580 3282 1679 3338 virtut

959 3374 1153 3444 »laudabant
1186 3373 1335 3430 dicentes:
1374 3373 1468 3428 Tollite
1499 3377 1608 3443 portas,
1636 3388 1679 3445 pn

959 3471 1101 3539 caesinas,
1115 3470 1140 3522 et
1165 3465 1318 3528 elevamini,
1330 3469 1417 3536 parte
1440 3464 1591 3533 eternales,
1616 3467 1644 3519 et
1662 3464 1680 3519 ti

959 3575 972 3610 a
988 3572 1038 3612 rec
1050 3556 1142 3625 alariae
1156 3552 1239 3629 (Psal.
1256 3554 1350 3629 ιιιιι).
1369 3573 1382 3605 ι

292 1242 465 1314 Epiphanius
480 1243 611 1299 dmconus
626 1244 710 1314 legit:

124 1348 153 1406 Si
177 1349 339 1406 Theodotus
364 1354 439 1407 esset
460 1349 490 1406 in
506 1351 559 1407 hae
575 1351 643 1424 vita,
668 1364 733 1408 aum
754 1349 838 1408 beata
858 1350 918 1408 5η--

88 1453 177 1497 sanna
200 1439 337 1497 clamaret
358 1439 477 1496 dicens:
504 1444 575 1496 Deus
595 1446 703 1506 aterne,
725 1443 775 1514 qui
796 1442 916 1497 abscon-

86 1532 205 1585 ditorum
238 1545 265 1586 es
301 1531 431 1599 cognitor,
469 1532 518 1602 qui
548 1533 601 1586 sais
636 1533 728 1586 omnia
767 1536 914 1603 antequam

85 1624 154 1692 fiant
178 1619 259 1693 (ban,
291 1620 364 1694 ntur),
388 1623 420 1677 tu
443 1620 529 1693 nosti,
562 1621 630 1692 quia
656 1620 729 1678 falso
748 1625 847 1678 eontra
871 1634 914 1678 me

86 1710 216 1766 tulerunt
237 1709 434 1770 testimonium
468 1709 509 1781 hi,
546 1710 596 1782 qui
628 1711 795 1767 aemulantes
833 1724 915 1768 senes

85 1799 262 1872 babylonicae
272 1797 452 1857 contusionis
468 1800 554 1869 hujus
566 1799 702 1857 novitatis
714 1804 846 1857 auctores
857 1799 916 1856 cxi·

84 1894 174 1946 stunt.
189 1889 241 1946 Sed
255 1890 381 1946 volentes
396 1903 426 1946 se
439 1889 556 1946 idoneos
568 1894 597 1945 et
607 1890 738 1948 illustres
754 1890 914 1962 ostendere,

84 1981 213 2050 quedam
234 1992 304 2035 vana
318 1978 399 2036 fauce
412 1980 589 2052 loquuntur:
606 1983 635 2036 ct
649 1978 736 2036 fallax
753 1981 916 2038 ostenditur

82 2069 209 2125 calamus
228 2068 377 2141 scripturae
403 2068 539 2143 ipsorum,
558 2077 586 2125 et
606 2069 752 2126 evidenter
771 2069 916 2127 adultera·

82 2164 158 2214 tores
173 2156 304 2214 veritatis
328 2157 525 2218 inveniuntur.
545 2157 629 2215 diuiti
653 2159 729 2215 enim
764 2157 914 2215 nobiscum

80 2249 264 2320 exquirentes
291 2248 452 2320 deindeque
480 2253 641 2306 scrutantes
667 2249 697 2305 in
732 2249 914 2307 sermonibus

79 2338 206 2409 eiusdem
221 2337 362 2397 Theodoti
381 2337 416 2393 de
440 2338 586 2408 proposito
601 2337 689 2410 dicto,
709 2338 735 2395 si
757 2352 822 2395 vere
842 2338 915 2395 scri·

80 2436 159 2499 ptum
170 2428 209 2484 sit
220 2427 428 2499 hujuscemodi,
441 2441 716 2501 nunquamusquam
736 2428 907 2484 invenimus.

79 2521 174 2589 licque
183 2517 259 2572 enim
272 2518 332 2587 ipse
341 2517 411 2588 quid
423 2517 478 2573 talc
487 2516 602 2575 locutus
611 2523 668 2574 est:
681 2518 826 2574 evidenter
834 2531 909 2574 nam-

79 2621 133 2679 que
145 2611 332 2662 monstratam
345 2611 397 2677 est,
414 2606 488 2677 (quod
511 2619 566 2662 non
580 2607 619 2662 sit
633 2607 770 2663 theodoti
783 2608 909 2664 testimo

78 2697 169 2753 trium.
183 2694 383 2752 amaritudine
407 2695 512 2765 quippe
528 2701 556 2751 et
575 2696 790 2752 exacerbatione
806 2696 906 2768 plenus

77 2799 179 2858 sermo,
196 2790 224 2841 et
238 2784 345 2857 lingua
362 2784 566 2857 intemperatae,
586 2789 672 2856 atque
691 2786 904 2842 immundarum

77 2875 218 2932 labiorum
240 2873 424 2945 presumptio
436 2878 480 2931 est
495 2873 599 2945 diacre,
623 2874 846 2933 essediabolice
862 2889 906 2932 ar·

76 2963 905 3037 gumentationisinventiancmvenerabiliumtigurasima-

75 3056 185 3127 ginum.
204 3055 271 3110 l'cre
283 3053 465 3125 perspicuum
478 3060 531 3127 est,
541 3054 616 3126 quod
627 3042 809 3112 Christianos
822 3069 903 3112 accu-

74 3144 249 3202 santiumsit
263 3145 321 3201 haec
333 3144 498 3202 adinventio
509 3151 594 3217 atque
610 3145 787 3218 dgmcatum,
802 3151 831 3202 et
845 3160 902 3202 non

73 3235 220 3292 Theodoti.
246 3237 315 3291 Nam
330 3235 367 3308 si,
385 3242 418 3291 ut
443 3235 498 3309 ipsi
514 3235 608 3309 aiunt,
634 3249 668 3292 ex
692 3235 755 3306 ipsa
777 3237 903 3293 testimo

73 3327 154 3382 nium
178 3325 369 3400 protulerunt,
391 3325 539 3396 oportebat
559 3339 608 3382 eos
628 3339 759 3397 expresse
774 3325 903 3383 indicare

72 3429 107 3471 ex
123 3429 180 3486 quo
202 3416 265 3486 eius
279 3428 408 3473 sermone
431 3415 628 3473 testimonium
648 3416 688 3472 sit
711 3420 901 3486 assumptum.

71 3505 135 3578 Sed,
156 3509 189 3562 ut
207 3507 331 3562 scientes
354 3505 425 3564 illud
448 3504 564 3577 falsum,
589 3505 707 3561 silentio
724 3504 902 3561 mendacium

73 3597 262 3670 reliquerunt.
289 3599 386 3669 ltaque
414 3595 596 3653 sermonibus
622 3596 686 3665 ejus
713 3595 901 3669 coacervatis,

73 3688 205 3745 videlicet
226 3687 273 3744 his
302 3687 353 3758 qui
377 3687 412 3743 ad
437 3688 560 3744 Lausum
583 3685 684 3756 scripti
709 3689 779 3742 sunt
801 3691 902 3743 contra
1151 3681 1323 3754 Epiphanius
1344 3680 1475 3737 diaconus
1499 3680 1588 3749 tagit:

71 3778 235 3834 Nestorium
251 3778 281 3833 in
303 3776 389 3833 tamis
403 3788 471 3849 sex,
483 3780 511 3832 et
526 3775 764 3848 interpretatione
775 3775 898 3850 symboli

72 3872 234 3924 sanctorum
260 3869 374 3923 Patrum
397 3865 472 3937 apud
501 3865 623 3923 Nicaeam
657 3866 899 3940 convenientium,
1177 3919 1183 3929 .

956 3920 1070 3993 phetam
1084 3920 1232 3976 leremram
1248 3918 1384 3974 advorsus
1400 3916 1563 3973 iudaeorum
1579 3914 1684 3987 popula

992 3828 1160 3901 Prophetiea
1174 3842 1228 3885 vox
1246 3828 1311 3885 istis
1326 3825 1470 3898 convenit,
1489 3824 1557 3896 quia
1573 3826 1683 3905 beusp

71 3963 99 4013 et
111 3969 240 4013 sermone
252 3957 287 4013 de
305 3956 453 4013 nativitate
465 3956 590 4028 Domini,
604 3961 633 4012 et
645 3956 675 4012 iu
686 3955 806 4031 lumina,
823 3962 851 4015 et
869 3958 900 4016 in

70 4047 162 4104 Etiam
184 4051 212 4102 et
237 4046 363 4119 viduam,
386 4052 414 4104 et
438 4046 468 4105 iu
494 4050 624 4104 sanctum
640 4048 753 4104 Petrum
778 4049 901 4105 ettoan·

71 4151 146 4209 nem,
161 4141 190 4193 et
203 4136 232 4193 in
251 4136 385 4193 claudum
407 4137 458 4210 qui
473 4136 588 4194 scatebat
608 4136 643 4193 ad
657 4137 814 4207 speciosam
830 4151 902 4209 por-

71 4232 180 4300 tam,ct
199 4228 229 4284 in
254 4240 303 4284 eos
327 4228 376 4300 qui
399 4227 506 4284 talenta
524 4233 706 4301 acceperuut,
729 4233 757 4284 et
779 4227 812 4286 in
835 4243 899 4286 eum

71 4318 291 4390 quiduduabus
309 4319 409 4375 cecis:
423 4318 504 4375 nullo
525 4317 731 4375 modadlctum
749 4318 824 4391 quod
842 4319 898 4392 ipsi
1298 4371 1304 4384 ,
1397 4370 1403 4382 .
1529 4368 1535 4380 .
1559 4368 1565 4380 .
1592 4368 1598 4380 .
1626 4369 1632 4380 .

72 4410 253 4480 protulerunt
274 4409 445 4466 invenimus.
469 4408 521 4464 Sed
542 4421 592 4464 nec
615 4421 681 4465 cum
706 4410 902 4481 pseudosyllo·
954 4378 982 4432 ⁰²
1000 4373 1167 4476 aemu¹³f¹²5⁵
1190 4386 1239 4474 ⁰⁰,s
1256 4386 1305 4443 ‘¹¹¹¹
1327 4369 1488 4471 vem¹¹ff¹br⁰
1507 4367 1600 4469 (ΜΨ
1620 4366 1686 4438 ¹¹¹⁸st

70 4515 124 4573 gas
138 4514 236 4558 eorum
252 4501 390 4557 collectus
400 4498 574 4570 turbaretur,
597 4501 626 4554 et
648 4498 854 4557 inscriberetur
869 4501 899 4557 in
916 4464 1020 4567 m,
1032 4465 1191 4565 ¹3⁰¹¹¹¹¹¹f⁰³’
1218 4462 1245 4517 'd
1266 4464 1310 4563 ⁰⁵}
1323 4460 1464 4580 fflthfflffffi
1484 4458 1611 4514 E⁰⁰¹⁰⁵¹³
1632 4472 1686 4515 ⁵⁰¹¹

71 4589 142 4645 laisa
163 4589 401 4646 sermocinatione
430 4587 569 4659 ipsorum,
599 4587 732 4645 aeolice
755 4588 898 4662 ancyrani
951 4559 1032 4657 Μ’
1044 4566 1123 4658 ¹⁹J⁰⁸
1137 4567 1167 4609 ¹¹¹
1183 4556 1385 4655 pf⁰t⁰⁰²¹⁰¹¹⁰⁰f
1403 4546 1683 4650 h‘⁸‘⁹⁵⁰⁰⁸⁵uae.³dd

71 4679 268 4736 testimonium
300 4682 344 4733 est
370 4681 567 4748 assumptum,
596 4678 645 4734 sed
675 4693 726 4749 per
756 4679 898 4750 quoddam
953 4641 1256 4745 Qu¹se¹¹¹¹¹¹fldff¹¹us¹ff
1277 4640 1686 4741 E⁰⁰¹e⁵¹ae’⁸te⁰r¹¹¹¹fqu¹'⁶

72 4767 192 4825 mandax
212 4766 372 4837 pittacium,
392 4770 424 4821 ut
445 4765 581 4837 pestilens
594 4767 730 4839 quiddam
745 4767 897 4840 discurrit,
953 4737 1117 4838 ‘¹⁰ssmfftum
1147 4737 1298 4835 ⁸⁶¹⁰¹¹,⁸¹,³¹,⁰
1330 4734 1527 4802 perceperum’
1559 4731 1686 4801 ¹3⁰⁰m¹

71 4857 146 4930 quod
166 4856 314 4928 simplices
327 4855 514 4914 admiserunt.
545 4859 631 4915 Porro
653 4858 771 4931 sensati,
795 4858 895 4930 etqui
952 4823 1255 4930 Euffeb¹⁰⁵‚p‚³m‚¹’¹¹¹¹¹
1276 4835 1307 4879 ¹¹¹
1330 4821 1482 4922 ¹⁸⁹s⁰b¹¹¹f¹
1505 4833 1620 4922 sensum.
1646 4822 1686 4876 ιη

70 4946 258 5018 acquiescunt
274 4945 399 5018 veritati,
425 4945 477 5004 hoc
496 4960 606 5020 semper
628 4948 807 5006 mendacium
821 4947 897 5004 arhi-
951 4930 1040 4974 ⁰⁰¹¹¹⁵
1058 4928 1206 5020 ΫΡΨΟΜ
1229 4917 1257 4970 ⁰⁸
1277 4925 1382 5017 ‚⁵⁰⁰³¹¹⁵
1397 4910 1484 4967 ΝΜ
1503 4923 1569 5013 ΨΠ
1592 4908 1640 4965 ¹¹¹⁸
1653 4924 1686 4983 q*

71 5037 138 5092 trati
161 5040 238 5092 sunt.
266 5038 402 5093 Praeterea
418 5038 565 5094 ductorem
587 5036 729 5109 pestilerae
756 5037 897 5094 hereseos
950 5008 1284 5112 SPWSUfmnffmfefflm
1297 5000 1686 5110 sunt?1⁰,f'¹,¹¹⁰¹b¹¹⁸q⁸¹¹¹'⁹⁶

71 5148 130 5191 Μ
149 5133 244 5189 adhuc
262 5132 423 5201 proponunt
443 5129 602 5200 adjutorem
626 5128 700 5199 Arii,
713 5127 897 5197 ,tm-uu,
951 5113 1021 5156 rums
1045 5112 1108 5154 suls
1129 5095 1214 5201 labris
1238 5098 1397 5151 creaturam
1412 5092 1518 5149 libum
1540 5093 1569 5148 et
1585 5089 1686 5149 Verba

73 5238 130 5280 ren
145 5221 262 5280 aunon
277 5219 514 5291 ascomannos,
527 5224 556 5275 a
575 5218 714 5291 rocognn
727 5217 895 5287 arcanas,
950 5193 1042 5263 evocat,
1068 5193 1097 5292 Pl
1112 5193 1287 5260 ¹¹¹¹¹¹¹⁸1l¹¹¹¹¹r
1308 5190 1335 5241 ⁸¹
1360 5184 1518 5289 ΜΨ
1541 5181 1686 5242 ³‘¹⁰l²¹‘¹¹‘

71 5321 99 5371 et
113 5312 233 5370 liaridis
245 5311 493 5382 Chalcedonensis,
506 5310 556 5380 qui
570 5307 686 5380 praefuit
696 5306 743 5364 his
753 5307 803 5381 qui
817 5308 898 5365 resti·
951 5296 1017 5339 vem
1033 5281 1147 5353 ‘findam
1166 5280 1241 5338 hum
1252 5277 1435 5335 defendentes
1446 5277 1559 5348 dmumt
1573 5272 1686 5333 sum

72 5407 169 5462 torum
181 5406 285 5461 ganotae
295 5401 403 5474 synodo
414 5402 551 5470 chaenae3
565 5396 751 5456 qqasagenqeg,
952 5372 1078 5430 illumin
1098 5371 1224 5444 synodo,
1240 5369 1429 5474 concedamus
1453 5367 1493 5423 ita
1506 5365 1607 5423 tuisse.
1624 5366 1680 5425 Sed

952 5464 1015 5522 suis
1038 5464 1185 5521 veritatem
1202 5463 1362 5534 honoravit,
1383 5473 1432 5517 cor
1454 5462 1549 5516 autem
1571 5455 1686 5531 longai

286 5529 430 5599 &mm
442 5527 581 5599 mmm
604 5524 681 5596 ‘0⁹⁵⁸‘
951 5569 994 5631 ea,
1015 5559 1048 5614 ut
1059 5556 1214 5614 ostendunt
1227 5552 1390 5627 conscripta
1403 5551 1467 5624 elus
1482 5552 1511 5608 et
1522 5546 1686 5622 epistolae

110 5656 280 5713 «similiter
297 5660 391 5712 numm
417 5656 446 5708 et
460 5649 602 5721 Pamphili
621 5650 763 5709 Eusebius
775 5648 809 5708 ad
827 5649 897 5708 Con·
952 5648 1021 5706 licet
1033 5646 1119 5705 aliter
1138 5648 1225 5718 atque
1236 5642 1321 5703 aliter
1333 5642 1490 5702 secundum
1504 5644 1620 5715 tempus
1635 5643 1666 5700 et
1681 5658 1686 5694 ι

956 4011 1042 4084 aliur,
1057 4011 1171 4067 dicens:
1198 4009 1243 4064 Me
1262 4008 1466 4078 dereliquerunt
1479 4008 1582 4076 sontem
1608 4020 1685 4075 aqua

955 4107 980 4158 et
994 4103 1123 4173 foderunt
1142 4099 1284 4156 sibilacus
1307 4100 1446 4163 contritos,
1465 4099 1513 4168 qai
1536 4111 1639 4166 aquarn
1651 4110 1685 4152 eo

954 4209 1010 4249 nan
1020 4196 1150 4265 poterunt
1163 4189 1225 4263 (ter.
1242 4189 1282 4264 ιι).
1303 4190 1469 4246 Desereutes
1490 4188 1567 4244 enim
1588 4185 1686 4258 probel

955 4285 1070 4340 l‘atrum
1083 4281 1239 4353 doctrinas,
1261 4278 1408 4336 fallacium
1426 4278 1615 4350 collegiorum
1634 4277 1686 4348 pri
