3892 6090
80 283 85 289 -
188 247 260 309 4003
483 241 631 301 fresno.
651 244 699 299 hit
716 239 797 298 SAEC.
818 240 867 296 lx.
887 268 924 281 -
941 236 1106 295 soei’tsll.
1125 235 1172 293 ho
1190 237 1334 297 scalers
1351 237 1485 296 PONTIF.
1505 236 1589 295 holt.
1830 231 1896 295 imi

184 373 290 446 vilogla
303 370 340 428 ab
352 368 496 442 episcopis
510 367 606 424 edita:
621 379 720 437 unum,
737 379 754 422 a
768 363 890 437 praesule
904 360 1019 418 hmbta·
1033 362 1063 422 A
1074 367 1153 434 gesta
1166 367 1234 421 sunt
1258 364 1432 421 monasterio
1451 361 1587 433 corbeiae,
1609 361 1685 434 quod
1708 365 1752 417 est
1767 364 1897 417 constru-

186 463 302 532 nensi·,
317 459 352 516 ad
376 459 461 528 cujus
484 457 633 514 dioecesim
658 454 739 512 locus
761 454 811 510 ille
836 452 971 522 pertinet,
989 462 1018 520 et
1074 455 1152 508 ctum
1170 451 1288 524 inpage
1312 451 1496 508 Ambiauensi
1521 463 1608 521 super
1627 450 1773 506 sommam
1797 448 1827 505 in
1848 449 1899 505 bo-

185 548 365 621 coepiscopis
379 547 443 605 suis
457 543 564 602 factum
581 550 667 614 atque
688 542 852 600 roboratum
866 541 924 610 jam
937 537 1018 595 anti·
1075 551 1145 594 nore
1165 546 1330 597 sanctorum
1354 539 1549 610 apostolorum
1572 538 1647 594 Petri
1663 541 1694 593 et
1715 536 1812 607 Pauli,
1827 543 1854 592 et
1870 537 1896 592 S.

188 639 256 710 quis
278 632 473 705 temporibus,
489 635 519 689 et
539 631 630 702 aliud,
646 629 683 687 ab
702 628 921 699 archiepiscopo
943 624 1023 681 Rbe-
1075 627 1211 698 Stephani
1221 630 1450 701 protomartyris,
1462 629 1594 699 prasenti
1603 625 1795 684 auctoritatis
1803 631 1898 682 unsre

73 779 75 784 .
190 725 297 784 mensis
322 722 456 781 Ecclesiae
479 721 631 776 llincmaro
654 723 684 776 et
712 715 869 775 universali
896 713 1022 772 concilio
1077 715 1172 773 edicto
1197 716 1382 783 roboramus:
1407 717 1504 790 idest,
1523 720 1616 773 utres
1639 714 1823 785 monasterii,
1847 715 1899 771 sive

190 809 559 888 episcoporumGalliarum
569 808 671 879 paucis
686 803 929 865 intercedentibus
938 801 1025 860 annis
1078 818 1286 878 quascunquea
1310 805 1445 865 fidelibus
1470 805 1565 863 oblata
1590 803 1776 862 fuerintbeo
1796 809 1899 861 ecor-

192 903 399 973 couscriptum,
409 904 438 957 et
447 896 713 968 subscriptionibus
723 895 850 967 propriis
860 893 1025 952 roboratum
1079 895 1237 966 gregatioui
1254 894 1376 953 fratrum
1391 895 1498 953 ibidem
1507 895 1622 953 Christo
1641 892 1858 964 famulantium,
1872 893 1898 948 in

196 990 360 1063 petentibus
382 994 424 1058 ut,
449 988 484 1044 ad
508 998 694 1058 quoscunque
719 984 780 1041 sive
798 983 948 1054 episcopos
967 981 1027 1037 sive
1079 982 1271 1053 dispositione
1307 984 1404 1059 abbati
1432 990 1460 1041 et
1490 983 1612 1041 fratrum
1640 986 1790 1052 maneant,
1818 994 1898 1053 neque

194 1079 311 1137 abbates
334 1075 505 1148 pervenerit,
528 1071 709 1130 subscribere
732 1085 787 1129 non
814 1074 978 1144 graventur.
995 1068 1027 1124 ln
1081 1072 1234 1144 episcopus
1253 1072 1464 1145 Ambianensls,
1484 1073 1520 1130 ad
1536 1075 1621 1144 cujus
1635 1073 1793 1130 dioecesim
1810 1086 1898 1130 eoeuo

197 1168 304 1241 quibus
315 1164 478 1238 privilegiis
492 1163 636 1219 decretum
653 1166 744 1218 estut
761 1159 911 1231 prefatum
928 1171 1030 1215 mona·
1083 1157 1164 1216 bium
1189 1161 1262 1219 illud
1279 1163 1408 1235 respicit,
1430 1161 1542 1234 aliquid
1554 1162 1658 1218 exinde
1674 1168 1840 1232 praesumat,
1857 1168 1899 1217 aut

196 1257 317 1313 sterium
329 1253 465 1323 Corbeiae,
482 1257 510 1308 et
526 1264 620 1307 rerum
634 1262 752 1306 suarum
768 1249 887 1306 liberam
902 1247 1030 1304 obtineat
1084 1250 1194 1321 aliquis
1218 1251 1417 1322 episcoporum
1434 1264 1556 1322 quorum
1578 1250 1608 1306 iu
1633 1248 1789 1321 parochiis
1802 1253 1899 1306 tesan

197 1345 423 1403 dominationem
439 1347 468 1399 ct
479 1341 604 1414 eligendi
621 1339 679 1396 sibi
692 1338 822 1395 abbatem
837 1339 872 1394 de
886 1338 948 1394 suis
960 1349 1031 1392 scut
1084 1337 1221 1395 basilicas
1238 1339 1339 1396 babere
1360 1343 1581 1412 cognoscuntur,
1599 1352 1693 1409 neque
1709 1339 1740 1394 in
1754 1339 1846 1411 agris,
1859 1338 1899 1394 vil·

197 1449 247 1506 per
265 1434 366 1490 habent
386 1435 574 1503 potestatem,
599 1429 824 1485 contradictores
845 1440 912 1483 vero
938 1431 966 1482 ct
981 1439 1030 1481 re·
1085 1426 1133 1498 lis,
1151 1429 1267 1498 prediis
1286 1429 1440 1499 autoellis,
1465 1434 1517 1485 aut
1531 1429 1562 1484 in
1576 1428 1623 1485 bis
1643 1427 1786 1485 omuibus
1798 1428 1897 1500 quoad

197 1528 356 1594 pugnantes
370 1521 438 1576 huic
453 1517 596 1575 sanctioni
610 1517 790 1573 anathemate
801 1521 938 1587 perpetuo
950 1514 1029 1571 dam·
1080 1518 1172 1588 juset
1194 1517 1419 1575 dominationem
1442 1531 1541 1574 eorum
1568 1517 1742 1588 respiciunt,
1772 1522 1825 1574 ant
1846 1517 1899 1587 epi-

199 1611 317 1668 nandos.
347 1610 438 1679 Super
468 1608 526 1663 haec
547 1611 642 1663 autem
672 1605 818 1678 magnihci
845 1604 1028 1676 imperatoris
1083 1620 1196 1678 scopus,
1228 1613 1279 1663 aut
1306 1620 1481 1679 oeconomus,
1509 1620 1560 1664 scu
1586 1606 1834 1678 archipresbyter,
1859 1614 1899 1662 aut

198 1698 339 1770 Lotharii,
369 1702 397 1753 et
413 1695 549 1753 ludovici
574 1709 606 1751 ac
631 1694 725 1750 Caroli
748 1695 912 1751 mandatum
941 1699 1028 1764 atque
1042 1691 1069 1752 B
1083 1695 1315 1767 archidiaconus,
1331 1703 1382 1753 aut
1397 1696 1521 1768 quilibet
1536 1696 1750 1767 ministrorum,
1769 1709 1822 1753 seu
1836 1709 1898 1767 prc-

198 1787 511 1859 supplicatioaecessit,
524 1785 651 1856 idipsum
663 1783 882 1854 postulantium,
893 1783 1028 1840 videlicet
1084 1786 1243 1858 positorum
1266 1787 1329 1856 ejus
1347 1792 1398 1842 aut
1411 1790 1568 1842 conventus
1590 1783 1710 1857 faciant,
1731 1790 1785 1842 aut
1810 1783 1898 1841 eonvi-

199 1882 233 1934 ut
246 1877 444 1948 episcoporum
458 1873 610 1946 privilegia
622 1877 718 1931 nostra
732 1887 847 1945 quoque
858 1873 1030 1930 auctoritate
1084 1876 1129 1932 via
1140 1881 1309 1946 praepareut,
1325 1881 1377 1932 aut
1388 1874 1500 1948 aliquid
1518 1875 1686 1946 postestatis
1696 1875 1766 1946 jure
1780 1872 1838 1931 sibi
1850 1873 1897 1929 viu

199 1966 392 2022 firmarentur.
1083 1965 1190 2035 dicent,
1207 1970 1257 2021 aut
1281 1965 1397 2037 exigant
1422 1965 1603 2022 vindicanda.
1621 1965 1679 2020 flac
1702 1977 1821 2036 quoque
1836 1977 1896 2021 eon-

237 2055 294 2110 Nos
309 2053 406 2124 itaque
424 2058 573 2110 cernentes
589 2051 755 2124 religiosam
777 2049 838 2107 fore
853 2048 1031 2121 postulatio-
1083 2053 1207 2111 ditionis
1220 2053 1280 2126 lege
1297 2068 1396 2110 omnes
1409 2054 1536 2125 episcopi
1551 2067 1582 2110 sc
1596 2053 1748 2110 conveniri
1768 2054 1892 2122 autemut

199 2157 274 2213 nem,
291 2156 383 2214 ueque
400 2141 436 2198 ab
457 2142 615 2213 apostoliea
638 2140 839 2197 sollicitudine
860 2142 1032 2211 pretereun·
1085 2156 1206 2215 quornm
1223 2143 1374 2214 parochias
1390 2156 1435 2200 res
1446 2143 1627 2200 corbeiensis
1637 2143 1809 2201 monasterii
1824 2144 1896 2214 respi-

201 2233 269 2289 dum
283 2232 358 2304 quod
375 2246 426 2302 pro
448 2244 594 2288 servorum
616 2230 666 2286 Dei
690 2229 782 2300 quieti
805 2234 833 2285 et
848 2228 940 2285 sancti
956 2241 1032 2298 pon·
1083 2245 1148 2289 cere
1172 2238 1395 2304 cognoscuntur,
1432 2246 1483 2288 nec
1516 2245 1618 2288 novum
1643 2244 1697 2288 nec
1738 2232 1894 2289 inusitatum

201 2323 293 2380 tillccs
317 2322 363 2393 pie
377 2326 551 2391 statuerunt,
575 2325 603 2377 ct
628 2318 774 2390 magniflui
789 2318 935 2389 principes
958 2317 1032 2375 reli·
1085 2326 1220 2378 causetur
1234 2322 1388 2393 quisquam
1401 2320 1463 2378 fore
1477 2322 1552 2392 quod
1565 2321 1763 2393 decernimus,
1779 2322 1896 2394 quando-

201 2412 281 2484 giose
297 2410 443 2483 rogabant,
458 2415 485 2466 ct
499 2408 588 2466 abbas
602 2408 835 2480 congregationis
845 2407 972 2476 ejusdem
985 2420 1032 2462 ne-
1085 2411 1200 2483 quidem
1214 2416 1242 2467 et
1256 2411 1323 2467 huic
1341 2410 1472 2468 eoenobio
1487 2413 1598 2467 constat
1611 2409 1681 2467 olim
1695 2412 1756 2481 jam
1773 2411 1826 2467 hoe
1839 2424 1897 2466 oon·

199 2499 324 2555 cessario
336 2496 681 2568 postulabat,censuimus
691 2495 943 2568 rogaticonoedere
953 2491 1029 2566 quod
1083 2513 1208 2573 cessum,
1223 2500 1365 2556 ct'multis
1387 2499 1456 2556 aliis
1471 2512 1525 2555 uon
1539 2499 1633 2556 solum
1652 2499 1685 2555 iu
1698 2498 1807 2571 Gallia,
1821 2499 1861 2555 vel
1874 2499 1895 2554 iu

202 2588 278 2643 ultro
311 2586 430 2644 decebat
455 2592 581 2643 nostram
606 2585 776 2656 pastoralem
800 2583 1029 2641 sollicitudinem
1084 2589 1177 2656 ltalia,
1204 2603 1301 2647 verum
1327 2594 1387 2646 toto
1401 2597 1542 2646 terrarum
1561 2588 1641 2662 orbe,
1655 2602 1713 2645 nou
1730 2588 1825 2646 solum
1847 2602 1897 2644 mo-

200 2674 345 2732 exhibere.
520 2693 523 2699 ·
902 2734 905 2739 ,
1085 2677 1253 2751 nachorem,
1267 2691 1365 2736 verum
1384 2678 1586 2737 canonicorum
1603 2679 1792 2736 monasteriis
1802 2678 1893 2734 hodie

236 2763 428 2837 cognovimus
447 2762 545 2834 etiam,
562 2760 706 2819 referente
718 2760 875 2819 venerabili
887 2759 1030 2819 hmrelmo
1086 2779 1141 2838 que
1157 2767 1352 2838 conspicimus
1378 2781 1490 2825 manere
1504 2767 1660 2840 indultum,
1677 2772 1708 2824 et
1730 2779 1897 2840 unaqueque

201 2852 311 2922 abbate,
327 2851 501 2923 coenobium,
527 2852 632 2924 dequo
647 2852 770 2924 agimus,
788 2864 804 2908 a
822 2850 1032 2922 praecehentis-
1084 2856 1208 2913 Ecclesin
1221 2857 1304 2914 debet
1317 2871 1430 2914 manere
1441 2858 1504 2915 suis
1520 2856 1683 2930 privilegiis
1698 2862 1844 2928 contenta,
1859 2869 1900 2911 uec

201 2941 275 2998 sima
289 2943 461 2998 Francorum
481 2940 579 3014 regina
605 2940 748 2997 balthilde
762 2939 900 2997 nobiliter
911 2939 1032 2997 aedihca·
1084 2948 1119 3004 ab
1129 2948 1187 3004 alia
1201 2948 1314 3018 pervadi
1326 2946 1367 3004 vel
1378 2947 1523 3020 usurpari,
1535 2946 1610 3019 quod
1622 2946 1747 3004 alterius
1753 2946 1833 3018 turis
1846 2960 1898 3004 esec

201 3035 261 3088 tum
273 3028 288 3073 b
302 3073 311 3103 ,
326 3035 380 3088 eta
393 3031 492 3102 prime
506 3029 688 3089 fundationis
700 3044 759 3088 suae
769 3035 857 3102 stata
871 3044 936 3088 cum
952 3012 1033 3088 nobil
1045 3014 1070 3078 C
1084 3037 1273 3108 conspicitur.

200 3121 281 3178 litate
302 3126 467 3179 sanctorum
491 3121 620 3178 virorum
635 3124 664 3178 et
690 3119 842 3193 religionis
857 3121 1031 3178 monachice
1119 3128 1247 3198 Cumque
1258 3125 1418 3183 Galliarum
1434 3124 1607 3196 permaxime
1621 3123 1768 3182 Eccleslas
1783 3125 1900 3183 fidelium

197 3209 388 3282 observantia,
418 3215 478 3268 tum
517 3224 633 3283 quoquc
659 3209 824 3281 principum
856 3209 1031 3267 Francorum
1083 3216 1290 3276 collationibus
1313 3217 1400 3274 aneo
1420 3219 1531 3273 constet
1556 3228 1618 3272 erse
1635 3215 1757 3279 uleus.
1772 3221 1807 3274 ut
1830 3228 1901 3272 reno

198 3296 306 3357 favoris
320 3300 508 3373 praerogativa
523 3307 552 3358 ct
571 3299 744 3359 muniminis
763 3299 939 3370 protectione
953 3312 1032 3356 sem-
1084 3306 1410 3377 sitfereepiseoporum,
1426 3305 1475 3362 cui
1490 3318 1549 3362 suae
1564 3309 1701 3375 sumptus
1712 3302 1848 3361 Ecclesia
1859 3317 1901 3360 sa·

197 3404 248 3461 per
266 3390 408 3448 floruisse.
433 3389 494 3459 Qua
510 3390 546 3447 de
569 3402 599 3446 re
615 3389 722 3448 factum
742 3395 785 3447 cst
800 3395 832 3446 ut
846 3394 875 3444 et
889 3387 1032 3445 immuni·
1085 3397 1124 3455 ris
1137 3408 1280 3469 superque
1301 3409 1357 3452 non
1373 3393 1527 3466 sufficiant,
1541 3394 1627 3463 eujus
1640 3393 1737 3466 pratia
1749 3393 1901 3452 neemitu

197 3485 270 3539 caes
286 3494 381 3538 rerem
396 3492 515 3537 suarum
541 3483 570 3535 el
593 3479 745 3553 privilegia
758 3478 885 3552 eugendi
900 3477 1030 3534 mortem
1084 3486 1173 3557 urnis,
1190 3499 1252 3557 quae
1267 3483 1863 3555 servorumcnnsnsuutustouseotau,
1877 3483 1900 3538 n

197 3583 295 3629 omnes
306 3569 333 3626 ei
348 3569 544 3640 concederent,
562 3581 788 3639 concessumque
807 3565 868 3624 fore
883 3566 1031 3637 perpetuis
1084 3588 1153 3632 supp
1164 3581 1327 3631 converrere
1345 3578 1479 3644 sumptus
1494 3577 1679 3644 ppaesumapt.
1692 3572 1744 3629 ste
1756 3573 1837 3630 enin
1848 3570 1900 3628 ple-

196 3659 301 3717 dicbus
317 3658 512 3726 decernerent,
529 3668 705 3727 suarumque
721 3655 898 3711 munimenta
919 3656 1032 3713 cessio-
1085 3664 1211 3721 picorum
1228 3663 1279 3735 qui
1294 3664 1329 3720 de
1344 3663 1471 3734 propriis
1487 3661 1636 3719 abundant
1650 3661 1899 3719 redditibueeom·

198 3762 267 3805 num
281 3748 312 3802 in
331 3746 458 3802 archivis
479 3744 647 3801 monasterii
671 3745 706 3801 ad
731 3743 896 3801 memoriam
912 3741 1030 3802 futuro-
1085 3753 1243 3811 munimen
1258 3752 1428 3825 prohibetur
1442 3765 1507 3810 cum
1525 3751 1570 3809 eis
1587 3763 1652 3822 quae
1665 3750 1858 3810 conferuntur
1866 3762 1900 3806 ee·

198 3850 261 3893 rum
286 3834 422 3891 emanue
442 3838 621 3904 reponerem.
644 3832 757 3903 Quibus
780 3834 906 3905 cognitis
931 3835 1032 3892 omni·
1083 3843 1187 3915 evevae,
1204 3843 1374 3902 rerumne
1389 3841 1617 3915 aeceperrutqut
1631 3839 1900 3914 deproperatur

197 3924 262 3997 bus,
276 3923 357 3980 nefas
370 3936 431 3980 esse
450 3922 588 3979 duximus
603 3923 629 3979 si
647 3936 703 3980 non
719 3921 922 3996 religiosorum
942 3925 1029 3995 prin·
1082 3935 1161 4006 pant,
1173 3947 1272 3991 eorum
1291 3933 1341 4004 qui
1368 3931 1443 3989 ῃιιιιι
1469 3931 1573 3989 habent
1587 3931 1688 4003 inopia
1707 3946 1766 3989 non
1780 3931 1898 3998 lentum

196 4015 293 4086 cipum
303 4013 481 4070 devotionem
490 4020 651 4084 sequentes,
660 4018 688 4069 et
698 4020 861 4070 sanctorum
873 4015 1028 4085 presulum
1083 4037 1140 4096 qua
1159 4024 1336 4081 conscientia
1349 4023 1503 4094 episeopus
1522 4035 1581 4080 suae
1595 4019 1899 4093 sumptibussseeleste

197 4102 326 4175 exempta
340 4103 520 4175 comitantes,
539 4108 643 4159 nostrae
663 4102 805 4160 cessionis
828 4105 1028 4161 auctoritatem
1083 4113 1237 4184 sufficiens,
1252 4126 1315 4184 quae
1327 4125 1474 4169 servorum
1495 4110 1545 4168 net
1562 4109 1792 4168 taurinensibus
1805 4110 1898 4168 epltau

199 4193 371 4250 monasterio
401 4192 526 4249 corbeiae
552 4192 755 4261 tribueremus,
785 4204 830 4265 ne,
861 4193 911 4263 qui
941 4193 1028 4264 primi
1083 4209 1236 4277 ppaeppmat
1260 4200 1449 4274 contingeret
1471 4203 1528 4257 Nee
1544 4201 1753 4272 veretur-qued
1776 4212 1899 4272 perpro-

196 4287 312 4354 propter
325 4281 489 4353 apostolicae
504 4281 581 4338 sedis
600 4281 756 4353 primatum
773 4280 803 4336 in
822 4281 1030 4339 ecclesiasticis
1084 4297 1197 4368 phetam
1226 4293 1366 4350 pominus
1388 4290 1542 4362 exprobrat
1564 4290 1768 4349 sacerdotibus
1790 4292 1896 4349 ptam:

195 4370 520 4445 ocgotiisdisponendis
536 4370 660 4427 inveniri
679 4369 842 4443 debeamus,
860 4370 917 4441 ipsi
931 4376 1192 4458 poste-Dpapppp
1207 4385 1341 4455 pauperes
1363 4383 1393 4436 tn
1421 4381 1545 4436 domtom
1567 4382 1665 4436 uestris
1688 4382 1760 4452 (lem
1785 4395 1829 4454 ιιι,
1852 4376 1896 4451 ll).

198 4463 289 4518 fi⁰f0⁸
306 4461 494 4533 sepeliamur,
511 4465 539 4516 θῑ
563 4459 613 4531 <lui
629 4459 664 4515 ad
681 4471 827 4515 semiusti
840 4459 890 4515 ⁰⁸1
904 4461 1029 4531 quietem
1083 4471 1425 4548 PaupcreseuimChristi
1438 4469 1578 4540 essequis
1590 4470 1711 4544 nesciat,
1723 4471 1776 4544 qui
1788 4476 1898 4529 eonem

195 4550 413 4621 comparandam
434 4549 547 4606 caeteris
570 4547 753 4605 auctoritatis
768 4546 865 4606 lumeu
895 4558 1029 4620 praestare
1083 4569 1183 4624 neptes
1201 4561 1392 4620 substanttam
1408 4559 1519 4630 mundi,
1538 4558 1698 4616 salvamms
1713 4559 1898 4619 nostrimet-

199 4639 328 4710 inlini)¹0
348 4646 446 4696 1¹⁰⁸t¹¹0
477 4636 624 4709 jubemur,
649 4637 783 4709 loquente
810 4638 942 4711 D0ffli¹l⁰r
975 4640 1027 4696 V⁰⁸
1082 4655 1129 4728 gia
1143 4656 1293 4722 sectantes,
1310 4650 1361 4722 qul
1375 4662 1438 4706 cum
1457 4647 1898 4722 essetdivespronobispauper

198 4731 263 4786 estis
290 4729 340 4782 Μ
360 4727 459 4782 mandi
482 4728 572 4797 (Mill
602 4740 630 4799 Vr
657 4723 710 4801 “h
736 4728 791 4800 ipsi
809 4741 859 4799 per
886 4728 1028 4803 ssedfidess·
1080 4743 1260 4812 eifeetusest,
1272 4744 1376 4797 sauetae
1387 4736 1573 4810 perfectiouis
1585 4735 1707 4795 titulum
1720 4737 1898 4797 sibltltvltias

200 4818 247 4874 tiae
263 4821 388 4888 teporem
401 4815 520 4873 minime
534 4815 602 4873 boni
618 4817 714 4888 operis
727 4817 869 4890 fulgorem
883 4818 936 4876 alil
950 4833 1028 4892 prae-
1080 4833 1269 4893 arbitrantur,

195 4905 323 4964 bemus.
1115 4922 1255 4994 Quisquis
1283 4919 1375 4994 igitur
1396 4916 1509 4990 aliquid
1534 4915 1639 4974 borum
1663 4931 1730 4990 quae
1749 4914 1896 4977 fuerlttad

231 4996 338 5067 Quade
360 5010 389 5054 re
411 4996 522 5053 noverit
541 4997 636 5055 omnis
663 4997 789 5055 Ecclesia
811 4997 981 5082 Galliarum,
998 5001 1026 5056 et
1080 5012 1263 5070 necessitates
1288 5022 1387 5065 eorum
1413 5006 1527 5078 collata,
1554 5004 1897 5082 presumpseritetsuis

196 5087 349 5145 universus
366 5087 570 5158 episcoporum
597 5088 793 5145 coetuseidem
809 5087 1026 5160 Ecclesiaeprae.
1078 5100 1237 5160 commodis
1250 5098 1435 5171 applicuerit,
1452 5095 1582 5167 rapinam
1596 5095 1626 5153 iu
1638 5096 1762 5155 domum
1777 5108 1854 5156 em
1865 5093 1897 5148 de

194 5177 362 5248 sidentium,
391 5176 466 5247 quod
493 5175 646 5249 privilegiu
666 5182 833 5234 sanctorum
855 5178 1020 5253 presulum,
1078 5190 1241 5250 substantia
1262 5187 1400 5259 pauperis
1411 5189 1574 5259 congregat.
1589 5183 1695 5243 Omuia
1712 5198 1829 5260 quoque
1840 5194 1897 5256 qut

194 5267 255 5325 sive
279 5280 341 5340 quae
366 5265 470 5322 dicbus
485 5265 626 5339 antiquis,
652 5265 713 5323 sive
737 5267 873 5324 moderno
896 5274 1022 5340 tempore
1077 5287 1147 5340 supr
1173 5279 1305 5336 molestis
1328 5276 1424 5335 oblata
1447 5276 1491 5334 vel
1510 5275 1651 5348 delegata,
1678 5276 1711 5333 lu
1737 5287 1895 5349 pauperat,

226 5482 445 5540 thelonensi.
468 5479 595 5552 seilicet,
607 5477 771 5547 ltertetrtdo.
788 5478 816 5534 ld
835 5477 1020 5554 privilegium
1073 5482 1194 5540 alterum
1208 5491 1274 5535 vero
1287 5483 1364 5534 torm
1379 5477 1416 5532 ιιι
1429 5475 1594 5533 eorumdem
1606 5474 1732 5549 conell,
1747 5490 1775 5549 p.
1788 5474 1831 5535 oo.

191 5553 304 5613 videbis
316 5559 383 5612 tom.
401 5556 413 5611 i
431 5550 541 5611 conell.
556 5550 618 5609 Gal.
632 5549 813 5610 astruendo
823 5551 894 5610 odit
909 5567 937 5625 p.
955 5551 1020 5626 bod,
1110 5551 1318 5623 temperer.
1338 5548 1408 5607 ilide
1421 5553 1491 5606 tour.
1506 5547 1618 5605 icone
1630 5547 1697 5621 Gal,
1714 5562 1745 5621 p
1767 5547 1830 5608 ooo.
