3876 6090
106 249 153 307 ibt
495 252 765 308 mxcnruexaxlo
784 252 908 308 sx'a'obl
926 252 973 306 l'ti
990 253 1191 310 GENERALIS.
1206 284 1243 294 —
1260 254 1360 311 nexio
1379 256 1422 311 l't.
1761 252 1816 316 102

108 378 931 451 principalisnullatenusquiseorumquisanumsapiunt,
946 378 1065 448 Ajuria
1089 385 1116 433 et
1137 379 1309 449 maledictio,
1324 379 1394 450 quin
1416 379 1512 448 potius
1536 385 1564 434 et
1587 380 1728 449 impietas.
1745 381 1813 451 Qum

108 469 134 524 ln
151 467 280 539 imagine
295 469 410 538 quaerit.
429 471 458 523 ln
471 469 595 539 imagine
605 469 711 539 quippe
723 469 763 524 nil
777 470 856 525 aliud
868 483 935 539 vera
988 468 1064 522 euim
1078 469 1220 524 Diodorus
1237 472 1322 538 atque
1336 467 1501 522 Theodorus
1513 468 1702 537 Mopsuestia,
1718 483 1750 525 ac
1761 472 1813 526 Ne·

107 557 177 612 ratio
192 557 284 626 novit,
296 571 381 627 quam
391 558 547 613 secundum
560 559 877 613 nomencommunicare
888 557 930 613 illi
989 557 1098 612 storius
1110 563 1137 612 et
1152 556 1293 627 Eutyches
1309 562 1337 611 et
1354 555 1508 612 Dioscorus
1524 561 1552 610 et
1566 555 1685 612 Severus
1696 569 1814 613 assum-

107 646 187 714 cujus
212 651 257 700 cst
284 645 389 716 imago,
415 652 443 701 et
465 659 519 700 non
546 646 703 702 secundum
730 646 931 717 substantiam,
990 659 1070 714 psere
1085 651 1182 700 contra
1205 645 1351 700 veritatem
1375 643 1482 700 rabiem
1497 649 1668 715 eructantes,
1692 644 1748 714 ipsi
1761 658 1814 701 ca-

105 736 182 805 juxta
196 734 273 804 quod
284 733 386 789 crebro
394 735 451 803 jam
463 734 592 790 diximus
602 736 692 789 coacti
709 748 742 789 ex
756 735 829 804 ipsis
843 731 934 807 [ipso
989 733 1104 789 tholicae
1119 733 1252 789 Ecclesiae
1272 733 1424 789 tribuunt:
1440 738 1468 789 et
1479 732 1552 788 malo
1568 733 1671 790 malum
1688 734 1814 790 commi·

109 819 182 897 rum]
197 822 461 892 disputationibus
482 824 609 892 inopiam
631 824 707 878 enim
724 824 800 892 passi
820 823 932 894 aliquid
989 828 1099 878 scentes
1115 822 1262 892 applicant
1277 821 1420 892 [addunt],
1444 820 1516 876 hanc
1532 821 1632 890 impiis
1647 821 1713 876 istis
1727 822 1813 878 haero

108 911 220 966 dicendi
248 917 351 966 contra
380 910 551 966 catholicam
582 911 749 980 Ecclesiam,
779 912 875 966 eadem
900 913 935 968 dc
989 909 1057 966 licis
1072 911 1221 982 conspergi
1240 909 1425 983 perhibentes
1446 906 1520 983 [cum
1535 909 1604 980 imp.
1621 909 1640 965 i.
1662 909 1690 965 b.
1705 910 1813 966 sentire

109 999 211 1055 eisdem
222 997 359 1067 effantur,
373 1012 444 1054 vana
458 996 537 1054 fauce
552 998 709 1068 loquentes,
721 1007 749 1055 et
763 1001 933 1056 exercitium
990 998 1061 1069 per]
1074 1006 1102 1054 et
1117 998 1276 1055 stoliditate
1289 1003 1317 1054 ει
1333 997 1493 1054 inutilitate
1503 997 1587 1053 verba
1600 996 1703 1054 referta
1715 999 1814 1070 possi-

111 1083 174 1161 [dr.,
186 1084 446 1161 vaniloquentiam]
459 1087 645 1142 audientibus
660 1085 803 1144 facientes.
817 1091 934 1159 Propter
988 1088 1096 1160 dentes,
1110 1094 1138 1144 et
1153 1088 1230 1144 sicut
1246 1101 1390 1157 caupones
1413 1087 1533 1143 miscent
1554 1087 1653 1144 vinum
1675 1101 1759 1160 aqua,
1782 1088 1811 1145 ld

112 1176 178 1247 quod
190 1181 219 1230 et
230 1175 346 1230 ridendi
357 1175 432 1245 apud
446 1189 544 1231 omnes
555 1183 759 1247 monstrantur,
772 1177 930 1248 aliquando
988 1183 1031 1232 cst
1046 1191 1141 1231 verum
1156 1190 1313 1232 sermonem
1328 1190 1393 1231 cum
1405 1189 1547 1246 ρεινειεε,
1560 1182 1589 1231 ει
1603 1181 1761 1246 temperant
1774 1175 1811 1234 fel

114 1264 302 1334 partitionem,
326 1263 485 1334 aliquando
512 1278 576 1319 xero
605 1263 801 1320 confusionem
835 1266 933 1321 dicent
987 1264 1429 1320 amaritudinisllaeresisenim
1449 1263 1812 1337 Dioscorietliutychetis

115 1358 155 1423 tes,
194 1352 409 1422 paratissimam
443 1352 570 1425 linguam
604 1353 739 1409 habentes
771 1355 804 1409 ad
828 1354 933 1410 subse-
986 1353 1808 1424 contrariaestnestorio,quemadmodumjamdiximus:

119 1441 252 1510 quendum
276 1436 354 1513 [Cr.,
370 1440 404 1496 ad
420 1441 515 1497 verbis
528 1440 715 1517 peccandum]
733 1443 808 1498 unde
831 1448 859 1497 et
878 1443 929 1497 di-
986 1450 1072 1514 atque
1088 1444 1248 1500 contrarias
1260 1444 1380 1499 hareses
1396 1444 1490 1498 inuna
1504 1443 1641 1512 opinione
1652 1450 1737 1514 atque
1749 1457 1812 1515 pro

119 1536 191 1584 cunt:
987 1533 1110 1589 fossione
1125 1547 1186 1589 esse
1202 1532 1339 1604 possibile
1360 1538 1487 1589 nonest:
1506 1533 1744 1603 quemadmodum
1765 1533 1813 1589 al-

320 1619 465 1688 crepo-tos
490 1623 630 1690 piscopos
657 1622 739 1689 lepte:
986 1623 1054 1679 bum
1070 1630 1098 1679 et
1110 1623 1236 1695 nigrum,
1248 1623 1290 1678 vel
1306 1623 1432 1679 calidum
1441 1625 1470 1678 et
1480 1621 1619 1695 frigidum
1631 1622 1813 1694 impossibile

945 1696 970 1757 Β
985 1721 1029 1770 εει
1042 1714 1132 1770 rideri
1148 1714 1176 1769 in
1191 1727 1248 1769 uno
1263 1712 1401 1782 subjecto,
1423 1712 1452 1768 in
1469 1726 1526 1769 uno
1538 1713 1693 1783 eodemque
1708 1717 1812 1783 tempo

148 1766 158 1795 r
176 1745 204 1800 Si
219 1745 313 1817 igitur
326 1745 355 1799 in
367 1746 499 1814 passione
511 1745 713 1814 inseparabilis
724 1747 829 1802 mansit
841 1747 875 1802 ab
885 1747 931 1803 his
986 1817 1016 1858 re
1042 1805 1138 1872 Neque
1152 1802 1229 1857 enim
1241 1802 1270 1856 in
1287 1801 1351 1857 nive
1367 1800 1731 1871 inventumestanquando
1743 1801 1813 1857 can·

126 1834 292 1899 »divinitas
307 1834 449 1905 quomodo
464 1835 601 1890 insensati
617 1839 644 1890 et
663 1841 765 1890 cuncta
780 1836 931 1890 irrationa-

127 1921 256 1978 tbilitate
266 1905 529 1992 repleti,'diridunt
540 1936 653 1978 carnem
670 1938 809 1994 quaecum
825 1924 931 1979 divini·

127 2030 135 2057 a
150 2016 199 2066 tate
212 2011 577 2081 connexnetdeidmmest,
592 2013 711 2082 etrpuasi
724 2013 788 2081 puri
803 2012 929 2067 hominis

128 2118 136 2145 a
151 2099 295 2171 imaginem
308 2099 424 2171 pingere
433 2101 566 2155 tentanti
580 2102 649 2155 Nam
660 2106 687 2155 et
702 2101 730 2155 in
745 2102 801 2155 isto
811 2100 929 2156 inaliud

128 2205 136 2232 a
151 2188 309 2258 iniquitatis
318 2188 483 2244 barathrum
497 2188 638 2259 incidunt,
646 2195 809 2258 separantes
817 2203 929 2244 carnem

130 2293 137 2321 r
151 2290 163 2329 a
175 2275 335 2345 divinitate,
352 2283 380 2331 et
392 2277 507 2346 privam
518 2278 712 2333 subsistentiae
726 2278 804 2333 illam
824 2291 932 2333 asseve-

129 2381 137 2408 ι
154 2371 248 2436 rantes,
260 2370 289 2420 et
301 2365 387 2419 aliam
400 2379 548 2434 personam
562 2367 641 2421 carni
656 2366 824 2436 tribuentes,
845 2379 929 2436 quam

129 2468 138 2498 a
152 2459 175 2507 et
186 2453 341 2525 imaginare
353 2449 443 2526 [idest
459 2454 635 2525 imaginibus
649 2451 821 2528 exprimere]
834 2453 930 2509 faten-

129 2547 207 2596 tur:
222 2556 257 2598 ex
272 2543 326 2597 hoc
344 2529 524 2598 ostendentes
544 2549 652 2614 quartae
672 2556 797 2612 personae
812 2543 930 2599 addita-
946 2588 953 2604 ,

128 2648 137 2676 ι
152 2637 263 2686 mentum
277 2631 308 2686 in
320 2630 478 2685 Trinitatc:
494 2645 579 2700 super
590 2632 648 2686 haec
656 2638 683 2686 ει
692 2632 927 2702 assumptionem,

129 2734 204 2789 1que
216 2719 361 2775 divinitus
373 2725 416 2775 est
440 2726 581 2790 suscepta,
596 2720 728 2777 atheoton
744 2721 930 2792 depingentes

130 2802 218 2879 offla,
236 2815 264 2863 et
292 2807 366 2878 quod
399 2822 432 2863 ex
458 2809 655 2879 assumptione
684 2810 846 2865 deificatum
875 2813 928 2879 est,

129 2913 137 2940 a
152 2895 286 2967 atheoton,
303 2897 331 2952 id
345 2901 388 2952 est
399 2910 454 2951 non
464 2897 628 2952 deificatum
642 2895 848 2972 depingentes].
860 2897 931 2954 Col-

127 3000 136 3028 ι
152 2984 245 3056 ligitur
259 2999 327 3056 ergo
340 2984 375 3039 ab
390 2984 435 3040 his
450 2985 500 3056 qui
520 2985 628 3040 Christi
646 2986 797 3057 imaginem
814 2987 931 3057 pingen-

984 1891 1063 1958 dum,
1081 1904 1172 1960 neque
1186 1891 1215 1945 in
1230 1890 1295 1962 igne
1316 1888 1465 1962 frigidum.
1480 1892 1568 1946 Porro
1584 1891 1715 1947 amentiae
1729 1892 1812 1961 ipso-

986 1994 1048 2035 rum
1064 1978 1251 2035 inutilitatem
1263 1977 1486 2034 manifestiorem
1499 1979 1637 2035 dicemus.
1655 1979 1810 2051 imaginem

984 2069 1061 2124 enim
1089 2073 1117 2123 et
1142 2067 1302 2137 principale
1330 2067 1456 2136 idipsum
1483 2066 1586 2123 dicunt
1608 2067 1718 2124 veloces
1743 2081 1809 2141 erga

985 2156 1175 2213 calumniam:
1192 2155 1342 2211 etidcirco
1359 2157 1387 2210 ln
1403 2153 1588 2211 confusiones
1597 2159 1625 2211 et
1638 2155 1810 2226 partitiones

986 2246 1127 2301 inducunt
1139 2259 1187 2302 eos
1201 2243 1419 2317 quidepingunt
1429 2244 1620 2316 evangelicam
1629 2244 1806 2301 relationem.

983 2334 1228 2404 Eutychianorum
1247 2335 1335 2405 enim,
1356 2333 1443 2390 idest
1461 2346 1559 2390 eorum
1576 2333 1627 2404 qui
1653 2333 1810 2404 pradicant

984 2436 1069 2478 unam
1086 2429 1217 2480 naturam
1231 2425 1387 2482 secundum
1401 2423 1619 2481 subsistentiam
1633 2423 1662 2480 ln
1677 2424 1809 2480 unitione

983 2512 1102 2583 Christi,
1118 2527 1150 2569 ac
1166 2528 1215 2583 per
1235 2513 1288 2570 hoc
1302 2513 1494 2585 dogmatizant
1514 2510 1722 2584 confusionem,
1739 2513 1811 2569 veri·

985 2601 1053 2656 tastis
1069 2602 1270 2658 transmutatio
1283 2600 1358 2657 nihll
1373 2601 1453 2658 allud
1470 2600 1499 2656 in
1515 2600 1577 2657 illis
1589 2605 1643 2673 est,
1660 2600 1718 2657 nisi
1733 2602 1808 2673 quod

985 2690 1202 2747 subsistentiam
1216 2695 1244 2745 et
1261 2696 1392 2746 naturam
1415 2689 1541 2759 idipsum
1556 2689 1713 2746 definiunt:
1732 2691 1807 2761 quod

984 2778 1064 2835 aliud
1078 2793 1140 2836 esse
1152 2785 1238 2851 atque
1252 2779 1332 2835 aliud
1347 2778 1457 2834 alumni
1471 2778 1619 2834 catholice
1631 2782 1738 2836 norunt
1753 2779 1811 2834 ltc-

984 2868 1087 2924 olesiae.
1113 2868 1333 2924 Subsistentiam
1363 2867 1440 2923 enim
1467 2867 1594 2924 dicimus
1619 2866 1809 2924 substantiam

985 2956 1136 3027 quamdam
1148 2971 1212 3013 cum
1224 2955 1459 3027 proprietatibus,
1473 2955 1509 3011 ab
1518 2969 1552 3013 eo
1564 2957 1638 3027 quod
1652 2960 1695 3013 est
1706 2955 1810 3028 hyphe-

127 3072 203 3128 ,Μ
218 3070 298 3147 [GH
313 3071 409 3148 pingi]
421 3074 599 3145 existimant,
615 3082 665 3131 au,
679 3075 860 3130 divinimoem
875 3075 929 3129 ci„
944 3068 969 3131 C
985 3053 1073 3101 stanae
1095 3041 1170 3119 [Gr.,
1193 3045 1384 3116 hyphestanae,
1402 3045 1430 3101 id
1450 3049 1494 3101 est
1512 3041 1694 3121 subsistere}
1720 3046 1808 3102 Porro
1895 3059 1900 3067 ’

125 3177 134 3207 a
148 3163 469 3233 cumscriptametcarne
479 3161 807 3234 confusamautcorpus
819 3163 927 3219 Christi

124 3264 132 3295 r
147 3251 269 3307 atheoton
286 3257 313 3306 et
328 3251 463 3321 divisum,
481 3265 513 3306 ac
537 3265 684 3320 personam
699 3252 815 3322 private
828 3250 929 3306 subsi-

123 3354 132 3381 ι
148 3340 249 3395 stentiae
265 3353 352 3409 super
366 3352 478 3394 carnem
495 3339 536 3408 [in
561 3339 746 3409 carneldari:
772 3339 884 3395 similes
898 3339 926 3393 in

123 3425 297 3482 »hoceliecti
318 3427 551 3482 Nestorianorum
575 3428 785 3500 impugnationi
809 3441 872 3497 quae
896 3427 925 3480 in

122 3515 223 3570 »ileum
237 3520 291 3571 est.
314 3518 346 3570 ln
362 3516 446 3572 talem
462 3514 668 3585 blasphemiam
689 3522 774 3588 atque
790 3516 928 3586 impieta-

122 3608 189 3659 vtem
206 3605 386 3660 incurrentes
410 3602 624 3660 confundantur
642 3612 670 3659 et
687 3611 877 3660 revereantur.
899 3611 927 3660 et

983 3129 1806 3207 autemnaturamfatemurrempersesubsistentemffir,

983 3219 1178 3295 existentemf,
1204 3236 1259 3277 non
1279 3222 1453 3293 indigentem
1473 3221 1531 3276 alio
1548 3220 1583 3277 ad
1601 3220 1646 3277 sni
1667 3220 1808 3277 stabilita·

983 3316 1037 3365 tem
1066 3306 1338 3383 [constitutionem],
1363 3309 1399 3365 ab
1420 3323 1454 3365 eo
1469 3309 1543 3379 quod
1562 3312 1605 3364 est
1626 3307 1803 3380 pephycenae.

982 3398 1038 3453 lloc
1051 3403 1185 3467 praeterea
1197 3397 1317 3452 modoet
1328 3396 1377 3452 isti
1389 3396 1543 3468 imaginem
1553 3395 1661 3450 Christi
1670 3399 1698 3449 et
1709 3392 1804 3463 ipsum

980 3486 1126 3541 Christum
1141 3485 1331 3541 nihildistare
1346 3498 1396 3555 per
1408 3482 1597 3539 substantiam
1607 3482 1718 3538 dicunt.
1734 3483 1804 3537 Nam

981 3575 1006 3630 si
1022 3574 1211 3629 differentiam
1235 3579 1360 3643 nossent,
1377 3584 1555 3642 nequaquam
1572 3570 1623 3626 has
1637 3583 1737 3626 vocum
1757 3582 1806 3626 no

121 3699 244 3748 ,mm
258 3693 307 3762 qu,
325 3697 448 3762 pamm,
465 3697 492 3747 e,
505 3693 678 3763 desiderant,
692 3698 720 3748 e,
731 3694 831 3749 colu„
851 3694 927 3748 ima„
980 3665 1083 3720 vitatos
1098 3669 1258 3733 portentose
1272 3662 1488 3733 pretenderent.
1508 3660 1648 3716 Omnibus
1659 3659 1735 3716 enim
1749 3659 1805 3716 exl-

122 3780 239 3852 rginem,
263 3796 326 3851 quae
353 3779 494 3836 fallaciter
512 3781 548 3835 ab
569 3782 612 3836 eis
637 3781 708 3837 facta
731 3789 758 3837 et
780 3782 856 3837 dicta
883 3788 925 3837 est
979 3752 1050 3809 ‘¹³⁰⁸
1065 3758 1108 3809 ⁰⁵²

120 3883 130 3910 ›
144 3866 251 3925 Christi.
265 3870 363 3924 Cesset
377 3869 463 3923 etiam
478 3883 493 3922 a
507 3868 591 3923 nobis
605 3883 639 3924 ex
657 3883 739 3939 aequo
750 3876 778 3924 et
800 3871 923 3925 Nestorii

121 3960 263 4028 auditio,
289 3964 375 4027 atque
397 3958 624 4029 hrii,1)ioscori
649 3965 677 4013 et
698 3958 874 4030 Eutychetis,

122 4043 227 4102 »serni
245 4046 388 4114 confusio,
412 4062 473 4116 quae
495 4054 563 4103 sunt
583 4048 719 4103 immensa
736 4048 808 4103 mala
825 4048 924 4118 [tir.,c

122 4131 276 4192 »diametro
302 4136 460 4207 pugnantia
478 4136 577 4207 malai,
595 4142 625 4193 et
641 4137 788 4208 impietate
806 4150 924 4205 compa-

122 4234 189 4276 lili.
210 4243 223 4273 o

297 4349 471 4418 Epiphanius
493 4350 624 4404 diaconus
644 4350 727 4416 legit:

1110 3795 1117 3822 ,
1134 3753 1202 3823 quia
1212 3752 1292 3808 aliud
1305 3757 1350 3807 est
1362 3751 1465 3822 imago,
1479 3753 1507 3806 et
1517 3749 1801 3819 aliudprimitixum:

981 3842 1033 3899 hoc
1046 3842 1162 3912 quidem
1175 3841 1344 3910 animatum,
1354 3839 1429 3895 iliud
1443 3845 1537 3896 autem
1549 3838 1738 3894 inanimatum
1748 3843 1802 3895 est.

897 3965 924 4014 e,
979 3933 1013 3988 Et
1026 3931 1160 4001 quonlam
1174 3929 1313 3986 verbosati
1331 3935 1409 4000 sunt,
1428 3929 1458 3984 in
1470 3928 1594 4000 imagine
1602 3926 1802 3985 circumscribi

980 4022 1087 4091 pariter
1112 4020 1239 4076 divinam
1263 4024 1406 4090 naturam,
1430 4019 1630 4075 excidentesa
1655 4023 1730 4075 recta
1754 4030 1805 4073 ra-

979 4110 1066 4180 tione,
1082 4109 1180 4165 traditi
1194 4109 1301 4164 suntin
1312 4108 1463 4178 reprobum
1473 4121 1597 4165 sensum.
1612 4108 1713 4164 Petrus
1726 4105 1803 4163 enim

979 4205 1007 4255 ct
1020 4198 1127 4254 Paulus
1138 4197 1244 4267 depicti
1255 4197 1453 4268 videntur,sed
1468 4211 1566 4253 eorum
1576 4197 1679 4253 animae
1692 4196 1721 4252 in
1736 4197 1805 4252 ima·

979 4287 1097 4360 ginibus
1118 4301 1174 4343 non
1194 4287 1317 4342 adsunt:
1342 4286 1574 4357 quandoquidem
1591 4300 1641 4343 nec
1657 4286 1721 4358 ipso
1735 4301 1804 4343 cor-

936 4383 964 4444 D
980 4391 1047 4448 pore
1059 4377 1134 4432 Petri
1150 4380 1296 4446 prasente,
1306 4375 1501 4444 animameJus
1509 4374 1619 4446 aliquis
1631 4374 1717 4432 videt.
1731 4375 1802 4431 Cum

148 4466 376 4542 Nequaquamper
388 4472 923 4545 unamviamgradiunturChristianos
977 4481 1044 4538 ergo
1060 4467 1120 4536 ipsa
1141 4479 1195 4521 non
1211 4465 1379 4535 aspiciatur,
1395 4464 1462 4535 quis
1477 4477 1575 4520 eorum
1589 4465 1639 4536 qul
1655 4465 1810 4522 veritatem·

123 4552 304 4615 alomnlantis
324 4560 463 4616 haerescos
483 4569 717 4633 propugnatores,
735 4562 923 4631 quenaadnan-
977 4561 1132 4623 sectantur,
1158 4555 1241 4626 dicit,
1263 4553 1332 4624 quia
1360 4549 1501 4625 separata*
1514 4558 1557 4609 est
1578 4567 1643 4611 caro
1672 4554 1746 4611 Petri
1766 4555 1802 4611 ab

123 4637 922 4721 dummorisestorthodoxis,quidedivinisdogmatlbus
976 4644 1073 4698 anima
1097 4644 1169 4712 ejus,
1188 4643 1243 4697 nisi
1266 4640 1337 4698 forte
1353 4655 1402 4711 per
1423 4640 1642 4713 intelligentiam
1664 4644 1802 4700 tantum?

124 4725 288 4808 disputantes,
301 4738 491 4809 regiamviam
507 4743 616 4792 tantum
631 4738 763 4808 retinent,
778 4739 921 4794 ethacxel
976 4734 1087 4802 Quanto
1111 4733 1201 4804 magis
1220 4731 1471 4801 incircumscripta
1494 4737 1596 4788 natura
1616 4732 1665 4788 Dei
1686 4732 1803 4792 Verbla

125 4812 173 4874 illac
185 4826 261 4881 nullo
279 4831 362 4896 pacto
376 4825 531 4881 declinant.
550 4826 601 4880 Sed
622 4831 779 4882 evertentes
794 4827 855 4881 vias
871 4827 923 4882 Do
977 4821 1285 4891 circumscriptamrne
1296 4820 1802 4894 quaeabeoassumptaiNequeenim

125 4904 186 4979 mini,
198 4914 355 4969 contrarias
368 4915 520 4983 opiniones
535 4915 609 4983 apud
631 4928 661 4970 se
673 4915 832 4987 colligunt:
850 4917 920 4971 etin
978 4912 1091 4983 quando
1112 4910 1249 4983 fatigatus
1262 4915 1306 4966 est
1324 4925 1358 4966 ex
1375 4910 1487 4982 itinere,
1501 4916 1560 4967 eta
1576 4912 1696 4971 muliere
1710 4914 1803 4972 &aaa

124 5003 249 5058 sooseusu
264 5003 453 5073 abundantes,
471 5003 614 5073 sapientes
627 5018 675 5073 per
690 5005 785 5059 omnia
798 5018 859 5061 esse
873 5020 922 5074 pu·
978 5003 1070 5058 ritanr
1098 5001 1195 5056 bibere
1218 5000 1372 5070 quaerebat,
1395 5006 1423 5055 et
1445 5012 1461 5055 a
1480 4999 1586 5057 ludaeis
1607 5002 1800 5076 lapidabatur,

125 5082 204 5144 hatur,
215 5092 266 5147 Sed
280 5092 401 5147 audiant
413 5091 448 5146 ab
463 5092 546 5162 isaia,
564 5093 614 5162 qui
639 5093 813 5149 fiducialiter
825 5094 895 5151 dicit
910 5114 916 5149 :
975 5091 1203 5149 deitatisnatura
1213 5088 1396 5162 fatigabatur,
1407 5087 1449 5144 vel
1461 5087 1609 5158 lapidibus
1617 5096 1802 5154 submitteba-

127 5165 158 5222 Vae
170 5181 210 5244 gui
224 5183 359 5250 sepientes
376 5183 440 5234 estis
457 5183 486 5234 in
499 5182 584 5235 oculis
598 5184 705 5244 vestris,
721 5187 746 5236 et
765 5200 853 5237 corum
868 5200 919 5237 eo-
974 5187 1039 5238 tur:
1054 5180 1129 5236 absit
1142 5179 1329 5250 blasphemia.
1342 5183 1642 5258 llasegomultlpllces
1653 5186 1803 5259 conglobat·

126 5252 256 5336 linetrpsis
267 5268 496 5338 prodentesllso.
515 5283 530 5321 r
539 5281 554 5336 t.
572 5270 681 5325 Etenim
697 5285 759 5341 qum
773 5285 918 5341 nunqnam
974 5271 1078 5340 tiones,
1094 5270 1191 5325 volens
1204 5270 1510 5343 imaginalespioturas
1525 5290 1666 5347 respuere,
1678 5275 1800 5331 multum

124 5342 666 5421 donhodoxisChristianisdtrmsunt,
678 5360 919 5430 quasiprardicata
974 5373 1130 5415 susurrans
1145 5360 1444 5419 vanitasChristianos
1457 5364 1694 5420 calumniantium
1705 5363 1802 5418 incon·
1894 5386 1908 5397 ⁴

125 5440 224 5499 ltrtttos
236 5451 407 5517 assumunt,
423 5452 451 5501 et
466 5447 645 5503 seductorios
666 5448 846 5519 syllogismos
856 5461 920 5502 con·
973 5447 1077 5502 tinenti
1095 5448 1194 5519 lingua
1206 5448 1322 5506 induxit
1334 5469 1340 5505 :
1354 5457 1382 5506 et
1394 5451 1451 5507 alia
1465 5453 1592 5522 quadam
1607 5448 1799 5520 subinferens,

124 5521 221 5588 lienus
237 5533 395 5605 sophistice
407 5541 550 5607 arguunt:
569 5542 597 5592 et
609 5535 758 5607 colligitur
769 5537 803 5592 ad
823 5537 865 5592 eis
879 5537 921 5591 in·
973 5536 1801 5611 atqueiniquitatemsnperiniquitatescongerens,quarta
