3876 6090
53 232 104 291 58⁴
397 234 649 294 collatrarent.
669 265 706 279 -
723 236 898 295 inhonorat
915 236 965 293 PP.
987 238 1090 296 EPIST.
1112 239 1149 295 IN
1168 238 1279 297 clusa
1296 240 1432 298 rrnnha
1712 235 1769 298 oti

55 359 130 416 doxa
155 359 211 417 lide
238 358 353 431 pulsum
381 360 543 432 necabitur,
570 367 656 434 atque
679 362 730 420 Dei
759 363 998 425 EcclesiaAtres
1010 364 1259 436 consignaverunt,
1274 377 1324 434 per
1339 377 1424 436 quam
1447 363 1539 420 renati
1555 368 1584 420 et
1598 366 1675 422 docti
1696 364 1767 422 lauti

56 449 206 506 continuae
227 448 290 521 paci
314 449 480 509 donabitur.
508 450 602 510 Deleri
627 465 751 524 namque
776 451 812 508 ab
831 452 888 509 Ec-
942 466 1052 524 sumus,
1074 467 1218 526 quamque
1238 453 1383 523 docemus,
1401 453 1514 510 nullum
1536 458 1719 526 augmentum
1737 454 1768 512 in

57 538 145 596 clesia
161 539 297 596 scandala
322 537 436 613 debent,
462 546 491 597 et
514 541 679 612 exstirpari.
697 542 786 599 multa
810 541 886 598 enim
942 543 1069 615 symbolo
1091 543 1169 615 fidei,
1189 543 1265 615 quod
1280 555 1297 599 a
1311 541 1430 613 synodis
1453 548 1496 599 est
1513 542 1668 612 firmatum,
1692 543 1771 599 recl-

59 632 181 698 possunt
192 626 266 684 oriri
279 627 473 687 dissensionis
487 629 598 686 zizania
611 636 711 687 contra
727 629 889 702 promotio-
943 632 1064 703 pientea.
1079 632 1237 689 anathema
1253 631 1301 689 bis
1323 631 1374 703 qui
1398 631 1530 702 addunt,
1552 633 1703 688 anathema
1718 630 1770 703 qui

58 730 120 774 nem
137 715 333 774 fraternitatis
347 723 415 792 tuae,
432 719 489 776 nisi
506 721 644 777 canoniea
666 719 749 792 falce,
768 734 803 776 ne
818 733 888 792 pro-
942 721 1061 778 demunt
1078 727 1176 779 sancto
1193 721 1369 791 mathemati,
1388 720 1473 777 idest
1490 720 1628 792 symbolo,
1648 720 1723 791 quod
1740 720 1771 778 in

58 807 169 869 iciant,
183 805 326 865 radicitus
339 808 551 866 rescindantur.
566 808 716 881 Siquidem
734 823 798 867 cum
818 807 890 880 pati·
943 810 1068 867 concilio
1082 811 1197 868 Nicaeno
1209 808 1384 881 diffinitum,
1395 808 1704 881 constantinopolique
1717 808 1772 865 llr-

58 900 105 952 tur
120 909 214 952 unum
228 895 397 968 membrum,
407 898 624 969 compatiuntur
636 898 748 970 reliqua
758 896 889 969 corporis
943 905 1061 971 matum,
1076 906 1104 958 et
1117 902 1146 957 in
1172 902 1316 973 Ephesino
1336 902 1430 973 primo
1451 905 1538 973 atque
1552 900 1739 970 Chalcedone,
1756 913 1773 957 a

59 983 187 1041 membra
206 983 234 1057 (Ι
256 984 316 1041 Cor.
347 985 409 1059 ιιι).
435 985 519 1043 Absit
544 1001 611 1060 ergo
633 991 665 1045 ut
687 987 842 1045 schismata
860 990 890 1044 et
943 990 1051 1047 sanctia
1065 996 1096 1048 ot
1110 991 1435 1061 orthodoxisl’atribus,
1450 991 1501 1062 qui
1514 990 1543 1047 in
1557 990 1701 1047 catholica
1715 989 1771 1046 ilde

59 1073 258 1132 dissensiones
268 1075 447 1148 proveniant,
459 1077 705 1148 secundumquod
719 1083 746 1134 et
760 1089 891 1133 mansue·
943 1079 1112 1152 floruerunt,
1138 1080 1231 1152 gratia
1252 1079 1344 1137 sancti
1371 1084 1415 1136 est
1437 1079 1566 1150 Spiritus
1592 1078 1768 1139 stabilitum.

60 1163 209 1221 tissimum
223 1164 372 1224 dominum
384 1170 413 1222 et
424 1165 518 1223 illium
529 1172 659 1225 nostrum
669 1167 828 1238 principem
839 1178 889 1237 per
942 1168 1005 1225 llaec
1019 1174 1047 1225 et
1058 1169 1105 1226 his
1118 1169 1229 1226 similla
1240 1167 1375 1226 concordi
1393 1182 1480 1225 sensu
1492 1166 1660 1225 fraternitas
1670 1172 1764 1223 vestra

59 1250 174 1310 litteras
189 1258 304 1311 nostras
317 1254 481 1328 petivimus,
497 1256 573 1327 quod
588 1255 624 1312 ab
638 1255 806 1327 episcopatu
825 1252 889 1310 lra-
943 1257 1124 1328 praedicando
1138 1257 1300 1327 uobiscum,
1314 1270 1363 1315 ore
1383 1261 1413 1314 et
1424 1269 1508 1328 opere
1522 1255 1701 1314 mndteatur.
1715 1254 1767 1312 Si·-

59 1340 207 1398 tarnitatis
235 1349 335 1400 vestrae
364 1343 462 1401 omnia
486 1359 549 1417 quae
575 1359 667 1416 nuper
695 1349 793 1402 exorta
819 1347 889 1402 sunt
943 1347 1052 1404 mlliter
1073 1352 1168 1404 autem
1191 1346 1465 1404 anathematizantes
1489 1358 1587 1402 omnes
1603 1344 1724 1402 hareses
1738 1345 1767 1400 et

58 1431 195 1489 scandala
210 1433 386 1505 recidantur,
398 1439 425 1490 et
447 1448 499 1491 nos
515 1434 630 1506 quidem
649 1435 739 1492 veluti
762 1434 887 1492 fraterna
941 1441 1072 1494 auctores
1082 1449 1191 1507 earum,
1208 1441 1240 1493 ut
1262 1435 1291 1493 id
1306 1436 1400 1506 ipsum
1413 1434 1545 1492 dlcamus
1559 1447 1667 1504 omnes,
1688 1434 1767 1491 sicut

58 1519 169 1577 viscera
184 1521 407 1580 condolentibus
428 1523 613 1594 providentia
628 1529 733 1582 nostra
750 1525 886 1582 medelam
941 1524 1082 1594 scripturn
1096 1528 1149 1595 est,
1163 1529 1192 1580 et
1204 1522 1360 1580 schismata
1375 1521 1456 1579 nullo
1468 1522 1552 1579 modo
1563 1521 1724 1594 germinent
1735 1520 1766 1578 in

57 1606 210 1668 afferentes
243 1624 442 1682 appareamus·
485 1614 684 1671 Verumtamen
721 1613 886 1684 praedictam
941 1612 1148 1684 Ecclesiisbei,
1159 1627 1222 1684 qua:
1233 1611 1382 1682 spirituali
1392 1612 1451 1682 lam
1461 1616 1490 1667 et
1503 1610 1550 1666 bis
1559 1613 1644 1667 acuto
1655 1614 1768 1666 senten·

58 1698 201 1773 chartam,
216 1714 280 1774 que
293 1706 392 1759 contra
406 1702 593 1760 orthodoxam
608 1702 692 1760 tidem
714 1709 743 1760 et
766 1703 889 1760 chaloe-
902 1693 929 1755 B
942 1700 990 1757 tia
1004 1701 1101 1773 gladio
1115 1706 1183 1759 sunt
1194 1701 1309 1759 rescisa.
1322 1702 1409 1758 Porro
1420 1704 1586 1771 praesentem
1603 1698 1767 1756 litterarum

56 1788 188 1848 donense
214 1791 373 1849 concilium
401 1791 559 1862 sophistice
587 1791 726 1863 probatur
745 1793 886 1866 exposita,
943 1789 1060 1847 latorem
1076 1788 1251 1847 fraternitati
1269 1794 1370 1847 vestre
1392 1789 1422 1846 in
1442 1786 1577 1846 omnibus
1591 1786 1770 1845 commenda·
1824 1858 1827 1865 ,

56 1879 176 1936 cunctis
189 1879 305 1938 viribus
320 1880 432 1938 irritam
440 1893 502 1939 esse
513 1881 717 1954 deliberamus,
730 1886 759 1939 et
770 1883 886 1941 vinculo
942 1892 1017 1948 ntus,
1032 1879 1167 1951 quoniam
1182 1883 1211 1936 et
1226 1892 1319 1936 mores
1337 1878 1402 1949 ejus
1415 1877 1536 1950 exigunt
1551 1881 1585 1935 ut
1604 1889 1669 1935 eum
1684 1875 1768 1934 vobls

54 1968 255 2027 anathematis
266 1968 429 2043 refutatam,
449 1975 535 2042 atque
547 1976 606 2028 uta
621 1970 705 2029 nobis
717 1977 745 2028 et
765 1971 801 2028 ab
822 1986 889 2029 om·
943 1982 995 2026 uos
1007 1969 1205 2026 commendare
1217 1968 1387 2026 debeamus:
1402 1967 1472 2039 quia
1484 1964 1634 2023 manifeste
1644 1970 1767 2022 vestram

58 2054 149 2114 nibus
162 2057 335 2116 orthodoxis
348 2059 493 2130 episcopis
502 2059 695 2118 abominatam
711 2060 885 2134 respuimus.
943 2057 1028 2116 nobis
1042 2058 1222 2129 presentiam
1242 2056 1377 2114 exhibere
1392 2054 1595 2113 venerabilitas
1606 2056 1670 2126 elus
1680 2060 1768 2128 atque

51 2142 314 2220 sulicituamque
333 2148 417 2206 nobis
438 2148 509 2206 tides
537 2163 622 2221 quam
645 2150 738 2207 sancti
764 2150 888 2220 apostoli
944 2146 1080 2220 perfectio
1095 2146 1410 2220 morumdignoscitur.

55 2233 301 2311 predicaverunt,
323 2237 447 2296 coucilia
462 2238 655 2312 llrmarerunt,
682 2244 711 2298 et
725 2239 817 2297 sancti
833 2240 889 2296 Pa-

769 2579 1071 2656 EXEMPLAR

123 2753 453 2823 PROPOSITIONIS
485 2761 667 2823 transmisse
699 2757 993 2844 Constantritcpolim
1017 2778 1037 2821 o
1062 2755 1216 2820 Theodoro
1244 2758 1432 2821 sanctissimo
1448 2775 1534 2840 popa
1558 2756 1704 2820 Romano.

100 3034 242 3093 hominus
255 3048 289 3093 ac
299 3034 428 3092 Salvator
439 3037 536 3103 noster
550 3033 581 3092 in
590 3032 754 3106 Evangeliis
771 3027 930 3102 aposto-G
946 3028 997 3101 qui
1007 3027 1174 3085 addiderint
1187 3025 1230 3083 vel
1240 3026 1416 3098 dempserint
1428 3026 1498 3098 quid
1510 3025 1540 3082 in
1551 3025 1616 3096 lide,
1628 3037 1692 3096 quae
1701 3035 1718 3078 a
1728 3024 1772 3078 tot

64 3118 105 3181 lis
114 3125 179 3183 suis
196 3125 239 3182 ita
254 3124 331 3182 dixit
344 3144 351 3182 :
365 3125 523 3196 damnoque
536 3125 647 3180 soluerit
661 3139 747 3180 unam
759 3123 792 3178 de
807 3138 894 3177 mon·
946 3117 1080 3175 Patribus
1094 3120 1142 3174 est
1154 3115 1302 3174 roborata:
1322 3116 1410 3187 hujus
1425 3115 1467 3172 rei
1481 3113 1574 3186 gratia
1587 3112 1772 3169 dilectionem

63 3212 213 3270 maratis
232 3216 364 3279 macinas,
382 3215 539 3271 rtdoouerit
559 3216 598 3270 sie
611 3215 741 3277 homims,
763 3213 892 3268 minimus
947 3214 1068 3265 vestram
1084 3205 1257 3279 praemunire
1277 3205 1534 3276 consideravimus,
1560 3206 1593 3259 ut
1617 3202 1664 3258 his
1678 3213 1772 3273 quea

64 3303 208 3358 comborn
226 3305 258 3360 in
278 3320 360 3372 repno
380 3304 506 3360 colmam
522 3301 629 3376 (dodi,
656 3317 684 3367 v,
714 3300 767 3376 lli).
790 3301 842 3359 sed
864 3303 894 3356 et
949 3297 1085 3369 praedicto
1104 3294 1213 3368 Pyrrho
1231 3294 1368 3350 adversus
1391 3293 1578 3364 apostolicam
1599 3291 1682 3347 fldem
1705 3302 1774 3361 pre·

64 3389 123 3446 alia
135 3391 288 3462 Scriptura
300 3392 392 3450 dicit:
407 3394 447 3450 Ne
459 3395 613 3461 transfero:
625 3394 754 3449 tenuium
767 3396 891 3451 abacos,
949 3391 1061 3456 sumpta
1074 3390 1143 3442 suut
1157 3382 1327 3454 reprobatis,
1344 3381 1470 3438 eamdem
1486 3379 1570 3437 fldem
1585 3380 1663 3436 sicut
1686 3383 1715 3434 et
1726 3376 1773 3434 bai

67 3497 132 3551 quos
143 3486 298 3553 posumuut
312 3486 407 3553 potres
426 3483 468 3538 tui
486 3480 572 3553 (Pron.
589 3496 664 3554 xxrr,
683 3479 737 3557 98).
761 3482 813 3538 llis
825 3493 893 3553 ergo
947 3489 1049 3533 sumus
1069 3472 1229 3545 retineatis,
1247 3485 1330 3543 quam
1345 3484 1380 3528 ex
1402 3469 1465 3543 ipso
1488 3468 1561 3525 lacte
1576 3466 1696 3524 uberum
1711 3477 1774 3521 san-

68 3568 110 3626 sic
127 3583 158 3627 se
180 3568 364 3642 habentibus,
380 3571 415 3627 ad
432 3570 564 3629 notitiam
586 3569 779 3628 fraternitatis
793 3572 893 3626 vestrae
947 3571 1000 3622 ctu
1028 3563 1162 3622 Ecclesia
1185 3562 1273 3620 simul
1296 3559 1427 3630 suxistis,
1455 3557 1587 3615 universa
1611 3553 1774 3613 temerariae

68 3657 239 3717 deducimus
264 3660 333 3731 quia
355 3661 493 3734 Pyrrhus,
513 3661 567 3734 qui
591 3661 734 3733 quondam
758 3657 893 3716 Ecclesia
947 3652 1085 3712 novitatis
1107 3651 1296 3708 deliramenta
1319 3649 1508 3706 destruentes.
1530 3647 1588 3702 Nos
1609 3644 1686 3701 enim
1714 3648 1771 3698 um

66 3745 353 3819 constantinopoleos
374 3750 569 3821 episcopatum
585 3748 743 3821 subripuit,
756 3752 786 3805 et
800 3747 893 3804 instar
948 3757 998 3817 per
1008 3741 1082 3799 alias
1095 3741 1216 3811 litteras,
1229 3752 1313 3811 quam
1330 3752 1380 3810 per
1390 3738 1534 3794 decretum
1548 3732 1699 3806 praesentis
1712 3745 1777 3803 pro-

70 3832 128 3907 lnpi
142 3835 199 3893 sub
213 3840 351 3908 praetextu
367 3838 491 3910 pastoris
511 3838 653 3912 latitabat,
673 3845 773 3896 contra
789 3836 893 3894 ortho-
948 3832 1113 3905 positionis,
1127 3831 1224 3888 omnia
1237 3842 1299 3901 quae
1310 3831 1410 3884 contra
1424 3825 1611 3882 orthodoxam
1625 3825 1776 3893 etaposto·

68 3924 167 3984 doxam
191 3925 275 3984 fldem
289 3941 379 3985 cornu
394 3927 498 3986 bellico
510 3934 615 4001 erecto,
636 3929 765 4001 quadam
786 3924 894 3984 novita-
949 3924 1034 3981 licam
1057 3922 1139 3978 fldem
1165 3924 1290 3978 nostram
1314 3917 1350 3974 ab
1371 3917 1499 3988 ejusdem
1523 3913 1625 3986 Pyrrhi
1653 3926 1724 3969 nova
1747 3916 1776 3969 et

70 4014 108 4070 tis
116 4014 252 4089 figmenta
261 4018 433 4088 composuit,
443 4023 472 4075 et
483 4018 593 4075 chartis
604 4030 621 4074 a
631 4032 661 4075 se
671 4017 799 4086 dictatis,
811 4029 897 4089 quos·
950 4012 1101 4071 temeraria
1119 4011 1245 4068 vanitate
1260 4008 1425 4064 introducta
1438 4010 1507 4063 sunt
1517 4003 1726 4073 abominantes,
1738 4002 1776 4059 si·

69 4101 132 4160 dam
146 4102 268 4163 furtivis
282 4119 314 4163 ac
324 4106 508 4178 subreptitiis
523 4107 616 4165 modis
629 4107 811 4165 subscribere
820 4119 895 4163 com·
951 4101 1067 4174 mulque
1079 4113 1144 4157 cum
1159 4098 1269 4169 charta,
1292 4110 1357 4168 qum
1369 4095 1526 4167 proposita,
1546 4098 1575 4150 et
1594 4093 1623 4151 in
1648 4091 1776 4166 publicis

71 4192 144 4261 pulit
154 4195 333 4254 sacerdotes:
345 4201 459 4256 versute
471 4210 581 4270 gerens,
598 4201 632 4254 ut
645 4196 812 4254 hereticum
825 4209 896 4267 prae-
949 4190 1067 4249 locisab
1079 4204 1112 4248 eo
1124 4200 1263 4258 suspensa
1273 4191 1326 4255 est,
1342 4183 1625 4249 anathematizantes,
1640 4183 1775 4239 volumus

70 4285 245 4356 sumptionis
260 4301 319 4343 suae
330 4287 433 4359 dogma
448 4287 595 4358 subreptis
608 4286 732 4343 aliorum
749 4286 893 4357 subscrip-
949 4294 1048 4339 omnes
1064 4279 1116 4337 illa
1130 4289 1239 4348 sapere,
1251 4275 1279 4332 id
1291 4278 1335 4332 est
1350 4277 1456 4344 tenere,
1468 4285 1532 4344 quae
1544 4271 1636 4329 sancti
1650 4270 1773 4342 apostoli

69 4372 199 4434 tionibus
213 4372 368 4446 stabiliret,
381 4379 410 4431 et
420 4374 509 4432 velutl
521 4388 626 4432 novum
639 4374 782 4432 mathema
791 4379 891 4431 contra
905 4366 934 4428 D
949 4369 1142 4439 tradiderunt,
1171 4370 1201 4423 et
1219 4367 1316 4421 Patres
1338 4362 1388 4435 qui
1415 4361 1445 4418 in
1464 4361 1622 4418 orthodoxa
1651 4360 1707 4417 ilde
1728 4360 1777 4417 llo-

70 4462 229 4535 colendum,
256 4462 397 4536 uobisque
422 4463 561 4521 traditum
586 4477 602 4520 a
628 4463 737 4521 sanctis
757 4462 894 4520 Patribus
948 4464 1079 4529 ruerunt,
1092 4455 1215 4528 posteris
1225 4453 1333 4511 tradita
1342 4465 1391 4523 per
1400 4449 1640 4520 sanctaquincyue
1649 4447 1776 4506 concilia

70 4551 229 4622 symbolum
252 4565 421 4624 componere
446 4558 607 4610 conaretur.
644 4554 679 4610 Et
701 4552 837 4624 qnoniam
862 4552 894 4610 in
949 4549 1143 4605 firmaverunt.

70 4635 290 4701 chalcedonensi
317 4640 442 4700 coneilio
460 4641 610 4700 anathema
631 4641 757 4714 positum
781 4645 826 4699 est
847 4640 895 4699 his

510 4968 786 5044 THEODORI
812 4962 1149 5040 SANCTlSSlMl
1181 4960 1335 5035 PAPAE

169 5113 221 5185 la
247 5121 399 5206 episcopor
419 5119 477 5206 pai
493 5129 742 5186 consecraverant
775 5116 911 5182 Paulam
933 5113 1147 5199 pntrr'nvchom
1174 5101 1537 5192 constantinopolitanam
1551 5121 1680 5194 propter

717 5199 876 5282 Pyrrham
897 5195 1132 5278 expatriarcha

807 5333 1036 5358 ...ιο-ουν·-

14 5501 16 5505 -
119 5466 228 5535 lltteras
247 5471 440 5534 fraternitatis
461 5477 571 5548 vestrae,
594 5487 646 5546 per
660 5483 732 5546 quas
756 5468 841 5530 nobis
857 5470 895 5530 de
952 5460 1072 5537 itastis,
1087 5462 1288 5538 suscepimus:
1303 5465 1333 5520 et
1344 5458 1435 5535 gavisi
1451 5456 1567 5533 quidem
1583 5471 1672 5531 super
1687 5456 1775 5528 butus

92 5549 250 5624 brono'tioue
261 5562 344 5624 Paull
356 5564 457 5623 fratris
469 5568 500 5624 et
516 5562 679 5636 coepiscopi
696 5560 788 5621 nostri
805 5560 897 5634 slani-
951 5569 1054 5617 sumus
1065 5553 1257 5613 ordinatlone.
1269 5551 1322 5611 Sed
1341 5549 1442 5609 futura
1456 5546 1592 5607 mmstltta
1609 5547 1679 5605 huic
1699 5545 1777 5602 vide·
