3876 6090
64 238 137 300 4300
364 277 366 280 >
747 241 849 305 trusit
864 242 913 303 DE
929 241 1101 305 tonsure.
1697 243 1772 309 4040

64 370 188 444 integra,
204 374 233 430 et
254 371 331 430 nlnlt
350 375 477 430 remanet
493 372 529 430 dc
547 372 720 443 suscitent
736 372 807 447 qnia
819 370 888 442 apr.
904 365 936 428 Λ
948 374 1271 449 indictionutepacus
1282 375 1326 450 44,
1336 379 1387 450 qul
1398 379 1471 438 nunt
1481 377 1528 453 44,
1538 379 1652 439 etdlem
1662 379 1771 438 manns

65 473 154 518 meus.
171 459 279 518 incidit
292 459 323 516 in
337 473 370 518 eo
382 472 457 517 anno
467 460 536 517 luna
550 461 694 532 paschalis
707 459 751 533 44,
765 469 829 518 tene
842 474 892 519 rs-
947 480 1004 537 quo
1021 467 1130 524 Pascha
1145 467 1316 537 celebratur,
1331 469 1359 526 ld
1375 474 1419 526 est
1434 471 1469 528 de
1480 471 1583 528 ltartiu
1598 482 1694 528 mense
1706 471 1771 528 diss

64 549 180 623 guiares
193 563 304 620 semper
317 549 348 606 iu
359 562 392 607 eo
406 562 502 607 nenas
519 547 564 624 35,
582 549 722 609 subtrabe
739 547 785 619 30,
803 549 831 607 id
847 552 892 607 est
946 552 991 625 34,
1009 555 1083 614 liunt
1100 556 1188 615 simul
1203 558 1266 616 dies
1279 556 1324 616 54.
1339 561 1379 616 lle
1398 560 1445 617 bis
1457 561 1550 618 deduc
1563 558 1609 632 30,
1624 565 1771 618 remanent

65 639 157 710 lpsam
172 638 271 696 lunam
287 638 438 711 integram,
454 643 482 696 et
496 644 643 697 remanent
656 638 684 697 5.
699 636 782 697 44445
795 652 813 695 a
827 638 889 696 Kal.
945 642 978 703 44
997 647 1075 704 Luna
1093 643 1125 703 44
1147 648 1178 704 in
1194 648 1243 705 die
1260 648 1491 707 nesumcctionis
1509 650 1636 707 Domini.
1654 650 1686 707 sl
1704 663 1771 708 rcrc

62 728 144 801 apr,
161 728 270 785 husen
286 730 358 786 Non.
373 727 585 798 annuerunt
603 728 673 787 iuna
687 724 721 785 44
735 727 889 800 paschalis.
946 749 1042 794 manse
1062 735 1130 807 ltpr.
1151 737 1258 794 Pascha
1279 737 1451 808 celebratur,
1475 745 1609 808 computa
1627 752 1770 797 mersen

63 818 137 875 Tene
150 816 373 890 suprascriptos,
391 816 464 875 adds
477 823 681 876 concurrentes
695 817 822 889 elumen
835 830 893 874 an·
945 825 1103 896 septembri
1123 840 1215 899 usqne
1231 827 1265 884 ad
1286 829 1431 895 ilartlnm,
1447 828 1526 886 nunt
1542 823 1570 885 7.
1590 828 1642 885 ills
1661 840 1772 899 semper

65 905 147 964 nid:
164 906 233 964 lent
252 903 296 977 40,
312 907 427 965 addest
446 906 593 978 regulares
610 907 641 964 iu
663 906 761 964 44444444
781 918 893 978 semper
946 914 1039 985 adlice
1060 915 1207 988 regulares
1226 913 1253 987 4,
1274 917 1349 974 nunt
1370 915 1397 973 9.
1415 917 1496 975 Adde
1513 921 1543 974 44
1564 921 1678 988 epactas
1695 914 1773 973 lunas

65 1009 162 1053 040400
180 993 292 1066 44444444
307 991 346 1053 7:
366 995 440 1053 nunt
465 992 507 1053 44.
533 997 591 1053 llos
612 996 720 1067 partire
739 1009 789 1067 per
807 991 835 1066 7,
862 995 891 1053 id
947 1003 1031 1074 cujus
1044 1004 1171 1062 nolucris
1183 1006 1263 1072 anni,
1277 1010 1311 1063 ut
1320 1009 1388 1078 puta
1401 1000 1588 1063 indictionsl
1602 1009 1716 1075 epactas
1724 1001 1770 1074 43,

63 1088 108 1142 454
121 1084 169 1142 bis
186 1084 303 1155 34444448,
318 1083 350 1141 nt
365 1081 408 1141 44.
424 1086 579 1142 Remanent
593 1085 621 1142 3.
641 1084 722 1142 Feria
737 1082 754 1141 3
767 1084 894 1142 incurrit
948 1093 997 1164 qui
1016 1093 1089 1150 illini
1106 1091 1152 1158 34,
1171 1098 1200 1151 et
1217 1094 1294 1152 diem
1314 1095 1422 1152 mensis
1439 1094 1506 1165 Apr.
1518 1105 1575 1166 quo
1593 1093 1701 1151 Pascha
1721 1105 1773 1150 ce-

64 1175 134 1232 iuna
155 1173 299 1247 paschalis
314 1170 347 1230 44
361 1180 390 1232 44
403 1174 573 1233 Dominicus
591 1175 658 1232 iesti
674 1173 818 1247 paschalis
829 1174 894 1232 dies
947 1179 1078 1239 lobratur
1095 1183 1177 1253 adde,
1200 1184 1228 1241 ld
1248 1191 1293 1241 est
1304 1185 1340 1241 de
1357 1182 1452 1254 aprili
1471 1182 1536 1240 dies
1550 1179 1594 1250 43,
1613 1182 1662 1255 qul
1682 1180 1772 1239 simul

64 1262 133 1321 luna
152 1260 194 1318 49.
947 1270 1021 1328 nunt
1035 1269 1079 1342 45,
1092 1273 1127 1330 de
1145 1273 1192 1330 bis
1204 1272 1298 1331 deduc
1310 1270 1356 1344 30,
1372 1277 1517 1331 remanent
1529 1269 1572 1344 45,
1588 1273 1669 1329 Luna
1683 1268 1717 1328 45
1728 1274 1774 1329 ιιι

99 1354 169 1408 item
185 1350 296 1424 praelati
315 1351 419 1409 circuli
435 1365 510 1409 anno
522 1350 550 1423 4,
564 1366 581 1410 a
597 1366 655 1427 quo
675 1356 794 1410 sumunt
805 1366 889 1411 exor-
947 1358 978 1416 in
995 1358 1045 1418 dle
1059 1361 1300 1419 Resurrectionls.

63 1442 146 1498 dium
161 1446 260 1511 epacta
280 1438 323 1512 44,
341 1448 370 1498 et
388 1441 494 1498 incidit
509 1442 538 1498 in
554 1443 652 1499 eodem
666 1454 742 1499 anuo
756 1442 826 1499 luna
839 1455 893 1513 pa-
1129 1452 1167 1505 444
1186 1451 1231 1505 die
1249 1453 1407 1520 septimanae
1424 1453 1522 1519 quotus
1541 1450 1586 1503 sit.

64 1530 174 1588 schalis
185 1527 218 1587 44
234 1531 263 1587 ln
278 1544 382 1600 mense,
398 1531 512 1587 riartiu.
524 1531 598 1587 Tene
612 1529 647 1588 36
662 1531 808 1603 regulares
822 1544 893 1588 sem·
982 1538 1086 1594 lxxv,
1108 1539 1138 1595 sl
1157 1539 1200 1595 vis
1216 1552 1315 1609 sapore
1334 1542 1441 1608 quotus
1457 1537 1521 1594 (lies
1539 1537 1705 1607 septimanae
1721 1535 1770 1605 sit,

64 1633 116 1691 4404
129 1620 160 1676 444
175 1633 209 1677 00
222 1633 327 1689 40044404
343 1619 481 1677 4044444440
494 1624 608 1691 04400408
624 1617 831 1693 4444040000οῑ
844 1617 890 1676 95·
947 1642 1028 1687 sume
1051 1628 1114 1685 dies
1135 1641 1152 1683 a
1174 1627 1311 1684 ianuario
1340 1640 1436 1683 mense
1462 1639 1553 1697 usque
1576 1626 1611 1682 ad
1636 1637 1771 1696 mensem,

63 1707 117 1764 4440
127 1704 165 1764 25
180 1707 285 1764 4100440
303 1707 400 1764 4444444
415 1720 432 1762 0
446 1706 508 1763 4444·
528 1706 603 1778 44004
617 1711 661 1763 044
677 1720 729 1763 4444
746 1706 807 1763 4404·
821 1705 890 1778 Alii·
906 1679 1031 1790 B(punem
1054 1716 1191 1782 nolueris,
1215 1721 1248 1772 nt
1267 1721 1336 1786 puta
1355 1728 1447 1786 usone
1467 1715 1502 1771 ad
1521 1711 1553 1771 34
1570 1713 1647 1770 diem
1666 1711 1775 1769 mensis

63 1797 194 1855 44444444
209 1796 278 1854 luna
297 1796 440 1869 pascnan
461 1792 503 1852 44·
524 1796 598 1852 rene
618 1793 890 1868 suprascripseras,
946 1806 1056 1867 narnis.
1071 1806 1145 1862 nunt
1158 1805 1221 1862 ures
1234 1802 1278 1862 so.
1296 1805 1348 1860 rns
1362 1817 1474 1875 snper
1489 1803 1583 1873 antico
1600 1800 1626 1874 ι,
1642 1797 1773 1872 nuncet,

63 1886 138 1943 04440
157 1890 359 1944 004004400404
377 1885 504 1955 04000004
524 1884 593 1941 0004
611 1881 650 1941 5²
667 1884 741 1940 44004
757 1881 803 1954 30,
820 1883 893 1941 0000
945 1900 975 1952 44
994 1908 1105 1966 semper
1123 1895 1195 1951 adde
1213 1898 1418 1951 concurrentes
1439 1893 1524 1962 cnjus
1546 1890 1673 1949 nolueris
1692 1889 1773 1959 anni,

64 1988 177 2046 40044404
197 1974 227 2031 40
248 1975 304 2031 400
326 1974 414 2045 1¹¹¹]us
438 1973 546 2030 4000440
566 1972 663 2028 biartii
688 1972 835 2045 4044440404
850 1967 890 2028 44
948 1990 980 2041 ut
993 1988 1062 2054 puta
1073 1983 1142 2040 anni
1157 1982 1307 2053 presemis
1320 1980 1480 2038 indictione
1491 1978 1734 2048 3,eocurrentem
1745 1976 1773 2048 4,
1877 2002 1881 2015 ·

64 2065 140 2122 lunt
154 2060 200 2122 st.
216 2066 272 2121 nos
291 2064 399 2134 4444444
418 2077 468 2135 ner
484 2059 512 2133 7.
536 2062 564 2118 id
584 2066 628 2119 en
646 2060 753 2132 septies
772 2058 798 2133 t,
820 2061 893 2118 4444
948 2073 1021 2131 nunc
1035 2071 1123 2129 sumn
1140 2069 1185 2128 ss.
1203 2072 1260 2128 nos
1272 2069 1381 2141 parcns
1398 2082 1448 2140 por
1462 2065 1490 2138 r,
1507 2068 1535 2125 nr
1550 2072 1594 2125 ιιι
1608 2066 1714 2138 septies
1728 2063 1773 2137 lo,

62 2151 111 2223 434
124 2158 272 2211 4044000οῑ
283 2151 301 2210 6
311 2172 319 2224 3
330 2153 355 2210 44
370 2151 445 2209 044444
459 2150 629 2208 4000040444
642 2150 795 2208 Sabbatum
808 2155 861 2222 0444
874 2143 893 2206 4
946 2163 1020 2219 dunt
1038 2156 1084 2217 70.
1107 2162 1212 2217 lterum
1234 2159 1341 2229 septies
1359 2156 1376 2215 3
1391 2159 1465 2215 tlunt
1482 2154 1528 2224 44,
1545 2160 1671 2213 remanet
1685 2151 1711 2211 4.
1726 2154 1775 2210 Sic

64 2242 138 2300 teria
151 2241 210 2300 erit
225 2238 257 2298 44
274 2242 342 2298 luna
359 2239 513 2312 paschalis,
529 2246 558 2296 et
571 2239 741 2297 Dominicus
756 2237 822 2296 festi
838 2251 893 2310 pa·
947 2248 1108 2323 quamlibet
1133 2249 1210 2306 alem
1231 2261 1249 2306 a
1272 2247 1335 2304 nal.
1363 2249 1425 2303 lan.
1457 2259 1550 2319 usque
1576 2245 1611 2301 ad
1639 2243 1716 2301 (liam
1739 2239 1770 2299 34

63 2331 174 2390 subulis
189 2331 254 2387 (lies
271 2330 339 2386 4444444
358 2327 401 2385 45·
947 2338 1055 2395 mensis
1065 2336 1241 2405 Decembris,
1257 2340 1344 2408 quoia
1359 2334 1431 2392 ieria
1446 2333 1536 2391 inerit
1551 2332 1680 2389 invenies
1692 2343 1776 2388 conn-

100 2421 205 2476 iterum
220 2430 314 2474 mense
326 2415 420 2486 liprili
433 2428 507 2486 saepe
518 2414 591 2472 dicti
601 2412 706 2472 circuli
716 2427 792 2472 anno
802 2412 820 2472 3
830 2418 894 2471 tenc
948 2425 1085 2498 putando,
1097 2431 1129 2482 ul
1138 2431 1167 2482 er
1178 2425 1337 2497 regularem
1351 2421 1377 2496 l,
1391 2428 1420 2480 er
1432 2425 1635 2481 concurrentes
1646 2420 1774 2490 ejusdcm

64 2522 176 2580 4044004
202 2508 231 2562 40
255 2506 358 2576 primis
381 2505 527 2578 4044044400
549 2501 596 2574 35,
619 2503 756 2561 4044440440
779 2509 893 2575 epactas
947 2515 1028 2586 anni,
1045 2529 1108 2587 quae
1121 2528 1138 2571 a
1152 2513 1290 2571 ianuario
1305 2526 1401 2570 mense
1415 2525 1527 2583 semper
1544 2510 1701 2581 incipiunt,
1720 2522 1775 2580 pa-

64 2597 193 2669 ejusdem
208 2595 276 2651 anni
292 2592 336 2664 44,
352 2598 479 2649 remanet
493 2590 536 2649 43.
552 2594 604 2648 ilie
620 2589 653 2649 l3
669 2592 786 2662 mensis,
804 2591 832 2648 id
848 2596 894 2649 est
948 2604 1020 2659 riter
1041 2604 1185 2659 adsumes,

65 2686 108 2743 444·
130 2685 198 2755 Ali·
221 2682 349 2740 00044444
369 2680 437 2737 4004
457 2680 601 2752 4444040444
621 2677 664 2736 44·
688 2681 761 2736 4000
781 2680 834 2737 4400
849 2677 893 2753 43,
983 2691 1012 2747 Si
1034 2692 1182 2761 requirere
1202 2689 1329 2747 volneris
1348 2693 1456 2761 quotus
1473 2688 1537 2746 dies
1554 2686 1720 2758 septimana
1739 2683 1779 2742 sit

64 2773 139 2831 adde
157 2774 359 2828 concurrentes
377 2769 504 2838 elumen
524 2767 593 2824 anui
612 2766 640 2839 6,
661 2768 735 2824 dunt
754 2765 797 2823 49.
816 2768 894 2826 Adde
949 2779 1045 2849 ponte,
1057 2777 1616 2851 quocunqnediacomputarevolueris,
1628 2774 1779 2835 insomnes

66 2863 98 2919 44
110 2865 179 2931 apr.
193 2872 289 2915 4440040
302 2871 413 2928 4004004
425 2855 550 2913 4444044444
565 2856 710 2929 4034444404
721 2852 749 2926 7,
765 2855 891 2914 440οῑ46·
949 2880 1060 2924 menses
1069 2879 1131 2922 esse
1145 2865 1258 2922 dierum
1272 2863 1318 2933 49,
1330 2869 1359 2921 44
1373 2863 1513 2935 quicquid
1527 2862 1616 2920 exeis
1631 2874 1780 2919 remanse-

64 2952 123 3007 4400
144 2948 251 3020 44044440
271 2962 320 3018 per
336 2943 355 3003 7
371 2946 477 3016 septies
496 2942 524 3017 5,
545 2946 619 3002 dunt
635 2942 681 3016 44,
704 2951 851 3002 4040400οῑ
865 2943 892 3001 5·
950 2952 1034 3011 ritas
1049 2952 1191 3025 pretende
1207 2953 1237 3009 in
1250 2967 1337 3009 manu
1350 2958 1399 3009 tua
1415 2958 1531 3023 propter
1544 2950 1778 3021 compotandum,

66 3040 147 3098 440440
168 3035 186 3094 6
204 3037 260 3093 0444
279 3033 312 3092 44
332 3035 485 3105 9040440444,
506 3039 534 3090 04
554 3033 724 3091 4400404004
742 3034 806 3091 dies
826 3032 892 3090 40044
910 3005 979 3098 Gct
989 3041 1090 3113 quanti
1105 3041 1169 3098 dies
1182 3041 1312 3097 venerint
1329 3041 1364 3097 de
1379 3053 1472 3096 mense
1490 3044 1559 3096 tnnc
1574 3039 1629 3096 ilbi
1646 3038 1778 3109 prasenti

66 3127 212 3202 paschalis
232 3126 301 3182 luna
317 3122 360 3180 45.
377 3126 417 3180 lta
431 3124 517 3180 annis
534 3123 661 3194 singulis
678 3136 694 3179 a
710 3123 803 3193 primo
818 3135 894 3179 auno
949 3131 1064 3203 quando
1081 3130 1135 3188 1100
1154 3135 1320 3200 computare
1336 3128 1473 3199 volueris,
1490 3127 1563 3184 aare
1577 3134 1604 3184 ei
1617 3140 1780 3185 accessores

67 3230 161 3288 4404410
180 3216 214 3272 04
235 3213 272 3271 95
292 3225 398 3269 000040
420 3211 589 3268 calculabis.
609 3211 640 3267 54
664 3212 779 3283 4444444440
799 3224 895 3268 400400
950 3217 1344 3288 solisannicujusnolueris.
1357 3221 1386 3273 et
1399 3214 1680 3284 indictionemauni,
1693 3227 1776 3286 quem

67 3304 171 3361 blartlo
188 3299 221 3357 44
240 3301 311 3359 lnua
331 3299 476 3371 paschalis
495 3299 630 3369 incurrit,
645 3297 680 3356 36
702 3299 847 3371 regulares
863 3301 893 3357 in
950 3309 1066 3379 quietis,
1091 3313 1119 3365 et
1140 3306 1238 3364 divine
1265 3307 1295 3364 ln
1320 3307 1467 3378 septimas,
1493 3310 1523 3362 et
1545 3304 1662 3362 dimitte
1683 3317 1717 3360 ex
1736 3304 1781 3361 pls

68 3394 171 3464 primis
181 3398 287 3448 444444.
298 3393 338 3447 En
349 3389 457 3460 quibus
467 3395 580 3459 epactas
590 3388 674 3459 cuius
684 3389 811 3446 volueris
822 3389 892 3446 anni
949 3397 1051 3467 quanti
1063 3395 1183 3467 luerint,
1196 3400 1225 3452 pr
1234 3395 1374 3467 quicquid
1387 3394 1442 3451 rint
1453 3391 1632 3462 remanserit,
1645 3391 1708 3462 ipsa
1717 3390 1781 3448 (llas

66 3482 200 3546 4404444444.
215 3486 244 3536 04
257 3483 459 3536 0044004404ῑο4
478 3476 609 3550 00440404,
624 3483 652 3533 04
667 3477 697 3534 444
717 3476 800 3534 441040
815 3492 894 3535 sem·
947 3485 1179 3556 estseptimanar.
1190 3488 1300 3554 utputa
1311 3484 1471 3541 indictione
1483 3479 1495 3538 4
1506 3495 1582 3539 anno
1593 3479 1781 3552 quolecimus

69 3585 118 3641 ner
134 3567 151 3625 4
168 3569 314 3641 regulares
330 3572 491 3640 augmenta.
950 3573 1057 3630 Pascha
1075 3588 1115 3630 vn
1136 3574 1177 3630 ld.
1198 3572 1279 3643 ripn,
1300 3571 1385 3630 babet
1403 3572 1446 3629 sol
1467 3570 1644 3641 adjectiones
1661 3566 1689 3642 l,
1708 3568 1781 3624 adde

102 3659 196 3729 april.
211 3672 277 3715 reru
293 3670 379 3714 meus.
392 3654 428 3713 35
443 3657 660 3728 insanitatem,
673 3670 708 3713 ex
720 3656 827 3728 quibus
840 3657 896 3714 de-
933 3648 963 3717 Ι4
987 3661 1167 3719 indictionis.
1191 3661 1243 3718 llis
1264 3660 1337 3718 addc
1358 3659 1370 3716 4
1393 3659 1457 3717 Kal.
1476 3661 1538 3715 lan.
1560 3655 1589 3728 3,
1609 3665 1639 3715 44
1657 3656 1727 3714 tolle
1745 3656 1783 3713 dc

68 3750 126 3807 duc
140 3761 228 3818 supra
241 3748 363 3818 scriptas
375 3752 499 3816 epactas,
509 3751 538 3803 et
552 3746 673 3816 adjectis
686 3747 812 3816 ejusdem
825 3747 895 3804 anni
950 3748 978 3822 9,
996 3749 1054 3807 444
1068 3750 1103 3807 de
1119 3748 1162 3818 40,
1183 3748 1210 3822 3,
1225 3747 1254 3817 9,
1275 3762 1342 3822 ergo
1356 3747 1416 3810 446
1435 3747 1505 3819 quid
1521 3751 1591 3806 sunt
1610 3746 1669 3802 nisi
1687 3741 1730 3802 44.
1750 3743 1780 3801 Si
1896 3810 1898 3820 Ι

69 3836 310 3897 concurrentibus
328 3836 402 3905 suis,
418 3841 446 3891 et
460 3834 644 3907 regularibus
660 3835 690 3891 in
707 3835 790 3891 duem
807 3831 825 3891 7
840 3850 898 3893 au·
954 3852 1009 3896 nun
1031 3840 1203 3896 remanserit
1221 3839 1276 3895 tibi
1296 3837 1409 3910 aliquid
1430 3837 1585 3894 Sabbatum
1604 3834 1623 3894 6
1639 3833 1713 3893 iuria
1725 3834 1783 3892 erit

71 3924 898 4001 gmenta.Latiniusuamqueacbrcriusomniaargumenta
953 3927 1015 3983 Kal.
1039 3928 1101 3982 lan.
1132 3928 1188 3984 isto
1217 3940 1303 3984 anno.
1329 3925 1360 3982 Si
1385 3923 1589 3983 remanseritl
1619 3922 1781 3994 nominiea,

72 4017 216 4088 pasclralis
239 4015 408 4072 calculabis.
430 4015 489 4070 lloc
512 4020 606 4070 amen
628 4021 777 4084 propterea
798 4015 898 4073 lectori
953 4016 979 4072 si
989 4012 1016 4084 4,
1026 4013 1151 4071 secunda
1161 4013 1243 4072 teria.
1255 4013 1469 4086 ltainreliquis
1479 4013 1562 4071 feriis
1572 4011 1781 4070 observandum

70 4108 111 4165 sit
120 4105 279 4178 cognitum,
291 4103 404 4176 quoties
419 4102 449 4158 in
462 4106 584 4173 utroque
596 4114 691 4159 mense
702 4116 766 4173 supr
773 4105 900 4173 ascripto
954 4109 1007 4159 est.

72 4197 101 4252 in
118 4194 211 4265 prima
225 4192 323 4264 regula
342 4191 498 4263 contingit,
513 4194 545 4247 ut
559 4190 692 4247 deductis
709 4193 819 4262 epactis
836 4205 901 4248 am·
988 4192 1018 4249 Si
1037 4206 1120 4250 nosse
1139 4191 1184 4248 vis
1202 4190 1264 4247 llal.
1284 4194 1346 4248 lan.
1369 4205 1418 4262 per
1437 4190 1569 4264 singulos
1587 4203 1679 4248 annos
1695 4193 1782 4262 quota

72 4284 151 4355 plius
160 4296 246 4353 quarn
259 4279 293 4337 30
304 4285 478 4350 remaneant,
490 4278 665 4336 demittenda
681 4293 743 4336 esse
756 4279 801 4337 30.
818 4281 899 4351 Quod
954 4279 1028 4338 teria
1048 4281 1167 4350 intrent,
1180 4293 1261 4337 sums
1275 4293 1366 4336 annos
1380 4277 1417 4334 ab
1431 4280 1541 4335 incarn.
1556 4279 1673 4335 Domini
1688 4277 1781 4334 nostri

72 4371 97 4428 si
111 4369 135 4441 4,
148 4376 199 4426 ant
209 4367 235 4440 3,
251 4375 302 4425 aut
315 4368 442 4438 amplius
455 4366 661 4438 superfuerint,
676 4373 718 4424 tot
729 4368 793 4425 dies
806 4369 899 4439 ipsius
915 4371 1020 4436 DJesu
1040 4369 1148 4426 Christi
1170 4365 1234 4438 808,
1256 4369 1308 4424 bos
1332 4366 1440 4437 partire
1463 4378 1514 4437 per
1532 4360 1551 4422 7
1576 4371 1695 4437 partem,
1716 4369 1745 4420 et
1766 4359 1783 4420 4

73 4460 180 4516 mensis
198 4472 215 4515 a
234 4458 297 4515 Kal.
320 4457 360 4514 sit
383 4456 452 4513 luna
473 4455 618 4527 paschalis
639 4453 681 4511 lt.
706 4456 826 4526 Quando
846 4459 900 4515 buc
956 4464 1075 4529 partem,
1096 4469 1181 4528 quam
1203 4455 1327 4527 partitus
1346 4467 1387 4523 es,
1408 4453 1500 4524 adlice
1519 4466 1606 4523 super
1623 4449 1686 4515 909.
1708 4450 1783 4508 nunt

71 4547 206 4606 dmuctis
223 4547 332 4620 epactis
348 4544 423 4602 inira
442 4543 487 4613 30,
504 4551 536 4601 nt
552 4551 620 4615 puta
635 4543 681 4614 40,
698 4559 749 4603 seu
763 4546 899 4620 amplius,
956 4547 1043 4604 simul
1060 4544 1139 4604 4044.
1161 4548 1218 4604 lios
1233 4547 1341 4617 partire
1356 4557 1406 4615 per
1418 4540 1446 4615 7,
1467 4547 1614 4600 remanent
1627 4539 1654 4598 3.
1670 4539 1751 4598 Feria
1765 4538 1783 4597 3

73 4638 228 4708 minusque
250 4635 428 4704 remanserit,
449 4634 524 4691 idern
546 4638 587 4690 tot
607 4633 670 4691 dies
686 4636 792 4692 mensis
805 4648 822 4693 a
837 4635 899 4693 Kal.
955 4637 1012 4693 erit
1030 4635 1092 4692 Kal.
1112 4637 1174 4692 lan.
1192 4653 1200 4707 3
1216 4635 1241 4693 si
1263 4630 1291 4708 4,
1317 4632 1389 4691 teria
1410 4630 1437 4704 4,
1458 4632 1483 4689 si
1505 4631 1581 4688 nihil
1602 4629 1780 4701 Sabbatum,

72 4727 202 4784 occurrit
219 4726 287 4782 luna
308 4724 452 4795 paschalis
472 4720 514 4778 44.
534 4723 564 4779 sl
584 4724 661 4780 enlm
680 4724 813 4782 deductis
831 4739 902 4796 epa·
956 4727 981 4784 si
999 4724 1023 4792 4,
1039 4725 1198 4782 Dominica.

72 4817 130 4873 ctis
143 4813 178 4872 30
192 4819 305 4871 tantrnn
327 4811 526 4881 remanserint,
549 4812 624 4882 quod
642 4814 727 4870 semel
747 4813 777 4870 ln
799 4811 833 4870 49
846 4828 903 4871 an·
990 4815 1020 4871 si
1041 4815 1085 4871 nis
1103 4813 1178 4870 scire
1196 4813 1259 4869 Kal.
1281 4810 1424 4869 mensium
1443 4821 1502 4881 qua
1520 4808 1568 4866 dle
1588 4808 1708 4880 intrent,
1728 4809 1783 4866 boc

72 4905 122 4961 nis
134 4903 263 4960 accidere
279 4900 461 4959 manifestum
476 4905 529 4972 cst,
545 4897 580 4956 30
594 4898 642 4957 die
653 4913 669 4957 a
682 4899 743 4959 Kal.
763 4902 819 4959 orit
833 4900 902 4962 luna
955 4908 1124 4977 argumento
1133 4901 1318 4974 cognoscitur
1327 4899 1509 4956 volventibus
1517 4897 1612 4963 annis,
1622 4897 1676 4954 boc
1687 4899 1780 4956 medo.

75 4991 220 5063 paschalis
236 4988 277 5048 44.
955 4990 1054 5049 Octub.
1083 4988 1094 5046 4
1120 4990 1233 5047 literam
1263 4987 1357 5044 babet
1384 4985 1518 5043 Novcmb.
1544 4981 1570 5042 4.
1596 4985 1728 5043 Decemb.
1753 4984 1779 5043 6.

240 5081 308 5136 Item
328 5079 362 5134 de
383 5080 450 5134 luna
468 5079 582 5134 temerino
598 5078 735 5148 paschali.
955 5081 1017 5137 lau.
1041 5077 1068 5135 4.
1088 5078 1153 5136 Feb.
1177 5075 1206 5135 5.
1227 5077 1309 5133 llari.
1334 5073 1362 5132 5.
1386 5073 1456 5146 Apr.
1481 5071 1506 5131 4.
1530 5074 1600 5133 nait
1616 5072 1643 5133 3.
1665 5077 1730 5132 lun.
1753 5071 1781 5130 6.

110 5165 233 5224 LXXIV.
244 5168 274 5224 Si
289 5168 335 5224 vis
344 5180 514 5240 cognoscere
527 5174 613 5239 quota
626 5167 694 5226 iuna
706 5165 771 5223 testi
788 5166 903 5238 pascha·
955 5169 1013 5225 lul.
1037 5165 1062 5223 4.
1086 5166 1159 5239 Aug.
1180 5163 1206 5222 4.
1222 5164 1363 5236 Septemb.
1381 5160 1409 5220 l.
1425 5164 1477 5221 llis
1498 5178 1609 5237 semper
1626 5163 1698 5220 adde
1711 5173 1783 5231 epa-

75 5258 114 5315 lis
128 5260 271 5323 occurrat,
291 5254 317 5311 si
334 5255 364 5310 in
382 5252 486 5310 brantio
499 5265 594 5309 mense
609 5251 715 5309 Pascha
731 5253 901 5329 celebratur,
956 5262 1031 5313 cunr
1044 5255 1117 5314 solis
1128 5253 1284 5326 cujuslibet
1293 5253 1373 5325 anni,
1387 5257 1415 5310 et
1424 5253 1560 5325 deinceps
1572 5249 1678 5323 partire
1691 5262 1740 5318 per
1750 5244 1778 5317 7,

73 5349 207 5416 compota
229 5357 339 5400 menses
358 5355 375 5399 a
392 5340 561 5412 septembri,
585 5340 659 5397 tinut
676 5339 702 5398 6.
725 5342 774 5399 ilis
793 5357 904 5415 semper
957 5344 1064 5417 septies
1077 5341 1103 5416 4,
1119 5350 1170 5403 aut
1184 5342 1290 5415 septies
1303 5339 1331 5413 4,
1348 5342 1448 5416 sicque
1462 5337 1664 5399 calculationis
1676 5336 1780 5394 scriem

75 5433 170 5503 adiice
185 5432 332 5506 Qulares
350 5430 377 5503 4,
399 5430 474 5487 nunt
486 5427 505 5485 8
519 5447 527 5501 3
541 5427 613 5486 adde
628 5433 656 5485 ct
678 5434 800 5505 epactas,
817 5432 845 5489 id
860 5439 904 5491 est
958 5433 1022 5490 sinc
1033 5432 1093 5490 ullu
1107 5446 1204 5491 errore
1216 5432 1351 5506 reperies,
1366 5435 1484 5503 excepto
1494 5429 1525 5486 in
1536 5424 1681 5483 bissextili
1693 5438 1779 5484 anno.

76 5521 253 5593 adjectiones
274 5521 391 5578 lunares
417 5518 502 5588 cuius
528 5516 656 5576 uolueris
678 5518 758 5591 anni,
779 5526 812 5578 ut
834 5528 903 5594 puta
959 5524 989 5578 ln
1003 5521 1051 5579 bis
1064 5518 1082 5579 5
1097 5521 1245 5582 mensibus
1264 5525 1354 5592 vacat,
1376 5520 1431 5577 boc
1445 5522 1489 5574 est
1505 5514 1617 5588 Octob,
1633 5514 1780 5580 novemb,
