3876 6090
15 272 21 279 “
131 247 163 309 9t
716 249 894 308 huaslhsll
919 247 1188 307 melolllEchnll
1753 253 1790 312 9¹2

133 384 267 451 tanquam
279 377 436 436 Christiani
451 379 580 449 accipere
594 379 765 435 mereantur.
776 377 838 433 Non
852 373 970 436 enimA
984 375 1039 430 erit
1050 374 1204 445 judicium.
1220 375 1360 445 Quoniam
1375 389 1441 433 vero
1456 376 1544 433 veluti
1561 376 1791 435 nullatenusan·

131 468 242 524 claudit
258 468 456 524 miserationes
468 483 535 525 suas
551 469 581 525 in
592 467 758 538 hujusmodi
774 464 931 523 contentio
984 464 1095 520 dientes
1106 465 1263 522 solutiones
1274 465 1496 536 qualectaesunt
1506 467 1612 523 litteris
1624 467 1788 524 beatissimi

131 556 219 613 nibus
233 560 329 613 sancta
340 557 480 613 catholica
491 562 519 613 et
528 557 685 628 apostolica
697 556 822 612 Ecclesia
832 556 866 611 ad
882 567 930 610 eos
986 566 1062 623 papae
1073 554 1182 609 Nicolai
1194 554 1229 609 de
1239 554 1417 624 promotione
1426 556 1552 612 Nectarii
1562 562 1591 612 et
1600 556 1790 614 Ambrosiiae

131 645 181 716 qni
197 645 306 701 sincere
322 646 518 717 penitentiam
531 651 631 719 agunt.¹
646 644 869 701 Persistentibns
883 656 931 699 au·
984 642 1147 712 Nicephori,
1162 643 1390 700 memorabilium
1402 644 1629 714 hierarcharum,
1643 645 1791 703 iterumil·

113 760 116 765 ·
131 738 187 790 tem
204 733 241 789 iis
251 738 279 789 et
292 733 496 792 obturantibus
510 749 594 792 aures
609 749 676 793 suas
691 740 719 791 et
733 735 828 804 corda,
845 738 873 789 et
884 745 932 790 no
985 731 1235 804 lasinparadigma
1247 733 1791 805 producitisadjustiicationespraesu

132 821 258 880 lentibus
272 823 374 880 audire
387 839 450 896 quas
464 825 595 895 exposita
610 830 704 881 sunta
719 823 827 879 sanctis
843 821 930 892 patri·
985 820 1023 877 lis
1033 820 1129 892 vestri,
1140 821 1266 878 dicimus
1276 823 1687 895 adrosqniasapiensquidam
1697 825 1787 881 dicit:

131 911 238 979 archis,
250 913 384 969 nosnihil
394 913 473 970 aliud
483 913 614 986 iacimus,
625 926 715 985 neque
725 912 929 984 subvertimus,
984 910 1094 966 Etenim
1106 924 1214 982 eorum,
1231 912 1281 981 qui
1294 912 1415 968 multum
1427 913 1502 968 inter
1516 925 1546 968 se
1560 913 1681 986 distant,
1699 914 1788 970 mani·

132 1012 223 1072 neque
233 1001 690 1073 rejudicamusy'udiciumsanctae
700 1001 930 1058 llomanaeEccle
983 996 1062 1055 iestae
1077 1013 1194 1069 prorsus
1204 999 1386 1056 diversitates
1400 1001 1572 1072 consistunt,
1585 1015 1671 1072 porro
1684 1003 1790 1059 simill-

131 1089 182 1143 siae
196 1088 250 1145 sub
264 1090 414 1147 undecima
431 1090 589 1147 indictione
609 1090 714 1147 facturn
738 1096 837 1146 contra
861 1090 931 1145 l‘ho-
984 1088 1052 1144 tudo
1067 1087 1147 1144 valde
1169 1088 1366 1160 perspicienda
1381 1095 1432 1146 est.
1450 1090 1661 1161 Perspiciamus
1676 1104 1745 1164 ergo
1760 1100 1789 1150 et

131 1178 204 1234 tium
221 1178 361 1235 moechnm
375 1184 403 1236 et
417 1184 569 1252 tyrannum
584 1194 616 1238 ac
632 1193 819 1252 pervasorem,
844 1184 930 1252 atque
985 1192 1036 1234 nos
1046 1177 1127 1233 valde
1137 1178 1346 1250 compendiose,
1357 1179 1382 1234 si
1393 1180 1549 1237 secundum
1560 1179 1788 1238 similitudinem

130 1268 930 1343 sequacesey'us:sivoluerintaudlrenos,quotquotsuut
986 1267 1112 1338 aliquam
1120 1268 1179 1337 jam
1191 1268 1401 1324 nominatorum
1417 1282 1594 1325 summorum
1605 1271 1787 1328 sacerdotnm

129 1357 221 1429 digni,
239 1371 288 1427 per
304 1358 396 1416 libelli
412 1359 637 1417 satisfactionem
655 1362 814 1433 recepimus
828 1375 886 1431 eos,
903 1365 931 1417 et
987 1357 1088 1427 praesul
1097 1358 1445 1429 vesterpromotusestsic,
1453 1360 1693 1429 quemadmodum
1701 1375 1789 1418 nuns-

129 1446 341 1504 convenientem
357 1448 400 1505 eis
414 1448 569 1506 scribimus
585 1450 698 1520 locum3
714 1451 740 1506 si
756 1465 821 1507 vero
836 1450 933 1507 nolue·
987 1446 1109 1518 quisque
1121 1448 1237 1504 illorum
1246 1453 1385 1518 receptus.
1397 1448 1613 1518 ltaquebeatnm
1620 1450 1787 1508 Nectarium

131 1535 200 1609 rint,
226 1537 510 1610 anathematizamus,
526 1545 555 1595 et
570 1539 770 1597 maledicimus
784 1540 837 1612 eis,
853 1546 881 1596 et
895 1540 931 1597 ab
986 1537 1111 1607 synodus
1122 1536 1303 1607 universalis,
1311 1536 1436 1593 etsancti
1449 1537 1618 1606 patriarchae
1628 1538 1749 1611 diversi,
1760 1545 1788 1596 et

129 1627 207 1682 omni
219 1630 294 1683 sorte
302 1627 533 1684 Christianorum
548 1642 723 1701 separamus,
736 1630 804 1699 quia
818 1643 872 1686 non
885 1628 932 1685 ha·
986 1627 1132 1700 elegerunt
1141 1633 1169 1682 et
1180 1632 1381 1696 promoverunt
1392 1626 1641 1697 archiepiscopum
1651 1627 1789 1685 Constan

28 1706 32 1713 '
129 1715 228 1774 bemus
239 1718 241 1723 ’
252 1716 342 1775 alium
367 1731 524 1774 sermonem
540 1719 574 1775 ad
590 1732 648 1789 eos,
661 1719 754 1775 sedet
763 1718 888 1774 ethnicis
902 1722 929 1773 et
943 1701 970 1763 Β
985 1715 1153 1787 tinopolens,
1168 1715 1248 1771 nullo
1259 1716 1341 1772 modo
1351 1716 1521 1786 imperatore
1531 1721 1648 1789 cogente
1656 1717 1735 1789 illos,
1743 1730 1790 1774 ne

130 1804 930 1878 publicanistransmittimuseos.Basiliuspiissimuset
985 1803 1786 1877 quenllaprmelpalinanuincausaperitusmedianto;

127 1895 239 1952 amicus
248 1895 356 1952 Christi
364 1901 518 1969 etmagnus
529 1897 722 1968 imperatorad
731 1896 930 1953 sanctissimos
985 1894 1032 1949 sed
1045 1906 1136 1965 neque
1146 1893 1310 1964 quempiam
1321 1894 1461 1950 viventem
1473 1893 1632 1963 abhuy'nsm
1651 1894 1683 1951 di
1695 1895 1790 1952 cathe

128 1985 251 2041 vicarios
262 1985 386 2042 senioris
396 1986 489 2042 Romae
499 1986 587 2042 dixit:
601 1986 763 2058 Egocrebro
772 1985 929 2043 etmultnm
984 1983 1035 2038 dra
1043 1996 1143 2038 manns
1156 1983 1316 2052 imperialis
1327 1983 1474 2053 tyrannice
1485 1984 1604 2054 pepulit,
1611 1988 1715 2041 ettunc
1727 1998 1789 2055 pro

128 2075 224 2145 rogavi
236 2088 270 2131 ue
282 2074 417 2146 perirent,
428 2079 457 2131 et
467 2076 530 2133 ideo
544 2090 593 2132 eos
602 2075 701 2132 dimisi
714 2075 817 2145 hnc3si
829 2075 931 2131 nolunt
984 2078 1081 2128 vectus
1095 2077 1137 2128 ost
1148 2073 1307 2129 Nectarins.
1325 2072 1466 2128 Similiter
1480 2074 1566 2129 etiam
1577 2078 1607 2129 et
1616 2072 1788 2131 Ambrosius

127 2163 508 2236 concurrereadEcclesiam,
520 2164 662 2236 quidquid
671 2163 874 2233 indicaverunt
885 2176 931 2233 pa-‘
984 2163 1194 2232 memorandus,
1206 2161 1488 2219 huxentiodeinncto
1498 2162 1784 2236 adriaeqasynodo.

128 2251 270 2324 triarchas,
291 2252 405 2308 etiamsi
431 2253 586 2322 noluerint,
611 2254 824 2310 confirmamus.
841 2256 928 2309 Nemo
984 2265 1047 2321 qna
1062 2253 1155 2307 tunca
1172 2251 1434 2308 Mediolanensibus
1449 2255 1492 2308 est
1502 2252 1537 2307 de
1552 2252 1724 2309 orthodoxis
1736 2253 1785 2310 do

127 2340 203 2396 enim
219 2345 312 2411 potest
325 2342 420 2398 damni
435 2342 478 2397 eis
494 2347 659 2412 potestatem
673 2342 814 2398 adhristo
829 2344 885 2398 Deo
900 2347 928 2398 et
983 2340 1127 2412 gmatibns
1150 2345 1329 2413 congregata,
1355 2346 1502 2412 promotus
1516 2343 1559 2396 est
1574 2342 1603 2398 in
1619 2342 1786 2414 episcopum

126 2428 270 2484 salvatore
285 2433 382 2486 nostro
398 2429 557 2500 reprobare.
573 2431 754 2487 sanctissimi
770 2431 872 2487 vicarii
887 2445 929 2488 se
983 2431 1125 2500 predictae
1135 2430 1273 2501 civitatis,
1287 2430 1367 2486 nullo
1379 2430 1462 2486 modo
1474 2430 1630 2502 principali
1642 2433 1788 2489 manaim·

128 2516 221 2573 nioris
233 2517 327 2572 Romae
337 2518 370 2574 ad
385 2518 534 2589 episcopos
548 2519 644 2576 Photii
660 2520 814 2576 dixerunt:
827 2519 927 2589 Quiex
983 2519 1104 2590 pellente
1116 2519 1264 2589 episcopos
1278 2519 1308 2575 in
1320 2519 1486 2575 electionem
1499 2520 1562 2590 ey'us
1574 2518 1617 2576 vel
1633 2521 1787 2590 promotio

126 2604 208 2661 vobis
223 2606 348 2662 ordinati
362 2608 460 2665 estisa
475 2609 658 2666 sanctissimo
672 2608 835 2679 patriarcha
850 2610 928 2681 lgna·
982 2621 1059 2663 nem:
1073 2608 1135 2677 pari
1149 2621 1262 2680 qnoque
1278 2608 1360 2664 modo
1374 2613 1403 2664 et
1417 2608 1518 2665 beatus
1532 2608 1669 2666 Tarasius
1681 2609 1719 2666 ab
1734 2609 1786 2667 illo

129 2693 171 2751 tio
181 2693 195 2748 ‘l
204 2695 239 2750 Et
253 2699 393 2753 steterunt
406 2696 436 2753 in
450 2697 542 2754 medio
556 2698 757 2767 Heracliensis,
772 2698 925 2771 Cretensis
982 2697 1044 2766 ipso
1056 2710 1126 2752 novo
1136 2694 1458 2768 contessorel’aulo,qui
1471 2701 1586 2767 proptor
1595 2697 1784 2755 orthodoxam

126 2786 154 2839 et
163 2782 386 2858 celenderensis,
398 2791 426 2842 et
436 2787 589 2843 dixerunt:
606 2789 663 2843 Nos
674 2802 774 2844 sumus
789 2788 851 2857 ejns
863 2802 928 2844 con·
982 2785 1065 2840 iidem
1076 2789 1272 2856 sequestmtus
1282 2785 1438 2841 acathedra
1447 2785 1746 2857 constantinopoleos,
1759 2792 1786 2844 et

127 2872 296 2928 secretionis
307 2891 315 2942 3
327 2874 518 2931 etdicunteis
528 2876 704 2932 sanctissimi
720 2877 821 2933 vicarii
836 2877 927 2933 senio
981 2875 1146 2931 testimonio
1170 2875 1344 2946 approbatus
1363 2879 1448 2930 estet
1463 2879 1611 2945 promotus
1626 2893 1634 2946 ς
1650 2889 1685 2932 eo
1700 2875 1783 2934 illum

127 2959 169 3015 ris
179 2961 285 3016 Romae:
299 2961 458 3032 subjacetis
472 2965 671 3035 iustoiudicio
682 2965 830 3022 catholicae
845 2979 927 3037 syno
979 2963 1099 3035 dignum
1115 2978 1176 3020 esse
1191 2963 1241 3019 tali
1267 2963 1370 3020 throno
1394 2969 1582 3041 asseverante,
1599 2977 1633 3019 ac
1648 2964 1784 3021 omnibns

126 3047 167 3119 di,
191 3054 218 3104 et
235 3050 316 3119 juxta
342 3051 472 3109 libellum
496 3053 546 3124 qui
570 3055 719 3124 expositus
730 3059 805 3111 esta
827 3058 925 3110 sancta
940 3067 965 3131 0
981 3053 1241 3124 propugnatoribus
1257 3052 1382 3123 pietatis,
1397 3053 1448 3124 qui
1462 3058 1530 3108 tunc
1542 3051 1670 3126 aderant,
1689 3053 1785 3110 ortho

125 3137 251 3195 Romana
269 3140 395 3197 Ecclesia
414 3139 511 3198 iacitis
525 3146 554 3199 et
567 3142 707 3213 scribitis,
724 3157 760 3199 an
776 3143 856 3200 non‘?
869 3144 924 3213 Qui
980 3141 1390 3212 doxaessdeipropternelumac
1402 3141 1682 3211 irreprehensibilem
1694 3143 1783 3198 vitam

126 3225 279 3283 dixerunt:
301 3230 340 3285 Ne
356 3230 413 3296 ssat,
429 3232 513 3288 Deus.
530 3231 581 3288 Sed
597 3232 622 3288 si
636 3232 757 3302 jusserit
772 3232 926 3303 imperator
980 3231 1052 3302 ejus,
1069 3231 1186 3287 sednon
1210 3231 1357 3301 tyrannice
1376 3231 1418 3286 vel
1432 3234 1527 3286 coacte
1540 3232 1574 3287 ad
1591 3232 1781 3301 receptionem

126 3321 222 3373 noster
236 3322 352 3375 sanctus
372 3319 472 3376 andire
487 3321 582 3377 omnia
604 3337 667 3393 qum
681 3327 744 3378 acta
759 3327 835 3392 sunt,
852 3322 927 3378 dice
980 3320 1042 3390 eius
1052 3320 1186 3376 conducti
1198 3320 1427 3376 sunt:similiter
1436 3320 1626 3390 etiametpost
1635 3320 1784 3378 dormitio

125 3419 198 3463 mus.
210 3406 390 3465 sanctissimi
405 3410 508 3466 vicarii
524 3411 648 3467 senioris
661 3412 754 3468 llomae
766 3411 921 3469 dixerunt:
981 3422 1044 3465 nem
1056 3408 1215 3465 beatissimi
1226 3409 1336 3464 Tarasii
1350 3408 1535 3465 beatissimus
1545 3409 1726 3480 Nicephorns
1738 3423 1784 3480 pa

123 3495 153 3551 Si
176 3509 231 3552 non
246 3496 336 3553 vultis
354 3497 493 3555 obaudire
512 3505 638 3555 sanctam
659 3501 808 3571 synodum,
830 3500 869 3555 ite
888 3501 922 3556 ad
980 3497 1106 3553 triarcha
1121 3499 1256 3568 synodice
1270 3497 1378 3555 electus
1393 3502 1421 3553 ot
1434 3503 1617 3555 consecratus
1632 3502 1677 3554 est
1690 3498 1784 3554 archi·

124 3588 219 3654 patres
240 3591 357 3642 vestros.
379 3588 413 3642 Et
432 3586 480 3643 his
498 3601 528 3644 se
547 3588 581 3643 ad
602 3589 676 3644 alios
699 3587 922 3660 conferentibus,
978 3586 1130 3656 episcopus
1144 3587 1439 3658 constantinopoleos,
1457 3592 1557 3657 sponte
1571 3602 1604 3642 ac
1618 3586 1783 3644 voluntarie

123 3673 200 3729 dixit
220 3674 418 3744 Metrophanes
442 3676 498 3731 Deo
522 3675 718 3731 amicissimus
743 3676 923 3746 metropolita
978 3675 1270 3747 collectisepiscopis,
1283 3676 1333 3747 qui
1346 3677 1491 3732 decretum
1504 3676 1586 3733 illius
1598 3681 1784 3733 etconsecra·

123 3763 248 3833 smyrnae
262 3763 296 3819 ad
307 3762 472 3818 Zachariam
485 3761 740 3821 Chalcedonensem
756 3764 851 3821 Photii
866 3765 924 3835 epi·
978 3764 1085 3820 tionem
1098 3762 1247 3820 lecerunt:
1265 3765 1294 3820 in
1311 3765 1412 3821 Photio
1427 3778 1492 3821 vero
1509 3765 1584 3821 nihil
1595 3765 1714 3822 omnino
1725 3766 1781 3822 tale

124 3864 255 3921 scopum:
264 3851 305 3908 hd
316 3865 348 3907 ea
359 3865 422 3922 quae
431 3852 533 3909 dixisti
546 3855 749 3925 respondemus
759 3853 812 3909 tibi
821 3872 828 3908 ι
837 3856 923 3927 Leges
979 3854 1134 3924 invenitur,
1146 3868 1179 3910 eo
1191 3856 1265 3926 quod
1274 3857 1304 3910 et
1313 3854 1371 3924 ille,
1384 3854 1495 3910 vivente
1507 3854 1635 3927 legitimo
1645 3855 1782 3912 Ecclesia

124 3939 267 4011 sanciunt,
285 3945 341 3995 tam
356 3940 557 3997 ecclesiastice
573 3957 656 4014 quarn
671 3943 781 4015 civiles,
799 3958 921 4016 omnem,
978 3943 1051 4014 viro,
1067 3943 1238 4019 subrogatus
1255 3945 1304 4014 sit,
1318 3947 1346 3999 et
1359 3943 1544 4014 provehentes
1565 3956 1629 4000 eum
1645 3948 1674 4000 et
1684 3957 1782 4002 conse

124 4027 579 4100 quielegerltaliqnenjndieem,
593 4032 829 4091 modisomnibus
840 4035 923 4106 sequi
979 4036 1090 4087 orantes
1110 4032 1258 4100 violenter,
1274 4038 1302 4088 et
1327 4033 1428 4102 coacti,
1445 4046 1477 4088 ac
1503 4032 1599 4104 inviti,
1615 4036 1702 4104 atque
1717 4034 1781 4090 sine

122 4130 155 4173 ac
170 4117 286 4173 obedire
306 4119 456 4189 praeceptis
471 4119 542 4191 ejus,
559 4127 587 4177 et
602 4135 781 4193 nequaquam
798 4122 924 4179 refutare
980 4121 1126 4191 proposito
1140 4135 1173 4177 ac
1188 4122 1333 4178 voluntate
1348 4123 1376 4178 in
1392 4122 1473 4177 illius
1488 4127 1516 4177 et
1529 4123 1738 4192 promotionem
1752 4130 1781 4179 et

123 4205 280 4280 penitusue
291 4207 426 4277 repellere
437 4209 604 4279 prolatasab
615 4212 925 4282 eoetdepromptasde
979 4211 1218 4267 consecrationem
1229 4212 1454 4281 eximperatoris
1465 4212 1633 4268 necessitate
1643 4225 1676 4268 ac
1687 4217 1781 4283 tyran

122 4296 268 4356 finitiones
283 4302 310 4352 et
326 4296 412 4370 leges:
426 4312 490 4357 curn
508 4301 604 4371 itaque
619 4315 685 4372 pars
699 4308 791 4359 vestra
808 4304 924 4371 petierit
978 4299 1046 4354 nide
1057 4299 1174 4369 impulsi
1186 4305 1292 4356 suntet
1302 4301 1525 4372 secuti,etnulla
1539 4294 1779 4372 patriarchalium

121 4394 150 4445 et
165 4391 347 4462 proposuerit
357 4390 495 4462 judicem,
512 4390 709 4449 beatissimum
726 4407 826 4464 papam
842 4389 964 4454 Nicon
978 4388 1090 4444 sedium
1104 4388 1133 4443 in
1147 4390 1306 4446 sacerdotio
1317 4403 1381 4445 eum
1395 4390 1521 4460 recipere
1532 4404 1613 4460 passa
1627 4390 1693 4447 luit.
1709 4390 1778 4446 Cum

122 4479 209 4552 laum,
227 4480 368 4552 quomodo
383 4495 441 4552 vos,
457 4486 536 4536 entra
552 4482 660 4552 positas
673 4483 807 4539 Ecclesiae
821 4497 853 4539 ac
869 4486 923 4541 rei.
977 4490 1044 4548 ergo
1054 4476 1441 4547 diversitas,hicomnimoda
1453 4482 1622 4552 reperiatur,
1635 4479 1779 4550 quomodo

122 4570 244 4639 publicae
268 4569 345 4642 leges
364 4583 396 4625 ac
412 4569 535 4642 regulas,
550 4583 614 4627 cum
640 4570 809 4644 redarguere
832 4586 864 4628 ac
876 4575 921 4643 ju.
976 4565 1213 4622 indissimilibus
1229 4566 1390 4624 introducis
1404 4571 1628 4627 similitudinem
1641 4568 1656 4623 l
1669 4570 1700 4624 ln
1717 4569 1779 4641 qui·

120 4659 217 4715 dicare
240 4657 476 4729 presumpsistis,
502 4663 661 4714 asserentes
685 4673 740 4725 non
761 4664 919 4719 secundum
975 4656 1779 4731 busenimesteansaediversitas,existimationisquoque

120 4760 255 4803 canonem
275 4748 377 4820 egisse,
389 4761 480 4818 noque
495 4748 650 4804 seeundum
664 4748 787 4819 jusquiae
801 4765 834 4807 ac
849 4753 920 4809 pepp.
973 4745 1546 4817 etopinionisdiversiusdebetaeoldere.
1559 4749 1701 4819 Quoniam
1712 4762 1777 4805 vero

116 4837 189 4894 tatis
213 4837 351 4893 rationem
375 4836 542 4893 decrevisse.
568 4837 702 4907 quaesibi
717 4840 778 4895 visa
793 4843 920 4898 suntde
974 4837 1085 4893 ratione
1101 4839 1545 4902 morsus,dixistidebeatissimo
1561 4851 1632 4908 papa
1642 4837 1774 4894 Nicolao:

120 4925 245 4983 liniendo
259 4925 273 4979 i
287 4925 457 4981 invenimini
481 4940 547 4997 ergo
572 4926 602 4982 in
618 4932 696 4997 parte
720 4928 772 4985 hac
787 4933 814 4986 et
833 4931 919 4988 ecele-
972 4926 1091 4997 Quodsi
1108 4929 1264 4986 secundum
1279 4942 1415 4984 canonem
1439 4926 1584 4996 judicium
1601 4925 1735 4997 protulit,
1749 4930 1778 4982 et

119 5014 252 5071 siasticas
267 5017 295 5069 et
308 5013 409 5072 civiles
433 5015 584 5087 reprobare
608 5016 693 5089 leges,
719 5032 770 5088 pro
793 5033 826 5074 eo
841 5021 916 5091 quod
972 5015 1775 5088 admittimnsotamplectimnrdamnationemnostram3

120 5118 203 5176 quem
218 5103 347 5175 elegistis
357 5110 385 5160 et
395 5105 564 5176 praetulistis
574 5106 699 5176 judicem
717 5107 919 5178 nnncabjicia-
973 5108 1138 5176 sinautem,
1165 5120 1361 5178 nequaqnam:
1377 5111 1406 5161 et
1421 5111 1485 5176 post
1502 5104 1640 5176 pusillum
1657 5104 1775 5176 dixisti,

119 5193 167 5249 tis.
190 5193 275 5248 Nemo
299 5192 375 5248 enim
400 5193 520 5249 electum
535 5207 551 5249 a
564 5207 594 5249 se
606 5194 732 5263 judicem
748 5208 781 5249 ex
803 5197 917 5266 propria
973 5196 1052 5268 quia,
1068 5196 1143 5266 qnod
1158 5196 1251 5252 dixit:
1266 5198 1327 5252 Nou
1350 5195 1480 5266 oportuit
1495 5194 1627 5250 Photinm
1644 5206 1678 5248 en
1692 5194 1777 5249 laicis

118 5281 234 5352 optione
248 5280 590 5351 viceversajudicarevel
601 5283 788 5338 condemnare
804 5285 919 5354 penitus
974 5289 1142 5360 promoveri,
1160 5289 1272 5360 eosqui
1293 5293 1531 5345 consecraverunt
1553 5291 1654 5344 cautos
1670 5286 1774 5368 reddit¹

118 5369 210 5426 debet.
232 5372 301 5426 Nam
322 5383 468 5442 nunquam
492 5369 647 5441 aliquando
672 5371 738 5441 quis
759 5373 916 5446 judicatus,
973 5375 1776 5448 nonconsecratumcondemnat,etcousnetudoregulam

117 5459 186 5515 dum
197 5459 401 5515 condemnatus
408 5457 506 5528 luerit,
519 5457 642 5514 iirmavit
653 5458 790 5528 prolatam
805 5461 920 5518 damna-
974 5466 1052 5523 illam
1065 5467 1185 5540 vicit„in
1198 5468 1371 5523 contrariam
1384 5466 1607 5537 disparationem
1622 5465 1755 5521 cecidisti
1768 5483 1775 5536 ;

118 5545 918 5620 tionem;etideopernullnmtempusvelmodnmtlrmum
973 5569 1007 5612 eo
1019 5555 1094 5627 quod
1104 5554 1253 5612 confessus
1267 5556 1383 5626 quidem
1393 5555 1445 5627 sis,
1458 5558 1487 5610 et
1498 5552 1660 5611 ostenderis
1672 5566 1774 5625 papam
