<?xml version="1.0" encoding="UTF-8"?>
<!DOCTYPE html PUBLIC "-//W3C//DTD XHTML 1.0 Transitional//EN"
    "http://www.w3.org/TR/xhtml1/DTD/xhtml1-transitional.dtd">
<html xmlns="http://www.w3.org/1999/xhtml" xml:lang="en" lang="en">
 <head>
  <title>
</title>
<meta http-equiv="Content-Type" content="text/html;charset=utf-8" />
  <meta name='ocr-system' content='tesseract 3.04.00' />
  <meta name='ocr-capabilities' content='ocr_page ocr_carea ocr_par ocr_line ocrx_word'/>
</head>
<body>
  <div class='ocr_page' id='page_1' title='image "./patrologiaecurs06migngoog_0641.png"; bbox 0 0 3876 6090; ppageno 0'>
   <div class='ocr_carea' id='block_1_1' title="bbox 114 271 1815 339">
    <p class='ocr_par' dir='ltr' id='par_1_1' title="bbox 114 271 1815 339">
     <span class='ocr_line' id='line_1_1' title="bbox 114 271 1815 339; baseline -0.002 0"><span class='ocrx_word' id='word_1_1' title='bbox 114 277 181 339; x_wconf 62' lang='grc' dir='ltr'>ΗΠ</span> <span class='ocrx_word' id='word_1_2' title='bbox 576 275 723 334; x_wconf 76' lang='lat' dir='ltr'>APPEND·</span> <span class='ocrx_word' id='word_1_3' title='bbox 742 271 791 331; x_wconf 78' lang='lat' dir='ltr'>Ab</span> <span class='ocrx_word' id='word_1_4' title='bbox 808 272 889 332; x_wconf 75' lang='lat' dir='ltr'>SAEC.</span> <span class='ocrx_word' id='word_1_5' title='bbox 909 271 1203 332; x_wconf 76' lang='lat' dir='ltr'>1x.-ltictttlttts</span> <span class='ocrx_word' id='word_1_6' title='bbox 1219 272 1388 332; x_wconf 71' lang='lat' dir='ltr'>abortiret.</span> <span class='ocrx_word' id='word_1_7' title='bbox 1752 274 1815 337; x_wconf 66' lang='lat' dir='ltr'>iffi</span> 
     </span>
    </p>
   </div>
   <div class='ocr_carea' id='block_1_2' title="bbox 89 391 1825 4234">
    <p class='ocr_par' dir='ltr' id='par_1_2' title="bbox 89 391 1825 4234">
     <span class='ocr_line' id='line_1_2' title="bbox 113 391 1816 474; baseline -0.002 -13"><span class='ocrx_word' id='word_1_8' title='bbox 113 406 168 461; x_wconf 88' lang='lat' dir='ltr'>tem</span> <span class='ocrx_word' id='word_1_9' title='bbox 195 403 296 463; x_wconf 85' lang='lat' dir='ltr'>carolo</span> <span class='ocrx_word' id='word_1_10' title='bbox 324 401 501 473; x_wconf 86' lang='lat' dir='ltr'>imperatori.</span> <span class='ocrx_word' id='word_1_11' title='bbox 535 400 638 458; x_wconf 86' lang='lat' dir='ltr'>Eodem</span> <span class='ocrx_word' id='word_1_12' title='bbox 662 414 730 474; x_wconf 82' lang='lat' dir='ltr'>ergo</span> <span class='ocrx_word' id='word_1_13' title='bbox 758 413 833 457; x_wconf 91' lang='lat' dir='ltr'>anno</span> <span class='ocrx_word' id='word_1_14' title='bbox 858 391 1250 468; x_wconf 83' lang='lat' dir='ltr'>misttAamnembanubii,</span> <span class='ocrx_word' id='word_1_15' title='bbox 1266 399 1299 454; x_wconf 91' lang='lat' dir='ltr'>nt</span> <span class='ocrx_word' id='word_1_16' title='bbox 1309 398 1476 467; x_wconf 86' lang='lat' dir='ltr'>potestative</span> <span class='ocrx_word' id='word_1_17' title='bbox 1490 397 1632 470; x_wconf 87' lang='lat' dir='ltr'>populum</span> <span class='ocrx_word' id='word_1_18' title='bbox 1651 402 1816 471; x_wconf 81' lang='lat' dir='ltr'>regeretsna</span> 
     </span>
     <span class='ocr_line' id='line_1_3' title="bbox 112 485 1816 564; baseline -0.002 -11"><span class='ocrx_word' id='word_1_19' title='bbox 112 494 232 553; x_wconf 82' lang='lat' dir='ltr'>Carolus</span> <span class='ocrx_word' id='word_1_20' title='bbox 256 492 410 564; x_wconf 73' lang='lat' dir='ltr'><strong>pippinum</strong></span> <span class='ocrx_word' id='word_1_21' title='bbox 431 491 524 548; x_wconf 90' lang='lat' dir='ltr'>tilium</span> <span class='ocrx_word' id='word_1_22' title='bbox 544 503 627 548; x_wconf 91' lang='lat' dir='ltr'>suum</span> <span class='ocrx_word' id='word_1_23' title='bbox 653 490 683 547; x_wconf 94' lang='lat' dir='ltr'>in</span> <span class='ocrx_word' id='word_1_24' title='bbox 707 490 850 547; x_wconf 89' lang='lat' dir='ltr'>llnnniam</span> <span class='ocrx_word' id='word_1_25' title='bbox 873 502 938 546; x_wconf 92' lang='lat' dir='ltr'>cum</span> <span class='ocrx_word' id='word_1_26' title='bbox 995 485 1209 558; x_wconf 77' lang='lat' dir='ltr'>predicatione,</span> <span class='ocrx_word' id='word_1_27' title='bbox 1223 487 1424 560; x_wconf 85' lang='lat' dir='ltr'>etvvangelica</span> <span class='ocrx_word' id='word_1_28' title='bbox 1442 489 1816 550; x_wconf 83' lang='lat' dir='ltr'>doctrinadoceretservire</span> 
     </span>
     <span class='ocr_line' id='line_1_4' title="bbox 114 577 1058 651; baseline -0.012 -9"><span class='ocrx_word' id='word_1_29' title='bbox 114 583 244 642; x_wconf 83' lang='lat' dir='ltr'>exercitu</span> <span class='ocrx_word' id='word_1_30' title='bbox 260 581 364 640; x_wconf 83' lang='lat' dir='ltr'>multo.</span> <span class='ocrx_word' id='word_1_31' title='bbox 388 578 443 648; x_wconf 89' lang='lat' dir='ltr'>Qui</span> <span class='ocrx_word' id='word_1_32' title='bbox 459 579 626 651; x_wconf 79' lang='lat' dir='ltr'>perveniens</span> <span class='ocrx_word' id='word_1_33' title='bbox 641 580 778 651; x_wconf 89' lang='lat' dir='ltr'>usquead</span> <span class='ocrx_word' id='word_1_34' title='bbox 799 579 938 637; x_wconf 78' lang='lat' dir='ltr'>celebrem</span> <span class='ocrx_word' id='word_1_35' title='bbox 992 577 1058 633; x_wconf 86' lang='lat' dir='ltr'>Deo.</span> 
     </span>
     <span class='ocr_line' id='line_1_5' title="bbox 114 665 1816 742; baseline -0.002 -12"><span class='ocrx_word' id='word_1_36' title='bbox 114 686 213 731; x_wconf 90' lang='lat' dir='ltr'>eorum</span> <span class='ocrx_word' id='word_1_37' title='bbox 228 672 336 742; x_wconf 77' lang='lat' dir='ltr'>imum,</span> <span class='ocrx_word' id='word_1_38' title='bbox 351 669 401 741; x_wconf 91' lang='lat' dir='ltr'>qui</span> <span class='ocrx_word' id='word_1_39' title='bbox 416 669 527 727; x_wconf 86' lang='lat' dir='ltr'>dicitur</span> <span class='ocrx_word' id='word_1_40' title='bbox 540 667 644 739; x_wconf 83' lang='lat' dir='ltr'>ltineb,</span> <span class='ocrx_word' id='word_1_41' title='bbox 663 666 704 724; x_wconf 92' lang='lat' dir='ltr'>ibi</span> <span class='ocrx_word' id='word_1_42' title='bbox 722 668 825 726; x_wconf 90' lang='lat' dir='ltr'>iterum</span> <span class='ocrx_word' id='word_1_43' title='bbox 841 682 939 727; x_wconf 91' lang='lat' dir='ltr'>omnes</span> <span class='ocrx_word' id='word_1_44' title='bbox 1028 667 1181 735; x_wconf 89' lang='lat' dir='ltr'>Postquam</span> <span class='ocrx_word' id='word_1_45' title='bbox 1210 678 1277 739; x_wconf 82' lang='lat' dir='ltr'>ergo</span> <span class='ocrx_word' id='word_1_46' title='bbox 1301 665 1421 724; x_wconf 74' lang='lat' dir='ltr'>carolum</span> <span class='ocrx_word' id='word_1_47' title='bbox 1444 667 1612 740; x_wconf 89' lang='lat' dir='ltr'>imperator,</span> <span class='ocrx_word' id='word_1_48' title='bbox 1628 669 1745 726; x_wconf 81' lang='lat' dir='ltr'>Hunnis</span> <span class='ocrx_word' id='word_1_49' title='bbox 1763 671 1816 741; x_wconf 80' lang='lat' dir='ltr'>ele·</span> 
     </span>
     <span class='ocr_line' id='line_1_6' title="bbox 114 754 1815 833; baseline -0.002 -13"><span class='ocrx_word' id='word_1_50' title='bbox 114 761 371 833; x_wconf 88' lang='lat' dir='ltr'>eorumprincipes</span> <span class='ocrx_word' id='word_1_51' title='bbox 386 758 599 817; x_wconf 88' lang='lat' dir='ltr'>sededidernnt</span> <span class='ocrx_word' id='word_1_52' title='bbox 611 758 742 829; x_wconf 92' lang='lat' dir='ltr'>Pippino.</span> <span class='ocrx_word' id='word_1_53' title='bbox 755 759 810 829; x_wconf 88' lang='lat' dir='ltr'>Qui</span> <span class='ocrx_word' id='word_1_54' title='bbox 824 759 940 816; x_wconf 82' lang='lat' dir='ltr'>indere</span> <span class='ocrx_word' id='word_1_55' title='bbox 993 754 1059 826; x_wconf 90' lang='lat' dir='ltr'>ctis,</span> <span class='ocrx_word' id='word_1_56' title='bbox 1085 756 1267 826; x_wconf 78' lang='lat' dir='ltr'>episcopatus</span> <span class='ocrx_word' id='word_1_57' title='bbox 1293 757 1463 830; x_wconf 85' lang='lat' dir='ltr'>dignitatem</span> <span class='ocrx_word' id='word_1_58' title='bbox 1492 759 1665 815; x_wconf 86' lang='lat' dir='ltr'>iuvavensis</span> <span class='ocrx_word' id='word_1_59' title='bbox 1691 759 1815 818; x_wconf 72' lang='lat' dir='ltr'>Ecclesia</span> 
     </span>
     <span class='ocr_line' id='line_1_7' title="bbox 115 845 1815 924; baseline -0.001 -15"><span class='ocrx_word' id='word_1_60' title='bbox 115 859 238 924; x_wconf 89' lang='lat' dir='ltr'>vertens,</span> <span class='ocrx_word' id='word_1_61' title='bbox 254 854 361 923; x_wconf 89' lang='lat' dir='ltr'>partem</span> <span class='ocrx_word' id='word_1_62' title='bbox 382 848 535 906; x_wconf 86' lang='lat' dir='ltr'>Pannoniae</span> <span class='ocrx_word' id='word_1_63' title='bbox 548 849 626 906; x_wconf 87' lang='lat' dir='ltr'>circa</span> <span class='ocrx_word' id='word_1_64' title='bbox 639 848 733 906; x_wconf 92' lang='lat' dir='ltr'>locum</span> <span class='ocrx_word' id='word_1_65' title='bbox 758 849 876 906; x_wconf 86' lang='lat' dir='ltr'>Pelesse</span> <span class='ocrx_word' id='word_1_66' title='bbox 890 848 940 904; x_wconf 90' lang='lat' dir='ltr'>in·</span> <span class='ocrx_word' id='word_1_67' title='bbox 994 845 1097 904; x_wconf 78' lang='lat' dir='ltr'>rectori</span> <span class='ocrx_word' id='word_1_68' title='bbox 1109 847 1326 915; x_wconf 84' lang='lat' dir='ltr'>commendavit,</span> <span class='ocrx_word' id='word_1_69' title='bbox 1337 846 1446 904; x_wconf 79' lang='lat' dir='ltr'>brnoni</span> <span class='ocrx_word' id='word_1_70' title='bbox 1457 847 1593 905; x_wconf 80' lang='lat' dir='ltr'>videlicet</span> <span class='ocrx_word' id='word_1_71' title='bbox 1602 848 1815 922; x_wconf 90' lang='lat' dir='ltr'>archiepiscopo</span> 
     </span>
     <span class='ocr_line' id='line_1_8' title="bbox 114 936 1814 1012; baseline -0.003 -12"><span class='ocrx_word' id='word_1_72' title='bbox 114 942 242 1012; x_wconf 89' lang='lat' dir='ltr'>ferioris,</span> <span class='ocrx_word' id='word_1_73' title='bbox 257 939 523 1010; x_wconf 88' lang='lat' dir='ltr'>ultrafiuviumqni</span> <span class='ocrx_word' id='word_1_74' title='bbox 536 938 835 1011; x_wconf 82' lang='lat' dir='ltr'>diciturltnpa,etsic</span> <span class='ocrx_word' id='word_1_75' title='bbox 849 951 940 1010; x_wconf 87' lang='lat' dir='ltr'>usque</span> <span class='ocrx_word' id='word_1_76' title='bbox 994 939 1023 993; x_wconf 91' lang='lat' dir='ltr'>et</span> <span class='ocrx_word' id='word_1_77' title='bbox 1039 936 1102 993; x_wconf 92' lang='lat' dir='ltr'>suis</span> <span class='ocrx_word' id='word_1_78' title='bbox 1124 936 1340 995; x_wconf 90' lang='lat' dir='ltr'>successoribus</span> <span class='ocrx_word' id='word_1_79' title='bbox 1362 938 1478 994; x_wconf 88' lang='lat' dir='ltr'>tenendi</span> <span class='ocrx_word' id='word_1_80' title='bbox 1502 938 1716 1010; x_wconf 78' lang='lat' dir='ltr'>perpetualiter</span> <span class='ocrx_word' id='word_1_81' title='bbox 1739 946 1814 1012; x_wconf 87' lang='lat' dir='ltr'>atque</span> 
     </span>
     <span class='ocr_line' id='line_1_9' title="bbox 113 1025 1817 1104; baseline -0.002 -14"><span class='ocrx_word' id='word_1_82' title='bbox 113 1034 148 1090; x_wconf 92' lang='lat' dir='ltr'>ad</span> <span class='ocrx_word' id='word_1_83' title='bbox 174 1035 300 1089; x_wconf 83' lang='lat' dir='ltr'>brunum</span> <span class='ocrx_word' id='word_1_84' title='bbox 316 1029 376 1101; x_wconf 86' lang='lat' dir='ltr'>[at.,</span> <span class='ocrx_word' id='word_1_85' title='bbox 393 1027 527 1104; x_wconf 84' lang='lat' dir='ltr'>bravum]</span> <span class='ocrx_word' id='word_1_86' title='bbox 543 1029 673 1099; x_wconf 84' lang='lat' dir='ltr'>durium,</span> <span class='ocrx_word' id='word_1_87' title='bbox 687 1036 715 1087; x_wconf 90' lang='lat' dir='ltr'>et</span> <span class='ocrx_word' id='word_1_88' title='bbox 729 1043 762 1086; x_wconf 88' lang='lat' dir='ltr'>eo</span> <span class='ocrx_word' id='word_1_89' title='bbox 782 1043 873 1102; x_wconf 90' lang='lat' dir='ltr'>usqne</span> <span class='ocrx_word' id='word_1_90' title='bbox 888 1027 939 1086; x_wconf 93' lang='lat' dir='ltr'>ubi</span> <span class='ocrx_word' id='word_1_91' title='bbox 995 1025 1112 1098; x_wconf 88' lang='lat' dir='ltr'>regendi</span> <span class='ocrx_word' id='word_1_92' title='bbox 1127 1025 1304 1099; x_wconf 89' lang='lat' dir='ltr'>perdonavit,</span> <span class='ocrx_word' id='word_1_93' title='bbox 1321 1031 1469 1097; x_wconf 84' lang='lat' dir='ltr'>ceperunt</span> <span class='ocrx_word' id='word_1_94' title='bbox 1490 1027 1592 1099; x_wconf 92' lang='lat' dir='ltr'>populi</span> <span class='ocrx_word' id='word_1_95' title='bbox 1609 1027 1673 1085; x_wconf 90' lang='lat' dir='ltr'>sive</span> <span class='ocrx_word' id='word_1_96' title='bbox 1685 1029 1762 1085; x_wconf 88' lang='lat' dir='ltr'>Slavi</span> <span class='ocrx_word' id='word_1_97' title='bbox 1773 1045 1817 1088; x_wconf 90' lang='lat' dir='ltr'>sen</span> 
     </span>
     <span class='ocr_line' id='line_1_10' title="bbox 113 1114 1817 1189; baseline -0.002 -9"><span class='ocrx_word' id='word_1_98' title='bbox 113 1124 226 1180; x_wconf 85' lang='lat' dir='ltr'>Dranus</span> <span class='ocrx_word' id='word_1_99' title='bbox 238 1120 303 1177; x_wconf 90' lang='lat' dir='ltr'>finit</span> <span class='ocrx_word' id='word_1_100' title='bbox 318 1117 531 1189; x_wconf 83' lang='lat' dir='ltr'>inbanubium,</span> <span class='ocrx_word' id='word_1_101' title='bbox 546 1123 631 1188; x_wconf 92' lang='lat' dir='ltr'>prout</span> <span class='ocrx_word' id='word_1_102' title='bbox 647 1122 813 1189; x_wconf 88' lang='lat' dir='ltr'>potestatem</span> <span class='ocrx_word' id='word_1_103' title='bbox 827 1118 938 1186; x_wconf 92' lang='lat' dir='ltr'>habuit,</span> <span class='ocrx_word' id='word_1_104' title='bbox 995 1115 1102 1172; x_wconf 83' lang='lat' dir='ltr'>boiarii</span> <span class='ocrx_word' id='word_1_105' title='bbox 1128 1114 1308 1182; x_wconf 63' lang='lat' dir='ltr'>inhabitare,</span> <span class='ocrx_word' id='word_1_106' title='bbox 1319 1120 1434 1187; x_wconf 92' lang='lat' dir='ltr'>terram,</span> <span class='ocrx_word' id='word_1_107' title='bbox 1451 1118 1527 1174; x_wconf 91' lang='lat' dir='ltr'>unde</span> <span class='ocrx_word' id='word_1_108' title='bbox 1552 1116 1599 1173; x_wconf 89' lang='lat' dir='ltr'>illi</span> <span class='ocrx_word' id='word_1_109' title='bbox 1625 1117 1744 1189; x_wconf 82' lang='lat' dir='ltr'>expulsi</span> <span class='ocrx_word' id='word_1_110' title='bbox 1758 1125 1817 1176; x_wconf 89' lang='lat' dir='ltr'>sunt</span> 
     </span>
     <span class='ocr_line' id='line_1_11' title="bbox 113 1205 1817 1282; baseline -0.001 -15"><span class='ocrx_word' id='word_1_111' title='bbox 113 1208 335 1282; x_wconf 74' lang='lat' dir='ltr'>prenominavit</span> <span class='ocrx_word' id='word_1_112' title='bbox 355 1220 421 1263; x_wconf 87' lang='lat' dir='ltr'>enm</span> <span class='ocrx_word' id='word_1_113' title='bbox 442 1206 574 1263; x_wconf 91' lang='lat' dir='ltr'>doctrina</span> <span class='ocrx_word' id='word_1_114' title='bbox 589 1211 616 1262; x_wconf 89' lang='lat' dir='ltr'>et</span> <span class='ocrx_word' id='word_1_115' title='bbox 636 1206 831 1265; x_wconf 88' lang='lat' dir='ltr'>ecclesiastico</span> <span class='ocrx_word' id='word_1_116' title='bbox 846 1206 939 1264; x_wconf 83' lang='lat' dir='ltr'>officio</span> <span class='ocrx_word' id='word_1_117' title='bbox 993 1205 1101 1276; x_wconf 88' lang='lat' dir='ltr'>Hunni,</span> <span class='ocrx_word' id='word_1_118' title='bbox 1117 1209 1146 1262; x_wconf 91' lang='lat' dir='ltr'>et</span> <span class='ocrx_word' id='word_1_119' title='bbox 1164 1205 1366 1277; x_wconf 88' lang='lat' dir='ltr'>multiplicari.</span> <span class='ocrx_word' id='word_1_120' title='bbox 1383 1207 1461 1264; x_wconf 86' lang='lat' dir='ltr'>Tunc</span> <span class='ocrx_word' id='word_1_121' title='bbox 1476 1208 1590 1278; x_wconf 89' lang='lat' dir='ltr'>primus</span> <span class='ocrx_word' id='word_1_122' title='bbox 1601 1206 1639 1264; x_wconf 88' lang='lat' dir='ltr'>ab</span> <span class='ocrx_word' id='word_1_123' title='bbox 1653 1208 1817 1279; x_wconf 86' lang='lat' dir='ltr'>imperatore</span> 
     </span>
     <span class='ocr_line' id='line_1_12' title="bbox 114 1296 1817 1371; baseline -0.001 -14"><span class='ocrx_word' id='word_1_124' title='bbox 114 1311 267 1371; x_wconf 88' lang='lat' dir='ltr'>procurare</span> <span class='ocrx_word' id='word_1_125' title='bbox 277 1297 413 1369; x_wconf 91' lang='lat' dir='ltr'>populum</span> <span class='ocrx_word' id='word_1_126' title='bbox 428 1298 478 1370; x_wconf 90' lang='lat' dir='ltr'>qui</span> <span class='ocrx_word' id='word_1_127' title='bbox 492 1296 630 1354; x_wconf 81' lang='lat' dir='ltr'>remansit</span> <span class='ocrx_word' id='word_1_128' title='bbox 641 1297 677 1354; x_wconf 91' lang='lat' dir='ltr'>de</span> <span class='ocrx_word' id='word_1_129' title='bbox 686 1298 799 1354; x_wconf 85' lang='lat' dir='ltr'>Hunnis</span> <span class='ocrx_word' id='word_1_130' title='bbox 810 1302 839 1356; x_wconf 88' lang='lat' dir='ltr'>et</span> <span class='ocrx_word' id='word_1_131' title='bbox 847 1298 940 1356; x_wconf 85' lang='lat' dir='ltr'>slavis</span> <span class='ocrx_word' id='word_1_132' title='bbox 994 1296 1170 1353; x_wconf 89' lang='lat' dir='ltr'>constitutus</span> <span class='ocrx_word' id='word_1_133' title='bbox 1184 1300 1228 1354; x_wconf 91' lang='lat' dir='ltr'>est</span> <span class='ocrx_word' id='word_1_134' title='bbox 1239 1297 1358 1354; x_wconf 80' lang='lat' dir='ltr'>confinii</span> <span class='ocrx_word' id='word_1_135' title='bbox 1373 1311 1467 1355; x_wconf 85' lang='lat' dir='ltr'>comes</span> <span class='ocrx_word' id='word_1_136' title='bbox 1479 1296 1699 1369; x_wconf 84' lang='lat' dir='ltr'>Gunterannus,</span> <span class='ocrx_word' id='word_1_137' title='bbox 1721 1312 1817 1356; x_wconf 77' lang='lat' dir='ltr'>secun</span> 
     </span>
     <span class='ocr_line' id='line_1_13' title="bbox 113 1386 1820 1462; baseline 0.002 -16"><span class='ocrx_word' id='word_1_138' title='bbox 113 1389 143 1446; x_wconf 95' lang='lat' dir='ltr'>in</span> <span class='ocrx_word' id='word_1_139' title='bbox 153 1387 471 1459; x_wconf 85' lang='lat' dir='ltr'>iilispartibushrnoni</span> <span class='ocrx_word' id='word_1_140' title='bbox 481 1386 682 1446; x_wconf 77' lang='lat' dir='ltr'>lovanensium</span> <span class='ocrx_word' id='word_1_141' title='bbox 692 1388 837 1461; x_wconf 91' lang='lat' dir='ltr'>episcopo,</span> <span class='ocrx_word' id='word_1_142' title='bbox 847 1402 940 1462; x_wconf 90' lang='lat' dir='ltr'>usquc</span> <span class='ocrx_word' id='word_1_143' title='bbox 994 1387 1050 1444; x_wconf 90' lang='lat' dir='ltr'>dus</span> <span class='ocrx_word' id='word_1_144' title='bbox 1061 1387 1279 1454; x_wconf 85' lang='lat' dir='ltr'>werenharius,</span> <span class='ocrx_word' id='word_1_145' title='bbox 1294 1393 1398 1446; x_wconf 79' lang='lat' dir='ltr'>tertius</span> <span class='ocrx_word' id='word_1_146' title='bbox 1408 1389 1554 1461; x_wconf 75' lang='lat' dir='ltr'>albricus,</span> <span class='ocrx_word' id='word_1_147' title='bbox 1569 1390 1820 1462; x_wconf 88' lang='lat' dir='ltr'>quartusGotefri·</span> 
     </span>
     <span class='ocr_line' id='line_1_14' title="bbox 112 1476 1818 1551; baseline 0.002 -15"><span class='ocrx_word' id='word_1_148' title='bbox 112 1479 147 1536; x_wconf 90' lang='lat' dir='ltr'>ad</span> <span class='ocrx_word' id='word_1_149' title='bbox 170 1477 351 1550; x_wconf 73' lang='lat' dir='ltr'>presentiam</span> <span class='ocrx_word' id='word_1_150' title='bbox 380 1477 521 1550; x_wconf 84' lang='lat' dir='ltr'>genitoris</span> <span class='ocrx_word' id='word_1_151' title='bbox 547 1478 593 1535; x_wconf 91' lang='lat' dir='ltr'>sui</span> <span class='ocrx_word' id='word_1_152' title='bbox 622 1478 717 1535; x_wconf 84' lang='lat' dir='ltr'>Caroli</span> <span class='ocrx_word' id='word_1_153' title='bbox 744 1478 936 1550; x_wconf 89' lang='lat' dir='ltr'>imperatoris.</span> <span class='ocrx_word' id='word_1_154' title='bbox 994 1476 1367 1549; x_wconf 87' lang='lat' dir='ltr'>dns,quintus&#39;Geroldus.</span> <span class='ocrx_word' id='word_1_155' title='bbox 1392 1479 1589 1537; x_wconf 90' lang='lat' dir='ltr'>interimvero</span> <span class='ocrx_word' id='word_1_156' title='bbox 1607 1482 1679 1538; x_wconf 91' lang='lat' dir='ltr'>dum</span> <span class='ocrx_word' id='word_1_157' title='bbox 1697 1483 1818 1551; x_wconf 83' lang='lat' dir='ltr'>predicti</span> 
     </span>
     <span class='ocr_line' id='line_1_15' title="bbox 112 1563 1819 1643; baseline 0.003 -20"><span class='ocrx_word' id='word_1_158' title='bbox 112 1567 294 1624; x_wconf 85' lang='lat' dir='ltr'>Postmodum</span> <span class='ocrx_word' id='word_1_159' title='bbox 319 1580 397 1639; x_wconf 88' lang='lat' dir='ltr'>ergo,</span> <span class='ocrx_word' id='word_1_160' title='bbox 433 1579 508 1624; x_wconf 90' lang='lat' dir='ltr'>anno</span> <span class='ocrx_word' id='word_1_161' title='bbox 539 1563 605 1639; x_wconf 74' lang='lat'>803,</span> <span class='ocrx_word' id='word_1_162' title='bbox 632 1568 752 1625; x_wconf 85' lang='lat' dir='ltr'>carolus</span> <span class='ocrx_word' id='word_1_163' title='bbox 784 1569 940 1639; x_wconf 88' lang='lat' dir='ltr'>imperator</span> <span class='ocrx_word' id='word_1_164' title='bbox 996 1567 1115 1624; x_wconf 90' lang='lat' dir='ltr'>comites</span> <span class='ocrx_word' id='word_1_165' title='bbox 1127 1568 1294 1625; x_wconf 89' lang='lat' dir='ltr'>orientalem</span> <span class='ocrx_word' id='word_1_166' title='bbox 1311 1569 1503 1638; x_wconf 90' lang='lat' dir='ltr'>procurabant</span> <span class='ocrx_word' id='word_1_167' title='bbox 1515 1569 1641 1643; x_wconf 86' lang='lat' dir='ltr'>plagam,</span> <span class='ocrx_word' id='word_1_168' title='bbox 1660 1570 1754 1643; x_wconf 92' lang='lat' dir='ltr'>aliqui</span> <span class='ocrx_word' id='word_1_169' title='bbox 1766 1573 1819 1629; x_wconf 92' lang='lat' dir='ltr'>du-</span> 
     </span>
     <span class='ocr_line' id='line_1_16' title="bbox 114 1657 1818 1731; baseline 0.002 -16"><span class='ocrx_word' id='word_1_170' title='bbox 114 1657 256 1715; x_wconf 86' lang='lat' dir='ltr'>lioiariam</span> <span class='ocrx_word' id='word_1_171' title='bbox 275 1657 405 1727; x_wconf 89' lang='lat' dir='ltr'>intravit,</span> <span class='ocrx_word' id='word_1_172' title='bbox 416 1661 445 1715; x_wconf 90' lang='lat' dir='ltr'>et</span> <span class='ocrx_word' id='word_1_173' title='bbox 460 1657 490 1714; x_wconf 95' lang='lat' dir='ltr'>in</span> <span class='ocrx_word' id='word_1_174' title='bbox 510 1657 731 1715; x_wconf 89' lang='lat' dir='ltr'>menseOctobri</span> <span class='ocrx_word' id='word_1_175' title='bbox 746 1658 941 1731; x_wconf 85' lang='lat' dir='ltr'>salzpurgen-</span> <span class='ocrx_word' id='word_1_176' title='bbox 996 1669 1043 1713; x_wconf 94' lang='lat' dir='ltr'>ces</span> <span class='ocrx_word' id='word_1_177' title='bbox 1053 1657 1256 1715; x_wconf 88' lang='lat' dir='ltr'>habitaverein</span> <span class='ocrx_word' id='word_1_178' title='bbox 1269 1657 1330 1715; x_wconf 91' lang='lat' dir='ltr'>illis</span> <span class='ocrx_word' id='word_1_179' title='bbox 1344 1658 1474 1728; x_wconf 88' lang='lat' dir='ltr'>partibus</span> <span class='ocrx_word' id='word_1_180' title='bbox 1488 1660 1523 1715; x_wconf 92' lang='lat' dir='ltr'>ad</span> <span class='ocrx_word' id='word_1_181' title='bbox 1534 1661 1594 1730; x_wconf 82' lang='lat' dir='ltr'>jam</span> <span class='ocrx_word' id='word_1_182' title='bbox 1607 1660 1719 1716; x_wconf 87' lang='lat' dir='ltr'>dictam</span> <span class='ocrx_word' id='word_1_183' title='bbox 1734 1662 1818 1718; x_wconf 89' lang='lat' dir='ltr'>sedem</span> 
     </span>
     <span class='ocr_line' id='line_1_17' title="bbox 116 1727 1820 1821; baseline 0.002 -16"><span class='ocrx_word' id='word_1_184' title='bbox 116 1762 185 1821; x_wconf 71' lang='lat' dir='ltr'>em,</span> <span class='ocrx_word' id='word_1_185' title='bbox 210 1751 238 1804; x_wconf 89' lang='lat' dir='ltr'>et</span> <span class='ocrx_word' id='word_1_186' title='bbox 259 1745 405 1818; x_wconf 89' lang='lat' dir='ltr'>prefatam</span> <span class='ocrx_word' id='word_1_187' title='bbox 431 1747 643 1805; x_wconf 88' lang='lat' dir='ltr'>concessionem</span> <span class='ocrx_word' id='word_1_188' title='bbox 670 1747 725 1804; x_wconf 90' lang='lat' dir='ltr'>tilii</span> <span class='ocrx_word' id='word_1_189' title='bbox 741 1746 788 1805; x_wconf 92' lang='lat' dir='ltr'>sui</span> <span class='ocrx_word' id='word_1_190' title='bbox 808 1761 938 1817; x_wconf 91' lang='lat' dir='ltr'>cernens,</span> <span class='ocrx_word' id='word_1_191' title='bbox 954 1727 981 1791; x_wconf 82' lang='grc' dir='ltr'>Β</span> <span class='ocrx_word' id='word_1_192' title='bbox 997 1746 1219 1819; x_wconf 88' lang='lat' dir='ltr'>pertinentibus.</span> <span class='ocrx_word' id='word_1_193' title='bbox 1236 1748 1291 1819; x_wconf 85' lang='lat' dir='ltr'>Qui</span> <span class='ocrx_word' id='word_1_194' title='bbox 1307 1748 1464 1806; x_wconf 89' lang='lat' dir='ltr'>comitibus</span> <span class='ocrx_word' id='word_1_195' title='bbox 1476 1749 1607 1820; x_wconf 88' lang='lat' dir='ltr'>prefatis</span> <span class='ocrx_word' id='word_1_196' title='bbox 1616 1750 1733 1808; x_wconf 89' lang='lat' dir='ltr'>subditi</span> <span class='ocrx_word' id='word_1_197' title='bbox 1748 1750 1820 1808; x_wconf 88' lang='lat' dir='ltr'>fuere</span> 
     </span>
     <span class='ocr_line' id='line_1_18' title="bbox 114 1835 1818 1913; baseline 0.001 -18"><span class='ocrx_word' id='word_1_198' title='bbox 114 1837 282 1909; x_wconf 87' lang='lat' dir='ltr'>potestative</span> <span class='ocrx_word' id='word_1_199' title='bbox 294 1835 395 1893; x_wconf 90' lang='lat' dir='ltr'>multis</span> <span class='ocrx_word' id='word_1_200' title='bbox 407 1835 570 1895; x_wconf 91' lang='lat' dir='ltr'>astantibus</span> <span class='ocrx_word' id='word_1_201' title='bbox 579 1836 942 1897; x_wconf 82' lang='lat' dir='ltr'>noctibussnisconirma·</span> <span class='ocrx_word' id='word_1_202' title='bbox 995 1837 1031 1894; x_wconf 94' lang='lat' dir='ltr'>ad</span> <span class='ocrx_word' id='word_1_203' title='bbox 1056 1837 1208 1894; x_wconf 90' lang='lat' dir='ltr'>servitium</span> <span class='ocrx_word' id='word_1_204' title='bbox 1234 1837 1425 1908; x_wconf 90' lang='lat' dir='ltr'>imperatoris.</span> <span class='ocrx_word' id='word_1_205' title='bbox 1450 1838 1580 1909; x_wconf 88' lang='lat' dir='ltr'>Quorum</span> <span class='ocrx_word' id='word_1_206' title='bbox 1605 1841 1727 1897; x_wconf 92' lang='lat' dir='ltr'>uomina</span> <span class='ocrx_word' id='word_1_207' title='bbox 1747 1847 1818 1913; x_wconf 89' lang='lat' dir='ltr'>sunt,</span> 
     </span>
     <span class='ocr_line' id='line_1_19' title="bbox 111 1925 1818 2002; baseline 0.002 -18"><span class='ocrx_word' id='word_1_208' title='bbox 111 1928 163 1997; x_wconf 90' lang='lat' dir='ltr'>vit,</span> <span class='ocrx_word' id='word_1_209' title='bbox 180 1931 208 1985; x_wconf 91' lang='lat' dir='ltr'>et</span> <span class='ocrx_word' id='word_1_210' title='bbox 218 1926 415 1984; x_wconf 88' lang='lat' dir='ltr'>inconvulsam</span> <span class='ocrx_word' id='word_1_211' title='bbox 427 1926 489 1983; x_wconf 89' lang='lat' dir='ltr'>fieri</span> <span class='ocrx_word' id='word_1_212' title='bbox 502 1926 653 1984; x_wconf 84' lang='lat' dir='ltr'>concessit</span> <span class='ocrx_word' id='word_1_213' title='bbox 996 1925 1221 1999; x_wconf 85' lang='lat' dir='ltr'>Prinnihlavvga,</span> <span class='ocrx_word' id='word_1_214' title='bbox 1238 1927 1379 1999; x_wconf 81' lang='lat' dir='ltr'>ceincias,</span> <span class='ocrx_word' id='word_1_215' title='bbox 1394 1929 1542 2001; x_wconf 85' lang='lat' dir='ltr'>llroymar,</span> <span class='ocrx_word' id='word_1_216' title='bbox 1564 1929 1665 2002; x_wconf 81' lang='lat' dir='ltr'>lltgar.</span> <span class='ocrx_word' id='word_1_217' title='bbox 1679 1930 1747 1988; x_wconf 89' lang='lat' dir='ltr'>Post</span> <span class='ocrx_word' id='word_1_218' title='bbox 1758 1930 1818 1988; x_wconf 91' lang='lat' dir='ltr'>iilos</span> 
     </span>
     <span class='ocr_line' id='line_1_20' title="bbox 146 2010 1818 2091; baseline 0.002 -17"><span class='ocrx_word' id='word_1_219' title='bbox 146 2010 254 2076; x_wconf 89' lang='lat' dir='ltr'>lterum</span> <span class='ocrx_word' id='word_1_220' title='bbox 269 2016 403 2090; x_wconf 86' lang='lat' dir='ltr'>contigit,</span> <span class='ocrx_word' id='word_1_221' title='bbox 416 2030 491 2074; x_wconf 92' lang='lat' dir='ltr'>anno</span> <span class='ocrx_word' id='word_1_222' title='bbox 505 2016 676 2075; x_wconf 83' lang='lat' dir='ltr'>Natiuitatis</span> <span class='ocrx_word' id='word_1_223' title='bbox 687 2017 803 2076; x_wconf 89' lang='lat' dir='ltr'>Domini</span> <span class='ocrx_word' id='word_1_224' title='bbox 812 2015 876 2091; x_wconf 80' lang='lat'>798,</span> <span class='ocrx_word' id='word_1_225' title='bbox 890 2019 940 2078; x_wconf 78' lang='lat' dir='ltr'>hr-</span> <span class='ocrx_word' id='word_1_226' title='bbox 995 2030 1061 2074; x_wconf 89' lang='lat' dir='ltr'>vero</span> <span class='ocrx_word' id='word_1_227' title='bbox 1073 2016 1162 2075; x_wconf 89' lang='lat' dir='ltr'>duces</span> <span class='ocrx_word' id='word_1_228' title='bbox 1175 2016 1282 2074; x_wconf 81' lang='lat' dir='ltr'>boiarii</span> <span class='ocrx_word' id='word_1_229' title='bbox 1295 2023 1445 2089; x_wconf 87' lang='lat' dir='ltr'>ceperunt</span> <span class='ocrx_word' id='word_1_230' title='bbox 1457 2018 1626 2089; x_wconf 84' lang='lat' dir='ltr'>predictam</span> <span class='ocrx_word' id='word_1_231' title='bbox 1640 2022 1747 2077; x_wconf 87' lang='lat' dir='ltr'>terram</span> <span class='ocrx_word' id='word_1_232' title='bbox 1759 2021 1818 2077; x_wconf 89' lang='lat' dir='ltr'>dato</span> 
     </span>
     <span class='ocr_line' id='line_1_21' title="bbox 89 2105 1819 2184; baseline 0.002 -21"><span class='ocrx_word' id='word_1_233' title='bbox 89 2160 94 2164; x_wconf 88' lang='lat'>.</span> <span class='ocrx_word' id='word_1_234' title='bbox 113 2120 215 2165; x_wconf 90' lang='lat' dir='ltr'>nonem</span> <span class='ocrx_word' id='word_1_235' title='bbox 229 2106 501 2178; x_wconf 78' lang='lat' dir='ltr'>lamepiscopum,a</span> <span class='ocrx_word' id='word_1_236' title='bbox 519 2107 609 2164; x_wconf 83' lang='lat' dir='ltr'>leone</span> <span class='ocrx_word' id='word_1_237' title='bbox 622 2121 694 2179; x_wconf 90' lang='lat' dir='ltr'>papa</span> <span class='ocrx_word' id='word_1_238' title='bbox 709 2112 824 2180; x_wconf 89' lang='lat' dir='ltr'>accepto</span> <span class='ocrx_word' id='word_1_239' title='bbox 838 2108 937 2183; x_wconf 88' lang='lat' dir='ltr'>pallio,</span> <span class='ocrx_word' id='word_1_240' title='bbox 994 2119 1093 2178; x_wconf 86' lang='lat' dir='ltr'>regum</span> <span class='ocrx_word' id='word_1_241' title='bbox 1108 2105 1212 2162; x_wconf 90' lang='lat' dir='ltr'>habere</span> <span class='ocrx_word' id='word_1_242' title='bbox 1238 2106 1269 2163; x_wconf 93' lang='lat' dir='ltr'>in</span> <span class='ocrx_word' id='word_1_243' title='bbox 1290 2107 1468 2179; x_wconf 75' lang='lat' dir='ltr'>contimtum,</span> <span class='ocrx_word' id='word_1_244' title='bbox 1493 2107 1692 2178; x_wconf 82' lang='lat' dir='ltr'>liebrininns,</span> <span class='ocrx_word' id='word_1_245' title='bbox 1718 2110 1819 2184; x_wconf 79' lang='lat' dir='ltr'>Alhga-</span> 
     </span>
     <span class='ocr_line' id='line_1_22' title="bbox 113 2195 1819 2272; baseline 0.002 -17"><span class='ocrx_word' id='word_1_246' title='bbox 113 2195 263 2255; x_wconf 89' lang='lat' dir='ltr'>remeando</span> <span class='ocrx_word' id='word_1_247' title='bbox 278 2195 313 2253; x_wconf 93' lang='lat' dir='ltr'>de</span> <span class='ocrx_word' id='word_1_248' title='bbox 325 2196 537 2253; x_wconf 88' lang='lat' dir='ltr'>ltomavenisse</span> <span class='ocrx_word' id='word_1_249' title='bbox 552 2195 629 2254; x_wconf 89' lang='lat' dir='ltr'>ultra</span> <span class='ocrx_word' id='word_1_250' title='bbox 648 2196 766 2269; x_wconf 85' lang='lat' dir='ltr'>Padum,</span> <span class='ocrx_word' id='word_1_251' title='bbox 785 2198 871 2270; x_wconf 89' lang='lat' dir='ltr'>eique</span> <span class='ocrx_word' id='word_1_252' title='bbox 884 2197 941 2256; x_wconf 93' lang='lat' dir='ltr'>ob-</span> <span class='ocrx_word' id='word_1_253' title='bbox 994 2196 1057 2253; x_wconf 89' lang='lat' dir='ltr'>rius</span> <span class='ocrx_word' id='word_1_254' title='bbox 1084 2199 1113 2252; x_wconf 89' lang='lat' dir='ltr'>et</span> <span class='ocrx_word' id='word_1_255' title='bbox 1134 2196 1223 2264; x_wconf 90' lang='lat' dir='ltr'>Pallo,</span> <span class='ocrx_word' id='word_1_256' title='bbox 1238 2197 1289 2253; x_wconf 90' lang='lat' dir='ltr'>ilis</span> <span class='ocrx_word' id='word_1_257' title='bbox 1304 2197 1345 2254; x_wconf 86' lang='lat' dir='ltr'>ita</span> <span class='ocrx_word' id='word_1_258' title='bbox 1368 2197 1502 2268; x_wconf 79' lang='lat' dir='ltr'>peractis,</span> <span class='ocrx_word' id='word_1_259' title='bbox 1524 2196 1679 2256; x_wconf 86' lang='lat' dir='ltr'>llatbodus</span> <span class='ocrx_word' id='word_1_260' title='bbox 1699 2201 1819 2272; x_wconf 87' lang='lat' dir='ltr'>suscepit</span> 
     </span>
     <span class='ocr_line' id='line_1_23' title="bbox 112 2285 1819 2362; baseline 0.002 -19"><span class='ocrx_word' id='word_1_261' title='bbox 112 2287 206 2344; x_wconf 90' lang='lat' dir='ltr'>viasse</span> <span class='ocrx_word' id='word_1_262' title='bbox 218 2285 339 2343; x_wconf 90' lang='lat' dir='ltr'>missum</span> <span class='ocrx_word' id='word_1_263' title='bbox 350 2285 445 2343; x_wconf 65' lang='lat' dir='ltr'>meoli</span> <span class='ocrx_word' id='word_1_264' title='bbox 456 2299 521 2342; x_wconf 86' lang='lat' dir='ltr'>curn</span> <span class='ocrx_word' id='word_1_265' title='bbox 532 2285 654 2355; x_wconf 89' lang='lat' dir='ltr'>epistola</span> <span class='ocrx_word' id='word_1_266' title='bbox 664 2300 726 2359; x_wconf 89' lang='lat' dir='ltr'>sua,</span> <span class='ocrx_word' id='word_1_267' title='bbox 741 2287 880 2344; x_wconf 87' lang='lat' dir='ltr'>mandans</span> <span class='ocrx_word' id='word_1_268' title='bbox 892 2287 938 2345; x_wconf 93' lang='lat' dir='ltr'>illi</span> <span class='ocrx_word' id='word_1_269' title='bbox 993 2285 1187 2344; x_wconf 80' lang='lat' dir='ltr'>defensionem</span> <span class='ocrx_word' id='word_1_270' title='bbox 1202 2286 1330 2359; x_wconf 88' lang='lat' dir='ltr'>termini,</span> <span class='ocrx_word' id='word_1_271' title='bbox 1343 2286 1372 2342; x_wconf 93' lang='lat' dir='ltr'>in</span> <span class='ocrx_word' id='word_1_272' title='bbox 1385 2287 1469 2357; x_wconf 78' lang='lat' dir='ltr'>culus</span> <span class='ocrx_word' id='word_1_273' title='bbox 1483 2288 1579 2358; x_wconf 88' lang='lat' dir='ltr'>spatio</span> <span class='ocrx_word' id='word_1_274' title='bbox 1594 2290 1737 2361; x_wconf 90' lang='lat' dir='ltr'>temporis</span> <span class='ocrx_word' id='word_1_275' title='bbox 1756 2290 1819 2362; x_wconf 90' lang='lat' dir='ltr'>qui-</span> 
     </span>
     <span class='ocr_line' id='line_1_24' title="bbox 115 2374 1817 2449; baseline 0.002 -16"><span class='ocrx_word' id='word_1_276' title='bbox 115 2377 171 2448; x_wconf 92' lang='lat' dir='ltr'>ipsi</span> <span class='ocrx_word' id='word_1_277' title='bbox 184 2377 288 2433; x_wconf 87' lang='lat' dir='ltr'>itinere</span> <span class='ocrx_word' id='word_1_278' title='bbox 298 2376 328 2431; x_wconf 90' lang='lat' dir='ltr'>in</span> <span class='ocrx_word' id='word_1_279' title='bbox 344 2381 440 2446; x_wconf 86' lang='lat' dir='ltr'>partes</span> <span class='ocrx_word' id='word_1_280' title='bbox 453 2374 601 2432; x_wconf 90' lang='lat' dir='ltr'>slavorum</span> <span class='ocrx_word' id='word_1_281' title='bbox 617 2376 669 2446; x_wconf 92' lang='lat' dir='ltr'>ire,</span> <span class='ocrx_word' id='word_1_282' title='bbox 685 2381 714 2433; x_wconf 93' lang='lat' dir='ltr'>et</span> <span class='ocrx_word' id='word_1_283' title='bbox 725 2378 876 2449; x_wconf 84' lang='lat' dir='ltr'>exquirere</span> <span class='ocrx_word' id='word_1_284' title='bbox 885 2392 940 2436; x_wconf 85' lang='lat' dir='ltr'>ro-</span> <span class='ocrx_word' id='word_1_285' title='bbox 993 2378 1057 2435; x_wconf 91' lang='lat' dir='ltr'>dam</span> <span class='ocrx_word' id='word_1_286' title='bbox 1068 2376 1374 2448; x_wconf 83' lang='lat' dir='ltr'>Prinnina,exsulatns</span> <span class='ocrx_word' id='word_1_287' title='bbox 1384 2378 1637 2449; x_wconf 83' lang='lat' dir='ltr'>ailoymaroduce</span> <span class='ocrx_word' id='word_1_288' title='bbox 1647 2381 1817 2438; x_wconf 87' lang='lat' dir='ltr'>bloravormn</span> 
     </span>
     <span class='ocr_line' id='line_1_25' title="bbox 110 2465 1819 2541; baseline 0.002 -18"><span class='ocrx_word' id='word_1_289' title='bbox 110 2465 862 2536; x_wconf 74' lang='lat' dir='ltr'>lunarempopuliilliusetpraedicsreibiverbum</span> <span class='ocrx_word' id='word_1_290' title='bbox 874 2468 937 2528; x_wconf 73' lang='lat' dir='ltr'>Dei.</span> <span class='ocrx_word' id='word_1_291' title='bbox 995 2481 1081 2538; x_wconf 91' lang='lat' dir='ltr'>supra</span> <span class='ocrx_word' id='word_1_292' title='bbox 1103 2466 1277 2537; x_wconf 86' lang='lat' dir='ltr'>Danubium,</span> <span class='ocrx_word' id='word_1_293' title='bbox 1305 2468 1384 2524; x_wconf 88' lang='lat' dir='ltr'>venit</span> <span class='ocrx_word' id='word_1_294' title='bbox 1404 2466 1439 2523; x_wconf 91' lang='lat' dir='ltr'>ad</span> <span class='ocrx_word' id='word_1_295' title='bbox 1463 2467 1638 2526; x_wconf 84' lang='lat' dir='ltr'>ltatbodum.</span> <span class='ocrx_word' id='word_1_296' title='bbox 1656 2470 1713 2541; x_wconf 88' lang='lat' dir='ltr'>Qui</span> <span class='ocrx_word' id='word_1_297' title='bbox 1728 2471 1819 2528; x_wconf 88' lang='lat' dir='ltr'>statim</span> 
     </span>
     <span class='ocr_line' id='line_1_26' title="bbox 116 2553 1820 2631; baseline 0.004 -19"><span class='ocrx_word' id='word_1_298' title='bbox 116 2557 168 2612; x_wconf 88' lang='lat' dir='ltr'>Sed</span> <span class='ocrx_word' id='word_1_299' title='bbox 183 2557 251 2627; x_wconf 91' lang='lat' dir='ltr'>qnia</span> <span class='ocrx_word' id='word_1_300' title='bbox 264 2555 318 2611; x_wconf 93' lang='lat' dir='ltr'>hoc</span> <span class='ocrx_word' id='word_1_301' title='bbox 331 2553 422 2613; x_wconf 88' lang='lat' dir='ltr'>facere</span> <span class='ocrx_word' id='word_1_302' title='bbox 438 2555 585 2628; x_wconf 86' lang='lat' dir='ltr'>nequibat,</span> <span class='ocrx_word' id='word_1_303' title='bbox 601 2560 753 2627; x_wconf 89' lang='lat' dir='ltr'>antequam</span> <span class='ocrx_word' id='word_1_304' title='bbox 770 2571 938 2629; x_wconf 87' lang='lat' dir='ltr'>responsum</span> <span class='ocrx_word' id='word_1_305' title='bbox 996 2556 1178 2628; x_wconf 74' lang='lat' dir='ltr'>presentavit</span> <span class='ocrx_word' id='word_1_306' title='bbox 1188 2555 1271 2613; x_wconf 85' lang='lat' dir='ltr'>illurn</span> <span class='ocrx_word' id='word_1_307' title='bbox 1293 2555 1410 2614; x_wconf 91' lang='lat' dir='ltr'>domino</span> <span class='ocrx_word' id='word_1_308' title='bbox 1426 2557 1485 2630; x_wconf 86' lang='lat' dir='ltr'>regi</span> <span class='ocrx_word' id='word_1_309' title='bbox 1505 2562 1608 2616; x_wconf 92' lang='lat' dir='ltr'>nostro</span> <span class='ocrx_word' id='word_1_310' title='bbox 1627 2560 1820 2631; x_wconf 86' lang='lat' dir='ltr'>Lndovioo,et</span> 
     </span>
     <span class='ocr_line' id='line_1_27' title="bbox 115 2644 1820 2718; baseline 0.002 -15"><span class='ocrx_word' id='word_1_311' title='bbox 115 2645 233 2703; x_wconf 84' lang='lat' dir='ltr'>referret</span> <span class='ocrx_word' id='word_1_312' title='bbox 247 2658 307 2702; x_wconf 84' lang='lat' dir='ltr'>sue</span> <span class='ocrx_word' id='word_1_313' title='bbox 320 2645 484 2718; x_wconf 83' lang='lat' dir='ltr'>legationis,</span> <span class='ocrx_word' id='word_1_314' title='bbox 501 2644 604 2702; x_wconf 79' lang='lat' dir='ltr'>festine</span> <span class='ocrx_word' id='word_1_315' title='bbox 618 2646 741 2716; x_wconf 86' lang='lat' dir='ltr'>perrexit</span> <span class='ocrx_word' id='word_1_316' title='bbox 756 2647 790 2703; x_wconf 93' lang='lat' dir='ltr'>ad</span> <span class='ocrx_word' id='word_1_317' title='bbox 813 2647 941 2718; x_wconf 88' lang='lat' dir='ltr'>impera·</span> <span class='ocrx_word' id='word_1_318' title='bbox 996 2660 1048 2703; x_wconf 92' lang='lat' dir='ltr'>suo</span> <span class='ocrx_word' id='word_1_319' title='bbox 1056 2648 1141 2716; x_wconf 85' lang='lat' dir='ltr'>jussu</span> <span class='ocrx_word' id='word_1_320' title='bbox 1154 2646 1209 2702; x_wconf 88' lang='lat' dir='ltr'>fide</span> <span class='ocrx_word' id='word_1_321' title='bbox 1228 2647 1388 2703; x_wconf 86' lang='lat' dir='ltr'>instructus</span> <span class='ocrx_word' id='word_1_322' title='bbox 1413 2646 1578 2718; x_wconf 85' lang='lat' dir='ltr'>baptizatus</span> <span class='ocrx_word' id='word_1_323' title='bbox 1588 2654 1638 2706; x_wconf 92' lang='lat' dir='ltr'>est</span> <span class='ocrx_word' id='word_1_324' title='bbox 1653 2649 1683 2706; x_wconf 93' lang='lat' dir='ltr'>in</span> <span class='ocrx_word' id='word_1_325' title='bbox 1705 2651 1820 2707; x_wconf 87' lang='lat' dir='ltr'>ecclesia</span> 
     </span>
     <span class='ocr_line' id='line_1_28' title="bbox 115 2734 1821 2809; baseline 0.002 -15"><span class='ocrx_word' id='word_1_326' title='bbox 115 2741 215 2808; x_wconf 91' lang='lat' dir='ltr'>torem,</span> <span class='ocrx_word' id='word_1_327' title='bbox 229 2740 257 2791; x_wconf 88' lang='lat' dir='ltr'>et</span> <span class='ocrx_word' id='word_1_328' title='bbox 272 2734 373 2792; x_wconf 90' lang='lat' dir='ltr'>retulit</span> <span class='ocrx_word' id='word_1_329' title='bbox 387 2735 413 2791; x_wconf 86' lang='lat' dir='ltr'>ei</span> <span class='ocrx_word' id='word_1_330' title='bbox 433 2734 575 2806; x_wconf 92' lang='lat' dir='ltr'>quidquid</span> <span class='ocrx_word' id='word_1_331' title='bbox 591 2748 642 2805; x_wconf 91' lang='lat' dir='ltr'>per</span> <span class='ocrx_word' id='word_1_332' title='bbox 655 2748 721 2791; x_wconf 91' lang='lat' dir='ltr'>enm</span> <span class='ocrx_word' id='word_1_333' title='bbox 735 2734 872 2792; x_wconf 90' lang='lat' dir='ltr'>dominus</span> <span class='ocrx_word' id='word_1_334' title='bbox 886 2737 940 2794; x_wconf 86' lang='lat' dir='ltr'>Leo</span> <span class='ocrx_word' id='word_1_335' title='bbox 996 2735 1088 2793; x_wconf 88' lang='lat' dir='ltr'>sancti</span> <span class='ocrx_word' id='word_1_336' title='bbox 1101 2735 1229 2804; x_wconf 90' lang='lat' dir='ltr'>llartini,</span> <span class='ocrx_word' id='word_1_337' title='bbox 1249 2734 1311 2791; x_wconf 90' lang='lat' dir='ltr'>loco</span> <span class='ocrx_word' id='word_1_338' title='bbox 1328 2735 1455 2792; x_wconf 87' lang='lat' dir='ltr'>Treisma</span> <span class='ocrx_word' id='word_1_339' title='bbox 1477 2741 1587 2809; x_wconf 66' lang='lat' dir='ltr'>vocato</span> <span class='ocrx_word' id='word_1_340' title='bbox 1609 2741 1679 2796; x_wconf 88' lang='lat' dir='ltr'>ante</span> <span class='ocrx_word' id='word_1_341' title='bbox 1692 2739 1821 2797; x_wconf 86' lang='lat' dir='ltr'>videlicet</span> 
     </span>
     <span class='ocr_line' id='line_1_29' title="bbox 116 2823 1821 2899; baseline 0.002 -18"><span class='ocrx_word' id='word_1_342' title='bbox 116 2837 187 2896; x_wconf 91' lang='lat' dir='ltr'>papa</span> <span class='ocrx_word' id='word_1_343' title='bbox 200 2823 355 2880; x_wconf 86' lang='lat' dir='ltr'>mandavit.</span> <span class='ocrx_word' id='word_1_344' title='bbox 371 2824 437 2880; x_wconf 91' lang='lat' dir='ltr'>Post</span> <span class='ocrx_word' id='word_1_345' title='bbox 447 2823 587 2895; x_wconf 84' lang='lat' dir='ltr'>expletam</span> <span class='ocrx_word' id='word_1_346' title='bbox 598 2823 769 2899; x_wconf 83' lang='lat' dir='ltr'>legationem</span> <span class='ocrx_word' id='word_1_347' title='bbox 786 2826 942 2897; x_wconf 89' lang='lat' dir='ltr'>imperator</span> <span class='ocrx_word' id='word_1_348' title='bbox 975 2889 977 2892; x_wconf 54' lang='grc'><strong>,</strong></span> <span class='ocrx_word' id='word_1_349' title='bbox 996 2824 1150 2895; x_wconf 88' lang='lat' dir='ltr'>pertinenti</span> <span class='ocrx_word' id='word_1_350' title='bbox 1171 2824 1204 2879; x_wconf 92' lang='lat' dir='ltr'>ad</span> <span class='ocrx_word' id='word_1_351' title='bbox 1222 2823 1316 2880; x_wconf 89' lang='lat' dir='ltr'>sedem</span> <span class='ocrx_word' id='word_1_352' title='bbox 1328 2825 1541 2883; x_wconf 82' lang='lat' dir='ltr'>lovanensium.</span> <span class='ocrx_word' id='word_1_353' title='bbox 1566 2826 1626 2897; x_wconf 84' lang='lat' dir='ltr'>Qui</span> <span class='ocrx_word' id='word_1_354' title='bbox 1643 2833 1745 2899; x_wconf 87' lang='lat' dir='ltr'>postea</span> <span class='ocrx_word' id='word_1_355' title='bbox 1758 2829 1821 2885; x_wconf 78' lang='lat' dir='ltr'>hai-</span> 
     </span>
     <span class='ocr_line' id='line_1_30' title="bbox 117 2912 1822 2990; baseline 0.003 -19"><span class='ocrx_word' id='word_1_356' title='bbox 117 2913 252 2986; x_wconf 88' lang='lat' dir='ltr'>precepit</span> <span class='ocrx_word' id='word_1_357' title='bbox 272 2912 381 2971; x_wconf 79' lang='lat' dir='ltr'>brnoni</span> <span class='ocrx_word' id='word_1_358' title='bbox 406 2913 625 2986; x_wconf 82' lang='lat' dir='ltr'>archiepiscopo</span> <span class='ocrx_word' id='word_1_359' title='bbox 648 2929 764 2990; x_wconf 80' lang='lat' dir='ltr'>pergere</span> <span class='ocrx_word' id='word_1_360' title='bbox 791 2916 821 2972; x_wconf 91' lang='lat' dir='ltr'>in</span> <span class='ocrx_word' id='word_1_361' title='bbox 847 2921 943 2988; x_wconf 86' lang='lat' dir='ltr'>partes</span> <span class='ocrx_word' id='word_1_362' title='bbox 995 2914 1069 2971; x_wconf 91' lang='lat' dir='ltr'>bodo</span> <span class='ocrx_word' id='word_1_363' title='bbox 1084 2913 1267 2985; x_wconf 88' lang='lat' dir='ltr'>commissus,</span> <span class='ocrx_word' id='word_1_364' title='bbox 1283 2913 1402 2985; x_wconf 81' lang='lat' dir='ltr'>aliquod</span> <span class='ocrx_word' id='word_1_365' title='bbox 1418 2929 1482 2972; x_wconf 90' lang='lat' dir='ltr'>cum</span> <span class='ocrx_word' id='word_1_366' title='bbox 1499 2914 1552 2972; x_wconf 92' lang='lat' dir='ltr'>ilio</span> <span class='ocrx_word' id='word_1_367' title='bbox 1567 2914 1629 2973; x_wconf 89' lang='lat' dir='ltr'>fuit</span> <span class='ocrx_word' id='word_1_368' title='bbox 1651 2921 1778 2989; x_wconf 82' lang='lat' dir='ltr'>tempus</span> <span class='ocrx_word' id='word_1_369' title='bbox 1792 2919 1822 2975; x_wconf 86' lang='lat' dir='ltr'>lit</span> 
     </span>
     <span class='ocr_line' id='line_1_31' title="bbox 115 2999 1823 3080; baseline 0.002 -18"><span class='ocrx_word' id='word_1_370' title='bbox 115 3005 274 3076; x_wconf 83' lang='lat' dir='ltr'>slavorum,</span> <span class='ocrx_word' id='word_1_371' title='bbox 289 3007 317 3061; x_wconf 91' lang='lat' dir='ltr'>et</span> <span class='ocrx_word' id='word_1_372' title='bbox 332 3004 487 3074; x_wconf 86' lang='lat' dir='ltr'>previdere</span> <span class='ocrx_word' id='word_1_373' title='bbox 500 3019 612 3062; x_wconf 89' lang='lat' dir='ltr'>omnem</span> <span class='ocrx_word' id='word_1_374' title='bbox 629 3005 708 3063; x_wconf 90' lang='lat' dir='ltr'>illam</span> <span class='ocrx_word' id='word_1_375' title='bbox 723 3007 877 3079; x_wconf 79' lang='lat' dir='ltr'>regionem,</span> <span class='ocrx_word' id='word_1_376' title='bbox 891 3021 943 3064; x_wconf 88' lang='lat' dir='ltr'>ec·</span> <span class='ocrx_word' id='word_1_377' title='bbox 997 3015 1053 3059; x_wconf 91' lang='lat' dir='ltr'>non</span> <span class='ocrx_word' id='word_1_378' title='bbox 1067 3000 1160 3059; x_wconf 91' lang='lat' dir='ltr'>multo</span> <span class='ocrx_word' id='word_1_379' title='bbox 1175 3005 1239 3072; x_wconf 92' lang='lat' dir='ltr'>post</span> <span class='ocrx_word' id='word_1_380' title='bbox 1252 3001 1287 3058; x_wconf 90' lang='lat' dir='ltr'>de</span> <span class='ocrx_word' id='word_1_381' title='bbox 1302 3001 1450 3074; x_wconf 81' lang='lat' dir='ltr'>vulgariis</span> <span class='ocrx_word' id='word_1_382' title='bbox 1465 2999 1622 3080; x_wconf 84' lang='lat' dir='ltr'>[bulgaris]</span> <span class='ocrx_word' id='word_1_383' title='bbox 1639 3006 1823 3064; x_wconf 86' lang='lat' dir='ltr'>llectloltati·</span> 
     </span>
     <span class='ocr_line' id='line_1_32' title="bbox 116 3084 1825 3169; baseline 0.002 -19"><span class='ocrx_word' id='word_1_384' title='bbox 116 3093 312 3151; x_wconf 87' lang='lat' dir='ltr'>clesiasticum</span> <span class='ocrx_word' id='word_1_385' title='bbox 332 3092 456 3150; x_wconf 85' lang='lat' dir='ltr'>officium</span> <span class='ocrx_word' id='word_1_386' title='bbox 471 3107 548 3151; x_wconf 90' lang='lat' dir='ltr'>more</span> <span class='ocrx_word' id='word_1_387' title='bbox 561 3094 718 3166; x_wconf 88' lang='lat' dir='ltr'>episcopali</span> <span class='ocrx_word' id='word_1_388' title='bbox 731 3096 834 3169; x_wconf 87' lang='lat' dir='ltr'>colere,</span> <span class='ocrx_word' id='word_1_389' title='bbox 847 3111 942 3168; x_wconf 86' lang='lat' dir='ltr'>popu·</span> <span class='ocrx_word' id='word_1_390' title='bbox 956 3084 982 3149; x_wconf 82' lang='lat' dir='ltr'>d</span> <span class='ocrx_word' id='word_1_391' title='bbox 997 3091 1068 3148; x_wconf 88' lang='lat' dir='ltr'>mari</span> <span class='ocrx_word' id='word_1_392' title='bbox 1082 3091 1167 3148; x_wconf 92' lang='lat' dir='ltr'>ducis</span> <span class='ocrx_word' id='word_1_393' title='bbox 1181 3091 1255 3148; x_wconf 91' lang='lat' dir='ltr'>adiit</span> <span class='ocrx_word' id='word_1_394' title='bbox 1274 3092 1428 3164; x_wconf 80' lang='lat' dir='ltr'>regionem.</span> <span class='ocrx_word' id='word_1_395' title='bbox 1448 3092 1559 3165; x_wconf 89' lang='lat' dir='ltr'>illoque</span> <span class='ocrx_word' id='word_1_396' title='bbox 1569 3096 1825 3165; x_wconf 78' lang='lat' dir='ltr'>temporebudovi·</span> 
     </span>
     <span class='ocr_line' id='line_1_33' title="bbox 118 3181 1823 3255; baseline 0.002 -16"><span class='ocrx_word' id='word_1_397' title='bbox 118 3183 217 3255; x_wconf 90' lang='lat' dir='ltr'>losqne</span> <span class='ocrx_word' id='word_1_398' title='bbox 231 3185 261 3241; x_wconf 93' lang='lat' dir='ltr'>in</span> <span class='ocrx_word' id='word_1_399' title='bbox 278 3183 334 3240; x_wconf 90' lang='lat' dir='ltr'>fide</span> <span class='ocrx_word' id='word_1_400' title='bbox 348 3188 377 3241; x_wconf 92' lang='lat' dir='ltr'>et</span> <span class='ocrx_word' id='word_1_401' title='bbox 389 3183 609 3241; x_wconf 67' lang='lat' dir='ltr'>Christianitatis</span> <span class='ocrx_word' id='word_1_402' title='bbox 629 3184 811 3255; x_wconf 86' lang='lat' dir='ltr'>predicando</span> <span class='ocrx_word' id='word_1_403' title='bbox 824 3184 944 3244; x_wconf 90' lang='lat' dir='ltr'>confor-</span> <span class='ocrx_word' id='word_1_404' title='bbox 997 3196 1050 3237; x_wconf 79' lang='lat' dir='ltr'>cus</span> <span class='ocrx_word' id='word_1_405' title='bbox 1064 3194 1112 3238; x_wconf 80' lang='lat' dir='ltr'>tex</span> <span class='ocrx_word' id='word_1_406' title='bbox 1137 3181 1316 3238; x_wconf 81' lang='lat' dir='ltr'>boiariorum</span> <span class='ocrx_word' id='word_1_407' title='bbox 1338 3182 1420 3238; x_wconf 83' lang='lat' dir='ltr'>misit</span> <span class='ocrx_word' id='word_1_408' title='bbox 1433 3182 1596 3239; x_wconf 81' lang='lat' dir='ltr'>Ratbodum</span> <span class='ocrx_word' id='word_1_409' title='bbox 1612 3198 1683 3241; x_wconf 84' lang='lat' dir='ltr'>cum</span> <span class='ocrx_word' id='word_1_410' title='bbox 1704 3184 1823 3243; x_wconf 84' lang='lat' dir='ltr'>exercitu</span> 
     </span>
     <span class='ocr_line' id='line_1_34' title="bbox 118 3269 1820 3346; baseline 0.001 -16"><span class='ocrx_word' id='word_1_411' title='bbox 118 3278 187 3331; x_wconf 89' lang='lat' dir='ltr'>tare.</span> <span class='ocrx_word' id='word_1_412' title='bbox 203 3273 285 3330; x_wconf 89' lang='lat' dir='ltr'>Sicut</span> <span class='ocrx_word' id='word_1_413' title='bbox 299 3273 350 3330; x_wconf 92' lang='lat' dir='ltr'>ille</span> <span class='ocrx_word' id='word_1_414' title='bbox 364 3274 508 3344; x_wconf 81' lang='lat' dir='ltr'>precepit,</span> <span class='ocrx_word' id='word_1_415' title='bbox 525 3272 609 3330; x_wconf 88' lang='lat' dir='ltr'>fecit:</span> <span class='ocrx_word' id='word_1_416' title='bbox 626 3273 697 3332; x_wconf 89' lang='lat' dir='ltr'>illuc</span> <span class='ocrx_word' id='word_1_417' title='bbox 716 3276 855 3333; x_wconf 90' lang='lat' dir='ltr'>veniendo</span> <span class='ocrx_word' id='word_1_418' title='bbox 870 3290 944 3333; x_wconf 81' lang='lat' dir='ltr'>con-</span> <span class='ocrx_word' id='word_1_419' title='bbox 999 3269 1090 3326; x_wconf 90' lang='lat' dir='ltr'>multo</span> <span class='ocrx_word' id='word_1_420' title='bbox 1108 3270 1144 3327; x_wconf 86' lang='lat' dir='ltr'>ad</span> <span class='ocrx_word' id='word_1_421' title='bbox 1158 3269 1408 3327; x_wconf 82' lang='lat' dir='ltr'>exterminandum</span> <span class='ocrx_word' id='word_1_422' title='bbox 1435 3272 1618 3329; x_wconf 87' lang='lat' dir='ltr'>llatimarnm</span> <span class='ocrx_word' id='word_1_423' title='bbox 1634 3273 1753 3331; x_wconf 87' lang='lat' dir='ltr'>ducem.</span> <span class='ocrx_word' id='word_1_424' title='bbox 1773 3275 1820 3346; x_wconf 84' lang='lat' dir='ltr'>Qui</span> 
     </span>
     <span class='ocr_line' id='line_1_35' title="bbox 120 3357 1825 3438; baseline 0.001 -19"><span class='ocrx_word' id='word_1_425' title='bbox 120 3363 399 3433; x_wconf 83' lang='lat' dir='ltr'>serravitecclesias,</span> <span class='ocrx_word' id='word_1_426' title='bbox 416 3363 563 3419; x_wconf 90' lang='lat' dir='ltr'>ordinavit</span> <span class='ocrx_word' id='word_1_427' title='bbox 583 3363 771 3438; x_wconf 84' lang='lat' dir='ltr'>presbyteros,</span> <span class='ocrx_word' id='word_1_428' title='bbox 787 3364 945 3437; x_wconf 89' lang='lat' dir='ltr'>populum·</span> <span class='ocrx_word' id='word_1_429' title='bbox 998 3358 1154 3415; x_wconf 80' lang='lat' dir='ltr'>diffisusse</span> <span class='ocrx_word' id='word_1_430' title='bbox 1179 3357 1293 3415; x_wconf 92' lang='lat' dir='ltr'>defendi</span> <span class='ocrx_word' id='word_1_431' title='bbox 1319 3373 1411 3430; x_wconf 87' lang='lat' dir='ltr'>posse,</span> <span class='ocrx_word' id='word_1_432' title='bbox 1443 3361 1473 3417; x_wconf 91' lang='lat' dir='ltr'>in</span> <span class='ocrx_word' id='word_1_433' title='bbox 1497 3359 1596 3433; x_wconf 84' lang='lat' dir='ltr'>fugam</span> <span class='ocrx_word' id='word_1_434' title='bbox 1613 3367 1825 3422; x_wconf 79' lang='lat' dir='ltr'>conversasset</span> 
     </span>
     <span class='ocr_line' id='line_1_36' title="bbox 119 3449 1825 3524; baseline 0.001 -14"><span class='ocrx_word' id='word_1_435' title='bbox 119 3467 175 3524; x_wconf 92' lang='lat' dir='ltr'>que</span> <span class='ocrx_word' id='word_1_436' title='bbox 189 3453 369 3523; x_wconf 87' lang='lat' dir='ltr'>predicando</span> <span class='ocrx_word' id='word_1_437' title='bbox 394 3453 504 3522; x_wconf 84' lang='lat' dir='ltr'>docuit,</span> <span class='ocrx_word' id='word_1_438' title='bbox 531 3460 561 3508; x_wconf 90' lang='lat' dir='ltr'>et</span> <span class='ocrx_word' id='word_1_439' title='bbox 578 3453 644 3509; x_wconf 91' lang='lat' dir='ltr'>inde</span> <span class='ocrx_word' id='word_1_440' title='bbox 661 3454 776 3511; x_wconf 89' lang='lat' dir='ltr'>rediens</span> <span class='ocrx_word' id='word_1_441' title='bbox 799 3455 945 3511; x_wconf 90' lang='lat' dir='ltr'>nuntiavit</span> <span class='ocrx_word' id='word_1_442' title='bbox 999 3464 1064 3507; x_wconf 91' lang='lat' dir='ltr'>cum</span> <span class='ocrx_word' id='word_1_443' title='bbox 1078 3449 1152 3517; x_wconf 89' lang='lat' dir='ltr'>suis,</span> <span class='ocrx_word' id='word_1_444' title='bbox 1169 3449 1503 3523; x_wconf 86' lang='lat' dir='ltr'>quicedemevasernni‚</span> <span class='ocrx_word' id='word_1_445' title='bbox 1519 3455 1549 3507; x_wconf 88' lang='lat' dir='ltr'>et</span> <span class='ocrx_word' id='word_1_446' title='bbox 1570 3452 1739 3523; x_wconf 84' lang='lat' dir='ltr'>predictus</span> <span class='ocrx_word' id='word_1_447' title='bbox 1751 3454 1825 3510; x_wconf 84' lang='lat' dir='ltr'>Prin·</span> 
     </span>
     <span class='ocr_line' id='line_1_37' title="bbox 120 3537 1825 3614; baseline 0.001 -17"><span class='ocrx_word' id='word_1_448' title='bbox 120 3542 371 3613; x_wconf 89' lang='lat' dir='ltr'>imperatoriquod</span> <span class='ocrx_word' id='word_1_449' title='bbox 384 3542 608 3613; x_wconf 81' lang='lat' dir='ltr'>magnentiiitas</span> <span class='ocrx_word' id='word_1_450' title='bbox 622 3542 663 3598; x_wconf 93' lang='lat' dir='ltr'>ibi</span> <span class='ocrx_word' id='word_1_451' title='bbox 674 3545 816 3614; x_wconf 91' lang='lat' dir='ltr'>potuisset</span> <span class='ocrx_word' id='word_1_452' title='bbox 826 3542 909 3613; x_wconf 84' lang='lat' dir='ltr'>citici,</span> <span class='ocrx_word' id='word_1_453' title='bbox 919 3544 944 3599; x_wconf 89' lang='lat' dir='ltr'>si</span> <span class='ocrx_word' id='word_1_454' title='bbox 1001 3539 1085 3595; x_wconf 90' lang='lat' dir='ltr'>ninas</span> <span class='ocrx_word' id='word_1_455' title='bbox 1100 3537 1234 3594; x_wconf 90' lang='lat' dir='ltr'>substitit</span> <span class='ocrx_word' id='word_1_456' title='bbox 1245 3552 1311 3595; x_wconf 91' lang='lat' dir='ltr'>cum</span> <span class='ocrx_word' id='word_1_457' title='bbox 1326 3539 1400 3613; x_wconf 91' lang='lat' dir='ltr'>suis,</span> <span class='ocrx_word' id='word_1_458' title='bbox 1423 3540 1617 3611; x_wconf 77' lang='lat' dir='ltr'>pertransivit</span> <span class='ocrx_word' id='word_1_459' title='bbox 1638 3542 1765 3600; x_wconf 84' lang='lat' dir='ltr'>dnvinm</span> <span class='ocrx_word' id='word_1_460' title='bbox 1781 3542 1825 3599; x_wconf 83' lang='lat' dir='ltr'>Sa-</span> 
     </span>
     <span class='ocr_line' id='line_1_38' title="bbox 120 3622 1824 3704; baseline 0.002 -19"><span class='ocrx_word' id='word_1_461' title='bbox 120 3633 187 3700; x_wconf 91' lang='lat' dir='ltr'>quis</span> <span class='ocrx_word' id='word_1_462' title='bbox 197 3631 263 3688; x_wconf 91' lang='lat' dir='ltr'>inde</span> <span class='ocrx_word' id='word_1_463' title='bbox 279 3630 424 3687; x_wconf 86' lang='lat' dir='ltr'>habuisset</span> <span class='ocrx_word' id='word_1_464' title='bbox 436 3637 587 3687; x_wconf 89' lang='lat' dir='ltr'>certamen.</span> <span class='ocrx_word' id='word_1_465' title='bbox 604 3633 684 3688; x_wconf 87' lang='lat' dir='ltr'>Tunc</span> <span class='ocrx_word' id='word_1_466' title='bbox 696 3622 781 3703; x_wconf 75' lang='lat' dir='ltr'>iussu</span> <span class='ocrx_word' id='word_1_467' title='bbox 797 3632 947 3701; x_wconf 82' lang='lat' dir='ltr'>imperato</span> <span class='ocrx_word' id='word_1_468' title='bbox 1001 3642 1077 3691; x_wconf 90' lang='lat' dir='ltr'>vum,</span> <span class='ocrx_word' id='word_1_469' title='bbox 1095 3627 1195 3699; x_wconf 84' lang='lat' dir='ltr'>ibique</span> <span class='ocrx_word' id='word_1_470' title='bbox 1212 3633 1393 3699; x_wconf 80' lang='lat' dir='ltr'>susceptusa</span> <span class='ocrx_word' id='word_1_471' title='bbox 1416 3628 1577 3686; x_wconf 84' lang='lat' dir='ltr'>salachone</span> <span class='ocrx_word' id='word_1_472' title='bbox 1601 3631 1714 3689; x_wconf 84' lang='lat' dir='ltr'>comite</span> <span class='ocrx_word' id='word_1_473' title='bbox 1737 3631 1824 3704; x_wconf 82' lang='lat' dir='ltr'>pacif-</span> 
     </span>
     <span class='ocr_line' id='line_1_39' title="bbox 122 3716 1824 3790; baseline 0.001 -16"><span class='ocrx_word' id='word_1_474' title='bbox 122 3719 164 3775; x_wconf 91' lang='lat' dir='ltr'>ris</span> <span class='ocrx_word' id='word_1_475' title='bbox 178 3721 331 3776; x_wconf 90' lang='lat' dir='ltr'>ordinatus</span> <span class='ocrx_word' id='word_1_476' title='bbox 345 3725 388 3775; x_wconf 91' lang='lat' dir='ltr'>est</span> <span class='ocrx_word' id='word_1_477' title='bbox 404 3719 599 3776; x_wconf 80' lang='lat' dir='ltr'>Theodoriana</span> <span class='ocrx_word' id='word_1_478' title='bbox 621 3718 821 3790; x_wconf 89' lang='lat' dir='ltr'>episcopusab</span> <span class='ocrx_word' id='word_1_479' title='bbox 833 3720 947 3777; x_wconf 76' lang='lat' dir='ltr'>arnone</span> <span class='ocrx_word' id='word_1_480' title='bbox 1001 3719 1085 3772; x_wconf 91' lang='lat' dir='ltr'>catus</span> <span class='ocrx_word' id='word_1_481' title='bbox 1103 3721 1146 3771; x_wconf 90' lang='lat' dir='ltr'>est</span> <span class='ocrx_word' id='word_1_482' title='bbox 1158 3728 1223 3772; x_wconf 89' lang='lat' dir='ltr'>cum</span> <span class='ocrx_word' id='word_1_483' title='bbox 1242 3716 1382 3774; x_wconf 84' lang='lat' dir='ltr'>ltatbodo.</span> <span class='ocrx_word' id='word_1_484' title='bbox 1402 3717 1507 3788; x_wconf 77' lang='lat' dir='ltr'>Aliqua</span> <span class='ocrx_word' id='word_1_485' title='bbox 1522 3732 1593 3776; x_wconf 89' lang='lat' dir='ltr'>vero</span> <span class='ocrx_word' id='word_1_486' title='bbox 1607 3720 1766 3779; x_wconf 87' lang='lat' dir='ltr'>occasione</span> <span class='ocrx_word' id='word_1_487' title='bbox 1778 3722 1824 3778; x_wconf 88' lang='lat' dir='ltr'>ite-</span> 
     </span>
     <span class='ocr_line' id='line_1_40' title="bbox 121 3804 1823 3882; baseline 0.002 -20"><span class='ocrx_word' id='word_1_488' title='bbox 121 3807 256 3876; x_wconf 91' lang='lat' dir='ltr'>episcopo</span> <span class='ocrx_word' id='word_1_489' title='bbox 269 3806 482 3863; x_wconf 80' lang='lat' dir='ltr'>lovanensium.</span> <span class='ocrx_word' id='word_1_490' title='bbox 502 3806 590 3876; x_wconf 87' lang='lat' dir='ltr'>Quem</span> <span class='ocrx_word' id='word_1_491' title='bbox 611 3806 673 3876; x_wconf 91' lang='lat' dir='ltr'>ipse</span> <span class='ocrx_word' id='word_1_492' title='bbox 684 3806 780 3863; x_wconf 79' lang='lat' dir='ltr'>Arnon</span> <span class='ocrx_word' id='word_1_493' title='bbox 802 3810 831 3864; x_wconf 90' lang='lat' dir='ltr'>et</span> <span class='ocrx_word' id='word_1_494' title='bbox 842 3808 948 3865; x_wconf 87' lang='lat' dir='ltr'>Gerol-</span> <span class='ocrx_word' id='word_1_495' title='bbox 1002 3818 1066 3860; x_wconf 88' lang='lat' dir='ltr'>rum</span> <span class='ocrx_word' id='word_1_496' title='bbox 1078 3809 1217 3874; x_wconf 85' lang='lat' dir='ltr'>percepta,</span> <span class='ocrx_word' id='word_1_497' title='bbox 1233 3804 1402 3877; x_wconf 87' lang='lat' dir='ltr'>rogantibus</span> <span class='ocrx_word' id='word_1_498' title='bbox 1416 3806 1567 3876; x_wconf 79' lang='lat' dir='ltr'>predictis</span> <span class='ocrx_word' id='word_1_499' title='bbox 1581 3809 1671 3882; x_wconf 83' lang='lat' dir='ltr'>regis</span> <span class='ocrx_word' id='word_1_500' title='bbox 1691 3808 1823 3878; x_wconf 65' lang='lat' dir='ltr'>hdeiibue</span> 
     </span>
     <span class='ocr_line' id='line_1_41' title="bbox 123 3893 1825 3967; baseline 0.002 -16"><span class='ocrx_word' id='word_1_501' title='bbox 123 3894 178 3951; x_wconf 90' lang='lat' dir='ltr'>dus</span> <span class='ocrx_word' id='word_1_502' title='bbox 197 3906 293 3950; x_wconf 91' lang='lat' dir='ltr'>comes</span> <span class='ocrx_word' id='word_1_503' title='bbox 307 3894 494 3965; x_wconf 88' lang='lat' dir='ltr'>perducentes</span> <span class='ocrx_word' id='word_1_504' title='bbox 514 3896 543 3951; x_wconf 93' lang='lat' dir='ltr'>in</span> <span class='ocrx_word' id='word_1_505' title='bbox 564 3894 737 3966; x_wconf 85' lang='lat' dir='ltr'>slavoniam,</span> <span class='ocrx_word' id='word_1_506' title='bbox 757 3896 900 3954; x_wconf 90' lang='lat' dir='ltr'>dederunt</span> <span class='ocrx_word' id='word_1_507' title='bbox 916 3897 946 3954; x_wconf 93' lang='lat' dir='ltr'>in</span> <span class='ocrx_word' id='word_1_508' title='bbox 1002 3893 1139 3965; x_wconf 83' lang='lat' dir='ltr'>prestitit</span> <span class='ocrx_word' id='word_1_509' title='bbox 1151 3907 1200 3950; x_wconf 84' lang='lat' dir='ltr'>rex</span> <span class='ocrx_word' id='word_1_510' title='bbox 1212 3895 1360 3952; x_wconf 86' lang='lat' dir='ltr'>Prinnlne</span> <span class='ocrx_word' id='word_1_511' title='bbox 1375 3894 1503 3967; x_wconf 87' lang='lat' dir='ltr'>aliquam</span> <span class='ocrx_word' id='word_1_512' title='bbox 1516 3895 1677 3956; x_wconf 88' lang='lat' dir='ltr'>inferioris</span> <span class='ocrx_word' id='word_1_513' title='bbox 1685 3899 1825 3958; x_wconf 77' lang='lat' dir='ltr'>Pannonia</span> 
     </span>
     <span class='ocr_line' id='line_1_42' title="bbox 124 3982 1825 4061; baseline 0.004 -22"><span class='ocrx_word' id='word_1_514' title='bbox 124 3997 227 4041; x_wconf 86' lang='lat' dir='ltr'>manus</span> <span class='ocrx_word' id='word_1_515' title='bbox 241 3982 424 4053; x_wconf 78' lang='lat' dir='ltr'>principum3</span> <span class='ocrx_word' id='word_1_516' title='bbox 442 3985 672 4042; x_wconf 88' lang='lat' dir='ltr'>commendantes</span> <span class='ocrx_word' id='word_1_517' title='bbox 687 3985 732 4041; x_wconf 92' lang='lat' dir='ltr'>illi</span> <span class='ocrx_word' id='word_1_518' title='bbox 747 3986 881 4057; x_wconf 80' lang='lat' dir='ltr'>episcopo</span> <span class='ocrx_word' id='word_1_519' title='bbox 898 4000 948 4043; x_wconf 91' lang='lat' dir='ltr'>re-</span> <span class='ocrx_word' id='word_1_520' title='bbox 1004 3984 1034 4039; x_wconf 92' lang='lat' dir='ltr'>in</span> <span class='ocrx_word' id='word_1_521' title='bbox 1060 3982 1232 4039; x_wconf 89' lang='lat' dir='ltr'>beneficium</span> <span class='ocrx_word' id='word_1_522' title='bbox 1256 3988 1363 4056; x_wconf 89' lang='lat' dir='ltr'>partem</span> <span class='ocrx_word' id='word_1_523' title='bbox 1388 3985 1466 4044; x_wconf 85' lang='lat' dir='ltr'>circa</span> <span class='ocrx_word' id='word_1_524' title='bbox 1494 3985 1623 4045; x_wconf 79' lang='lat' dir='ltr'>nuvium</span> <span class='ocrx_word' id='word_1_525' title='bbox 1653 3989 1710 4061; x_wconf 91' lang='lat' dir='ltr'>qni</span> <span class='ocrx_word' id='word_1_526' title='bbox 1730 3989 1825 4046; x_wconf 81' lang='lat' dir='ltr'>dicitnr</span> 
     </span>
     <span class='ocr_line' id='line_1_43' title="bbox 124 4071 1083 4144; baseline 0.002 -17"><span class='ocrx_word' id='word_1_527' title='bbox 124 4072 237 4143; x_wconf 88' lang='lat' dir='ltr'>gionem</span> <span class='ocrx_word' id='word_1_528' title='bbox 249 4071 482 4144; x_wconf 84' lang='lat' dir='ltr'>carentanorum,</span> <span class='ocrx_word' id='word_1_529' title='bbox 494 4076 523 4130; x_wconf 92' lang='lat' dir='ltr'>et</span> <span class='ocrx_word' id='word_1_530' title='bbox 533 4073 660 4131; x_wconf 85' lang='lat' dir='ltr'>ecndnes</span> <span class='ocrx_word' id='word_1_531' title='bbox 670 4074 947 4132; x_wconf 86' lang='lat' dir='ltr'>eorumoccidentaii</span> <span class='ocrx_word' id='word_1_532' title='bbox 1003 4075 1083 4130; x_wconf 80' lang='lat' dir='ltr'>Sava.</span> 
     </span>
     <span class='ocr_line' id='line_1_44' title="bbox 127 4161 948 4234; baseline 0.004 -18"><span class='ocrx_word' id='word_1_533' title='bbox 127 4163 207 4231; x_wconf 86' lang='lat' dir='ltr'>parte</span> <span class='ocrx_word' id='word_1_534' title='bbox 230 4161 316 4217; x_wconf 81' lang='lat' dir='ltr'>lirani</span> <span class='ocrx_word' id='word_1_535' title='bbox 332 4161 473 4234; x_wconf 85' lang='lat' dir='ltr'>fluminis,</span> <span class='ocrx_word' id='word_1_536' title='bbox 503 4177 593 4234; x_wconf 90' lang='lat' dir='ltr'>usque</span> <span class='ocrx_word' id='word_1_537' title='bbox 613 4163 682 4220; x_wconf 94' lang='lat' dir='ltr'>dum</span> <span class='ocrx_word' id='word_1_538' title='bbox 701 4164 814 4222; x_wconf 89' lang='lat' dir='ltr'>Dranus</span> <span class='ocrx_word' id='word_1_539' title='bbox 837 4164 904 4220; x_wconf 86' lang='lat' dir='ltr'>huit</span> <span class='ocrx_word' id='word_1_540' title='bbox 918 4164 948 4220; x_wconf 91' lang='lat' dir='ltr'>in</span> 
     </span>
    </p>
   </div>
   <div class='ocr_carea' id='block_1_3' title="bbox 832 4476 1124 4550">
    <p class='ocr_par' dir='ltr' id='par_1_3' title="bbox 832 4476 1124 4550">
     <span class='ocr_line' id='line_1_45' title="bbox 832 4476 1124 4550; baseline 0.014 -4"><span class='ocrx_word' id='word_1_541' title='bbox 832 4476 1124 4550; x_wconf 76' lang='lat' dir='ltr'>bxcnnPTUtt</span> 
     </span>
    </p>
   </div>
   <div class='ocr_carea' id='block_1_4' title="bbox 580 4629 1373 4706">
    <p class='ocr_par' dir='ltr' id='par_1_4' title="bbox 580 4629 1373 4706">
     <span class='ocr_line' id='line_1_46' title="bbox 580 4629 1373 4706; baseline 0.006 -8"><span class='ocrx_word' id='word_1_542' title='bbox 580 4637 615 4698; x_wconf 76' lang='grc' dir='ltr'><em>Ε</em></span> <span class='ocrx_word' id='word_1_543' title='bbox 642 4634 757 4700; x_wconf 83' lang='lat' dir='ltr'>libello</span> <span class='ocrx_word' id='word_1_544' title='bbox 784 4637 824 4700; x_wconf 81' lang='lat' dir='ltr'>de</span> <span class='ocrx_word' id='word_1_545' title='bbox 847 4629 1061 4705; x_wconf 68' lang='lat' dir='ltr'>successione</span> <span class='ocrx_word' id='word_1_546' title='bbox 1091 4640 1373 4706; x_wconf 80' lang='lat' dir='ltr'>Curentocorum.</span> 
     </span>
    </p>
   </div>
   <div class='ocr_carea' id='block_1_5' title="bbox 146 4792 1833 4870">
    <p class='ocr_par' dir='ltr' id='par_1_5' title="bbox 146 4792 1833 4870">
     <span class='ocr_line' id='line_1_47' title="bbox 146 4792 1833 4870; baseline 0.012 -30"><span class='ocrx_word' id='word_1_547' title='bbox 146 4792 233 4854; x_wconf 77' lang='lat' dir='ltr'>(Apud</span> <span class='ocrx_word' id='word_1_548' title='bbox 246 4793 374 4844; x_wconf 89' lang='lat' dir='ltr'>Wiihcim</span> <span class='ocrx_word' id='word_1_549' title='bbox 385 4795 560 4847; x_wconf 85' lang='lat' dir='ltr'>Watienbach</span> <span class='ocrx_word' id='word_1_550' title='bbox 576 4797 623 4847; x_wconf 72' lang='lat' dir='ltr'>Ber·</span> <span class='ocrx_word' id='word_1_551' title='bbox 634 4814 703 4864; x_wconf 75' lang='lat' dir='ltr'>repe</span> <span class='ocrx_word' id='word_1_552' title='bbox 711 4814 761 4850; x_wconf 81' lang='lat' dir='ltr'>zur</span> <span class='ocrx_word' id='word_1_553' title='bbox 773 4801 921 4852; x_wconf 78' lang='lat' dir='ltr'>Geschicivfe</span> <span class='ocrx_word' id='word_1_554' title='bbox 931 4803 977 4852; x_wconf 84' lang='lat' dir='ltr'>der</span> <span class='ocrx_word' id='word_1_555' title='bbox 988 4803 1170 4854; x_wconf 78' lang='lat' dir='ltr'>Christiir&#39;ehen</span> <span class='ocrx_word' id='word_1_556' title='bbox 1181 4804 1205 4853; x_wconf 85' lang='lat' dir='ltr'><em>K</em></span> <span class='ocrx_word' id='word_1_557' title='bbox 1207 4804 1286 4866; x_wconf 80' lang='lat' dir='ltr'>irche,</span> <span class='ocrx_word' id='word_1_558' title='bbox 1304 4817 1336 4854; x_wconf 80' lang='lat' dir='ltr'>ex</span> <span class='ocrx_word' id='word_1_559' title='bbox 1347 4803 1411 4856; x_wconf 85' lang='lat' dir='ltr'>Cod.</span> <span class='ocrx_word' id='word_1_560' title='bbox 1428 4803 1495 4855; x_wconf 77' lang='lat' dir='ltr'>bibi.</span> <span class='ocrx_word' id='word_1_561' title='bbox 1507 4803 1578 4856; x_wconf 81' lang='lat' dir='ltr'>Caes.</span> <span class='ocrx_word' id='word_1_562' title='bbox 1591 4808 1653 4870; x_wconf 75' lang='lat' dir='ltr'>tea,</span> <span class='ocrx_word' id='word_1_563' title='bbox 1668 4821 1731 4861; x_wconf 78' lang='lat' dir='ltr'>saec.</span> <span class='ocrx_word' id='word_1_564' title='bbox 1744 4806 1814 4869; x_wconf 76' lang='lat' dir='ltr'>xiil.)</span> <span class='ocrx_word' id='word_1_565' title='bbox 1830 4855 1833 4860; x_wconf 93' lang='lat'>.</span> 
     </span>
    </p>
   </div>
   <div class='ocr_carea' id='block_1_6' title="bbox 131 5105 1829 5649">
    <p class='ocr_par' dir='ltr' id='par_1_6' title="bbox 131 5105 1829 5649">
     <span class='ocr_line' id='line_1_48' title="bbox 165 5105 1827 5204; baseline 0.008 -37"><span class='ocrx_word' id='word_1_566' title='bbox 165 5111 333 5168; x_wconf 85' lang='lat' dir='ltr'>carentanis</span> <span class='ocrx_word' id='word_1_567' title='bbox 345 5115 438 5183; x_wconf 87' lang='lat' dir='ltr'>primo</span> <span class='ocrx_word' id='word_1_568' title='bbox 455 5105 621 5188; x_wconf 78' lang='lat' dir='ltr'>predicavit</span> <span class='ocrx_word' id='word_1_569' title='bbox 639 5120 783 5177; x_wconf 82' lang='lat' dir='ltr'>licdestus</span> <span class='ocrx_word' id='word_1_570' title='bbox 801 5121 953 5192; x_wconf 88' lang='lat' dir='ltr'>episcopus</span> <span class='ocrx_word' id='word_1_571' title='bbox 968 5121 996 5184; x_wconf 87' lang='lat' dir='ltr'>D</span> <span class='ocrx_word' id='word_1_572' title='bbox 1009 5124 1074 5180; x_wconf 91' lang='lat' dir='ltr'>Post</span> <span class='ocrx_word' id='word_1_573' title='bbox 1090 5123 1337 5183; x_wconf 90' lang='lat' dir='ltr'>huncllosbaldus</span> <span class='ocrx_word' id='word_1_574' title='bbox 1354 5124 1509 5198; x_wconf 88' lang='lat' dir='ltr'>episcopus</span> <span class='ocrx_word' id='word_1_575' title='bbox 1527 5126 1585 5195; x_wconf 91' lang='lat' dir='ltr'>sub</span> <span class='ocrx_word' id='word_1_576' title='bbox 1610 5128 1827 5204; x_wconf 84' lang='lat' dir='ltr'>Liupramnoet</span> 
     </span>
     <span class='ocr_line' id='line_1_49' title="bbox 131 5202 1828 5292; baseline 0.007 -33"><span class='ocrx_word' id='word_1_577' title='bbox 131 5202 238 5260; x_wconf 90' lang='lat' dir='ltr'>missus</span> <span class='ocrx_word' id='word_1_578' title='bbox 250 5205 502 5263; x_wconf 89' lang='lat' dir='ltr'>etconsecrainsa</span> <span class='ocrx_word' id='word_1_579' title='bbox 522 5207 604 5266; x_wconf 87' lang='lat' dir='ltr'>beato</span> <span class='ocrx_word' id='word_1_580' title='bbox 618 5209 810 5283; x_wconf 87' lang='lat' dir='ltr'>Virgiliosub</span> <span class='ocrx_word' id='word_1_581' title='bbox 829 5211 953 5282; x_wconf 90' lang='lat' dir='ltr'>Pippinn</span> <span class='ocrx_word' id='word_1_582' title='bbox 974 5208 978 5213; x_wconf 80' lang='grc'><em>’</em></span> <span class='ocrx_word' id='word_1_583' title='bbox 1007 5212 1154 5271; x_wconf 72' lang='lat' dir='ltr'>adelwino</span> <span class='ocrx_word' id='word_1_584' title='bbox 1162 5214 1397 5287; x_wconf 90' lang='lat' dir='ltr'>archiepiscopis.</span> <span class='ocrx_word' id='word_1_585' title='bbox 1408 5216 1482 5273; x_wconf 90' lang='lat' dir='ltr'>llnic</span> <span class='ocrx_word' id='word_1_586' title='bbox 1490 5207 1621 5276; x_wconf 88' lang='lat' dir='ltr'>Osbaldu</span> <span class='ocrx_word' id='word_1_587' title='bbox 1632 5216 1828 5292; x_wconf 79' lang='lat' dir='ltr'>scripsith&#39;ice</span> 
     </span>
     <span class='ocr_line' id='line_1_50' title="bbox 131 5295 1827 5379; baseline 0.008 -30"><span class='ocrx_word' id='word_1_588' title='bbox 131 5295 303 5350; x_wconf 83' lang='lat' dir='ltr'>Francorum</span> <span class='ocrx_word' id='word_1_589' title='bbox 327 5306 399 5366; x_wconf 87' lang='lat' dir='ltr'>rege.</span> <span class='ocrx_word' id='word_1_590' title='bbox 422 5295 487 5351; x_wconf 91' lang='lat' dir='ltr'>Post</span> <span class='ocrx_word' id='word_1_591' title='bbox 506 5296 583 5354; x_wconf 89' lang='lat' dir='ltr'>hunc</span> <span class='ocrx_word' id='word_1_592' title='bbox 599 5298 706 5356; x_wconf 76' lang='lat' dir='ltr'>missam</span> <span class='ocrx_word' id='word_1_593' title='bbox 720 5303 747 5355; x_wconf 91' lang='lat' dir='ltr'>et</span> <span class='ocrx_word' id='word_1_594' title='bbox 772 5306 955 5360; x_wconf 90' lang='lat' dir='ltr'>consecratus</span> <span class='ocrx_word' id='word_1_595' title='bbox 1009 5303 1073 5361; x_wconf 91' lang='lat' dir='ltr'>laus</span> <span class='ocrx_word' id='word_1_596' title='bbox 1089 5317 1159 5376; x_wconf 87' lang='lat' dir='ltr'>papa</span> <span class='ocrx_word' id='word_1_597' title='bbox 1171 5305 1245 5364; x_wconf 91' lang='lat' dir='ltr'>dnos</span> <span class='ocrx_word' id='word_1_598' title='bbox 1259 5318 1382 5364; x_wconf 89' lang='lat' dir='ltr'>canones</span> <span class='ocrx_word' id='word_1_599' title='bbox 1393 5307 1445 5377; x_wconf 90' lang='lat' dir='ltr'>qui</span> <span class='ocrx_word' id='word_1_600' title='bbox 1461 5307 1491 5363; x_wconf 94' lang='lat' dir='ltr'>in</span> <span class='ocrx_word' id='word_1_601' title='bbox 1513 5320 1639 5379; x_wconf 89' lang='lat' dir='ltr'>corpore</span> <span class='ocrx_word' id='word_1_602' title='bbox 1660 5311 1827 5367; x_wconf 82' lang='lat' dir='ltr'>decretorum</span> 
     </span>
     <span class='ocr_line' id='line_1_51' title="bbox 131 5383 1828 5471; baseline 0.005 -30"><span class='ocrx_word' id='word_1_603' title='bbox 131 5387 176 5441; x_wconf 91' lang='lat' dir='ltr'>est</span> <span class='ocrx_word' id='word_1_604' title='bbox 191 5383 386 5442; x_wconf 85' lang='lat' dir='ltr'>Theodericus</span> <span class='ocrx_word' id='word_1_605' title='bbox 395 5385 547 5456; x_wconf 90' lang='lat' dir='ltr'>episcopus</span> <span class='ocrx_word' id='word_1_606' title='bbox 558 5387 588 5443; x_wconf 92' lang='lat' dir='ltr'>in</span> <span class='ocrx_word' id='word_1_607' title='bbox 602 5389 752 5458; x_wconf 86' lang='lat' dir='ltr'>presentia</span> <span class='ocrx_word' id='word_1_608' title='bbox 764 5389 857 5447; x_wconf 85' lang='lat' dir='ltr'>Caroli</span> <span class='ocrx_word' id='word_1_609' title='bbox 870 5392 956 5464; x_wconf 86' lang='lat' dir='ltr'>impe-</span> <span class='ocrx_word' id='word_1_610' title='bbox 1009 5394 1207 5454; x_wconf 86' lang='lat' dir='ltr'>inveniuntur.</span> <span class='ocrx_word' id='word_1_611' title='bbox 1236 5395 1302 5452; x_wconf 89' lang='lat' dir='ltr'>Post</span> <span class='ocrx_word' id='word_1_612' title='bbox 1330 5395 1407 5455; x_wconf 92' lang='lat' dir='ltr'>hunc</span> <span class='ocrx_word' id='word_1_613' title='bbox 1422 5395 1575 5467; x_wconf 76' lang='lat' dir='ltr'>interiecto</span> <span class='ocrx_word' id='word_1_614' title='bbox 1589 5396 1698 5471; x_wconf 87' lang='lat' dir='ltr'>aliquo</span> <span class='ocrx_word' id='word_1_615' title='bbox 1718 5405 1828 5467; x_wconf 68' lang='lat' dir='ltr'>empore</span> 
     </span>
     <span class='ocr_line' id='line_1_52' title="bbox 134 5472 1829 5558; baseline 0.008 -29"><span class='ocrx_word' id='word_1_616' title='bbox 134 5474 239 5530; x_wconf 88' lang='lat' dir='ltr'>ratoris</span> <span class='ocrx_word' id='word_1_617' title='bbox 253 5472 289 5530; x_wconf 92' lang='lat' dir='ltr'>ab</span> <span class='ocrx_word' id='word_1_618' title='bbox 316 5472 429 5532; x_wconf 84' lang='lat' dir='ltr'>hrnone</span> <span class='ocrx_word' id='word_1_619' title='bbox 454 5475 680 5548; x_wconf 88' lang='lat' dir='ltr'>archiepiscopo.</span> <span class='ocrx_word' id='word_1_620' title='bbox 708 5479 775 5535; x_wconf 90' lang='lat' dir='ltr'>Post</span> <span class='ocrx_word' id='word_1_621' title='bbox 798 5479 874 5538; x_wconf 91' lang='lat' dir='ltr'>hunc</span> <span class='ocrx_word' id='word_1_622' title='bbox 888 5481 955 5541; x_wconf 85' lang='lat' dir='ltr'>Otto</span> <span class='ocrx_word' id='word_1_623' title='bbox 1009 5484 1175 5554; x_wconf 89' lang='lat' dir='ltr'>supervenit</span> <span class='ocrx_word' id='word_1_624' title='bbox 1189 5484 1306 5556; x_wconf 90' lang='lat' dir='ltr'>quidam</span> <span class='ocrx_word' id='word_1_625' title='bbox 1320 5484 1438 5543; x_wconf 90' lang='lat' dir='ltr'>Sclavus</span> <span class='ocrx_word' id='word_1_626' title='bbox 1462 5483 1500 5542; x_wconf 92' lang='lat' dir='ltr'>ab</span> <span class='ocrx_word' id='word_1_627' title='bbox 1513 5486 1635 5558; x_wconf 78' lang='lat' dir='ltr'>llystrie</span> <span class='ocrx_word' id='word_1_628' title='bbox 1656 5493 1688 5546; x_wconf 89' lang='lat' dir='ltr'>et</span> <span class='ocrx_word' id='word_1_629' title='bbox 1703 5482 1829 5545; x_wconf 78' lang='lat' dir='ltr'>baimtic</span> 
     </span>
     <span class='ocr_line' id='line_1_53' title="bbox 135 5563 1829 5649; baseline 0.012 -30"><span class='ocrx_word' id='word_1_630' title='bbox 135 5565 287 5636; x_wconf 90' lang='lat' dir='ltr'>episcopus</span> <span class='ocrx_word' id='word_1_631' title='bbox 300 5563 717 5625; x_wconf 85' lang='lat' dir='ltr'>consecratusabhdelramnvo</span> <span class='ocrx_word' id='word_1_632' title='bbox 727 5568 953 5643; x_wconf 87' lang='lat' dir='ltr'>archiepiscopo.</span> <span class='ocrx_word' id='word_1_633' title='bbox 1010 5573 1142 5645; x_wconf 89' lang='lat' dir='ltr'>partibus</span> <span class='ocrx_word' id='word_1_634' title='bbox 1156 5573 1272 5631; x_wconf 92' lang='lat' dir='ltr'>nomine</span> <span class='ocrx_word' id='word_1_635' title='bbox 1287 5574 1451 5634; x_wconf 88' lang='lat' dir='ltr'>liethodius</span> <span class='ocrx_word' id='word_1_636' title='bbox 1463 5575 1517 5648; x_wconf 88' lang='lat' dir='ltr'>qni</span> <span class='ocrx_word' id='word_1_637' title='bbox 1528 5574 1829 5649; x_wconf 59' lang='lat' dir='ltr'>umrenitsctarifli</span> 
     </span>
    </p>
   </div>
   <div class='ocr_carea' id='block_1_7' title="bbox 0 0 1955 6084">
    <p class='ocr_par' dir='ltr' id='par_1_7' title="bbox 0 0 1955 6084">
     <span class='ocr_line' id='line_1_54' title="bbox 0 0 1955 6084; baseline 0 0"><span class='ocrx_word' id='word_1_638' title='bbox 0 0 1955 6084; x_wconf 95' lang='lat' dir='ltr'> </span> 
     </span>
    </p>
   </div>
  </div>
 </body>
</html>
