3876 6090
189 249 256 313 4354
631 250 777 310 44444447).
796 249 843 308 AD
861 245 942 307 SAEC.
960 246 1011 307 IX.
1029 243 1256 304 -nilcvonms
1273 242 1440 305 adonim.
1822 231 1890 302 4554

190 374 297 436 habens
321 374 382 436 354.
399 376 468 435 llios
481 390 549 450 ergo
565 375 583 434 6
596 374 874 448 decemnovennales,
894 387 951 447 qno
966 370 1012 431 io-
1021 367 1053 433 A
1068 369 1110 426 tes
1122 369 1226 441 cyclos,
1240 373 1273 428 ut
1286 369 1417 429 diximus
1428 367 1447 427 5
1460 368 1617 428 transitum
1632 365 1735 438 444444,
1746 368 1776 424 44
1790 363 1890 437 eumue

187 467 255 524 cisti
280 467 316 525 44
332 464 383 524 440
397 467 480 524 mitte
494 480 580 538 super
591 464 644 524 308
658 465 849 538 supradictos,
865 460 1011 536 4444344,
1066 455 1127 516 ulla
1137 457 1385 532 erroriscaligioe
1397 458 1460 518 dies
1474 457 1562 516 festos
1575 455 1743 534 4444444444,
1752 454 1800 513 vel
1813 453 1890 512 lunas

191 561 233 615 tot
255 557 329 630 cycli
349 557 619 615 decemnovennales
642 562 711 614 sunt
737 555 841 629 integri
865 553 901 611 ab
925 552 1012 611 initio
1066 558 1116 616 044
1130 547 1259 604 ordinem
1273 547 1328 604 444
1348 548 1460 606 ratione
1471 546 1604 619 reperiet.

191 646 303 718 mundi,
327 646 357 703 in
384 645 491 719 quihus
512 648 581 703 sunt
598 645 667 703 unni
682 641 771 717 59774
795 645 941 701 remanent
961 639 1009 700 444
1066 653 1226 724 &plectunt
1238 651 1417 724 0440444445
1436 655 1505 723 cycli
1519 651 1772 710 decannwellunec
1780 655 1889 722 pratu-

188 734 378 795 duodecimus
391 748 485 793 annus
499 740 543 792 est
559 734 632 807 cycll
646 732 921 801 decemnovennalis,
935 731 1013 789 sicut
1207 727 1293 790 missi,
1316 741 1345 781 eo
1359 725 1434 796 quod
1446 740 1537 781 omnes
1553 726 1756 796 preter-ierint.

188 823 326 882 diximus.
1100 810 1182 870 Anno
1203 813 1280 870 xlx.
1294 815 1338 872 lv.
1357 810 1464 873 Lunai
1482 827 1499 871 4
1521 812 1586 870 Kal.
1598 814 1661 870 lan.
1689 823 1784 884 usque
1804 810 1840 868 ad
1862 808 1888 869 43

189 914 227 968 De
241 927 353 968 nummo
374 910 520 981 cyclorum,
534 913 560 966 et
581 915 646 981 quot
659 910 718 966 dies
733 909 896 974 dissenties,
908 912 934 965 44
947 911 1013 980 quot
1066 899 1130 958 Kal.
1142 902 1203 959 len.
1218 902 1460 974 quiacummunis
1473 905 1526 972 est,
1539 902 1603 959 dies
1612 897 1679 959 354.

402 983 490 1038 444444
508 982 543 1037 ab
564 984 668 1052 ungine
690 981 797 1037 mandi.
1100 988 1271 1047 innoxiis.
1296 991 1329 1047 v.
1343 988 1453 1048 44444
1473 1003 1491 1047 a
1514 987 1548 1048 44
1571 989 1636 1047 Kal.
1666 988 1731 1045 ian.
1748 1001 1839 1058 usque
1860 987 1886 1044 in

223 1071 320 1128 uxm
336 1070 412 1141 Quot
431 1084 499 1145 ergo
521 1071 616 1143 cycnos
635 1067 904 1128 decemnovennales
929 1067 1014 1125 nanc
1065 1075 1132 1135 444.
1145 1079 1275 1137 neccmn.
1287 1073 1842 1152 quiammmumscssanuus,oresaet.

187 1158 224 1215 44)
237 1159 350 1232 origine
377 1159 489 1230 mundi,
514 1155 570 1215 344
586 1160 629 1215 444
648 1158 741 1215 saltus
755 1163 833 1227 sunt,
861 1156 936 1213 idest
948 1152 1011 1212 344.
1102 1167 1183 1224 Anno
1195 1169 1272 1225 44444,
1288 1169 1333 1225 vy,
1347 1165 1554 1227 Lunagappy,
1566 1165 1701 1225 Dgoemb,
1720 1179 1816 1238 usque
1832 1165 1887 1224 in5

188 1247 355 1305 Dissentiles
366 1250 462 1304 autem
476 1247 540 1304 dies
560 1251 629 1305 sunt
644 1242 724 1319 4437,
742 1248 772 1303 44
794 1244 902 1318 quibus
915 1243 1014 1302 conti·
1067 1255 1129 1312 pap,
1145 1257 1218 1322 san„
1233 1257 1303 1328 quja
1314 1257 1511 1315 embolimus
1522 1260 1575 1327 esp,
1591 1257 1658 1314 dies
1670 1251 1736 1312 384,

189 1337 372 1394 4444444444
388 1333 414 1407 4,
428 1340 457 1393 44
467 1337 530 1392 4443
541 1331 586 1393 37·
1101 1346 1182 1403 duno
1196 1347 1274 1403 xlx.
1289 1348 1346 1405 Vll.
1364 1343 1469 1405 Lunai
1483 1343 1604 1403 444444.
1623 1346 1690 1402 lan.
1706 1356 1804 1415 usque
1820 1341 1886 1400 4447

188 1426 289 1496 incipit
302 1426 393 1494 444444
415 1423 675 1508 4444444444,
692 1438 771 1493 quem
794 1422 881 1478 (44444
899 1422 1013 1476 Docea-
1066 1434 1215 1504 Ketion,
1239 1437 1307 1508 quia
1328 1436 1490 1494 communis
1514 1439 1567 1507 est,
1589 1434 1657 1492 dies
1670 1429 1737 1491 354.

421 1494 636 1596 wewam
653 1498 768 1596 P⁰⁶⁰n²2
1102 1523 1184 1581 Anno
1198 1526 1275 1581 xlii.
1291 1526 1361 1583 47477.
1376 1526 1454 1583 Luna
1467 1521 1561 1581 5445
1580 1523 1645 1580 Kal.
1671 1524 1737 1580 4444.
1763 1523 1885 1594 usquein

223 1583 307 1640 CXX.
333 1582 546 1639 Constitutusa
570 1586 679 1638 sanctus
693 1580 837 1653 Patribus,
854 1580 885 1637 in
907 1593 964 1652 quo
979 1576 1013 1637 44
1067 1610 1135 1670 Md·
1147 1612 1278 1670 ΜΘΝ.
1290 1613 1360 1686 quia
1375 1612 1537 1671 communis
1546 1626 1643 1670 annus
1653 1617 1708 1684 est,
1726 1608 1857 1669 dmm

189 1671 427 1728 Paschalesomni
442 1674 567 1742 tempore
585 1671 649 1727 sine
662 1669 721 1726 4444
733 1671 857 1741 reperies
868 1668 1011 1727 salsitate:
1030 1700 1058 1763 Β
1103 1701 1185 1758 ΑΜ,
1199 1701 1276 1759 xlx·
1292 1702 1344 1758 lx·
1363 1699 1469 1759 ,ωδ
1480 1716 1497 1759 a
1508 1697 1576 1758 m·
1586 1699 1725 1757 Decem·
1737 1697 1890 1772 usqum

188 1765 300 1817 lantum
314 1758 480 1814 memineris
494 1757 579 1815 annis
594 1757 730 1831 singulis,
747 1758 797 1829 qui
812 1757 910 1829 cyclus
925 1757 1012 1816 lunae,
1067 1789 1129 1845 Kal⁸
1141 1791 1258 1847 ,anm
1273 1791 1342 1862 quia
1357 1789 1564 1847 embolismalis
1580 1794 1634 1862 est,
1648 1788 1715 1846 dies
1727 1785 1795 1846 384.

187 1853 216 1906 44
229 1848 279 1949 qul
292 1846 559 1948 decennovennalis
573 1847 685 1904 existet.
701 1846 878 1949 inpraesenti
891 1859 1014 1948 namque
1102 1883 1185 1936 Anno
1196 1879 1275 1936 xlx·
1285 1879 1323 1935 X·
1339 1881 1417 1935 Luna
1434 1876 1476 1936 ,ἃ
1488 1876 1508 1936 7
1521 1878 1584 1939 Kal.
1596 1879 1723 1936 Ianuar·
1739 1874 1890 1950 usqueing

188 1940 273 1994 tertia
286 1935 410 1992 lndrctro
427 1935 470 1990 est
484 1934 636 1992 consulatu
659 1934 744 1991 Probi
758 1934 886 2005 yunroris
908 1937 1013 1993 tertius
1067 1966 1129 2024 Kal·
1144 1967 1227 2024 lanu·
1243 1967 1313 2038 quia
1328 1967 1490 2025 communis
1508 1972 1552 2025 es,
1568 1967 1633 2024 dies
1652 1964 1721 2025 354.

187 2025 318 2128 decimus
338 2021 467 2081 circulus
485 2022 761 2095 decemnovennalis,
783 2019 817 2079 40
831 2023 944 2081 lunaris
957 2026 1010 2096 est,
1101 2053 1184 2112 Anno
1198 2055 1275 2111 xlx·
1292 2056 1342 2112 xl.
1357 2056 1437 2113 Lu„
1460 2052 1508 2112 ga
1527 2050 1561 2112 ⁴8
1583 2053 1649 2111 gay·
1663 2055 1787 2111 yma,
1808 2066 1890 2124 usqu,

188 2115 263 2171 4444·
1067 2139 1097 2199 in
1111 2139 1214 2200 ilion.
1228 2143 1357 2213 laudan,
1377 2143 1446 2217 quia
1467 2141 1667 2200 embolimaeus
1677 2148 1737 2209 est,
1759 2142 1822 2199 dios
1834 2138 1890 2198 384.

223 2204 275 2259 lile
290 2204 383 2258 autem
392 2199 489 2272 cyclus
501 2198 632 2272 Dionysii
646 2197 1013 2259 ddecemnovenualiscon·
1065 2229 1188 2302 Ogdoas·

90 2332 96 2351 .
187 2294 254 2363 stat,
275 2290 329 2347 hoc
356 2293 400 2348 est
424 2287 460 2347 95
480 2289 575 2361 annis,
602 2289 750 2361 sumitque
769 2289 920 2348 exordium
940 2304 957 2347 a
977 2289 1013 2348 34
1101 2318 1344 2378 mmm
1360 2317 1700 2378 incusationem.
1718 2332 1812 2391 usque
1826 2316 1888 2376 in„

187 2393 263 2438 anno
275 2377 485 2436 incarnationis
498 2377 624 2449 Domini,
638 2382 667 2434 et
680 2378 790 2435 desinit
800 2379 830 2435 in
844 2375 898 2436 540
910 2392 1010 2437 annos.
1067 2407 1131 2466 Kal·
1141 2409 1269 2482 Ianuar„
1282 2409 1351 2481 quia
1364 2414 1526 2467 commum
1535 2423 1632 2467 annus
1641 2412 1698 2481 es„
1706 2409 1773 2466 dies
1783 2405 1845 2466 354⁴

186 2471 267 2527 Hunc
283 2482 350 2541 ergo
364 2467 476 2538 cyclum
499 2465 746 2539 praetermisimus,
776 2466 846 2540 quia
875 2467 1015 2539 praeteriit
1102 2496 1355 2554 mmmm
1366 2500 1446 2555 Luna
1459 2494 1654 2555 wamma,⁸
1664 2498 1787 2555 mua„
1807 2511 1891 2570 mque

186 2562 275 2616 404445·
1069 2583 1127 2644 4443
1139 2586 1180 2642 44.
1194 2587 1336 2658 44444444),
1350 2586 1419 2660 quia
1429 2587 1593 2644 communis
1603 2591 1659 2657 est,
1679 2587 1748 2644 dies
1765 2583 1829 2644 354.

221 2664 322 2737 Incipit
330 2663 458 2736 prefatio
474 2663 564 2718 4444444
576 2662 673 2718 Felicis
689 2662 796 2718 adiutis
809 2661 975 2732 cyrillitani.
1102 2675 1274 2732 4444044444,
1289 2676 1364 2733 le.
1394 2677 1473 2733 Luna
1496 2672 1525 2732 44
1553 2689 1570 2732 2
1597 2675 1677 2747 prid,
1700 2677 1746 2732 44,
1769 2673 1892 2732 mm,

222 2771 321 2826 cxxi.
343 2768 512 2840 Olympiade
533 2764 585 2824 494
606 2768 757 2838 mediante,
780 2769 854 2826 idest
880 2767 916 2826 44
937 2782 1014 2828 anno
1068 2776 1159 2834 usque
1169 2764 1201 2819 in
1215 2761 1306 2820 3Kui.
1318 2765 1391 2836 ium,
1402 2764 1472 2836 quia
1485 2763 1685 2822 embolimaeus
1695 2767 1752 2835 est,
1762 2763 1827 2821 dies
1836 2760 1894 2821 384.

189 2856 305 2929 imperii
316 2856 597 2928 Octavianidngustl
608 2862 695 2915 natus
704 2862 747 2914 est
756 2858 897 2915 Dominus
912 2860 1014 2916 Noster
1102 2853 1276 2909 Ann0X1X·
1292 2852 1448 2933 7444444
1463 2848 1525 2910 424
1539 2852 1618 2924 prid·
1642 2853 1710 2910 Kal·
1729 2853 1894 2924 1³11.th

188 2948 270 3004 lesus
287 2946 422 3004 Christus
439 2946 468 3003 ln
487 2945 619 3003 carneli
640 2947 791 3004 nativitate
816 2960 884 3020 ergo
897 2945 1013 3006 Domini
1069 2939 1099 2996 in
1116 2937 1149 2996 44
1161 2940 1224 2997 Kal.
1237 2941 1311 3014 iam,
1324 2941 1393 3013 quia
1404 2941 1674 3000 commuuisannns
1689 2945 1746 3014 est,
1762 2938 1891 3001 4444354.

189 3049 281 3107 usque
292 3032 519 3105 inolympiadem
532 3031 577 3105 45,
589 3037 646 3090 mm
658 3035 733 3091 idem
744 3035 874 3107 usquein
887 3024 1054 3106 primumi}
1103 3027 1185 3086 Anno
1216 3030 1293 3086 XIX.
1323 3029 1397 3086 xlii.
1426 3033 1505 3088 Luna
1534 3027 1604 3088 434
1626 3028 1661 3088 43
1693 3031 1761 3091 Kal.
1786 3032 1895 3088 ianmr.

189 3137 298 3183 aunum
311 3122 485 3180 Diocletiani
499 3123 573 3181 liunt
590 3121 660 3178 unni
675 3119 738 3179 484.
754 3123 816 3179 lita
831 3122 924 3193 primo
938 3136 1015 3183 annu
1069 3117 1204 3188 usquein
1222 3116 1240 3174 6
1261 3117 1302 3175 ld.
1323 3118 1455 3177 44444447).
1480 3119 1550 3193 quia
1574 3121 1745 3178 communis
1764 3126 1822 3193 est,
1839 3120 1896 3178 4444

189 3213 362 3272 Diocletiani
375 3225 466 3284 usque
481 3212 511 3268 in
525 3211 650 3282 primum
664 3209 776 3281 cyclum
787 3211 920 3283 Dionysii
931 3211 1016 3269 inve-
1068 3203 1132 3264 354.

191 3304 355 3363 niesannos
365 3298 429 3374 448,
441 3300 514 3358 dunt
529 3299 635 3370 quippe
647 3298 735 3356 simul
746 3300 815 3356 anni
829 3296 1015 3359 534Αο444
1107 3294 1189 3352 Anno
1214 3295 1292 3353 XIX.
1320 3294 1407 3354 xvii.
1435 3297 1514 3354 Luna
1542 3294 1578 3352 44
1605 3310 1623 3354 4
1653 3295 1674 3356 5
1700 3298 1746 3356 44.
1771 3296 1894 3357 44444444

191 3399 220 3451 44
233 3390 391 3464 Dionysius
399 3402 491 3446 annos
502 3385 555 3445 534
565 3387 596 3443 in
612 3386 705 3458 primo
720 3401 773 3444 suo
783 3386 864 3461 cyclo
875 3387 911 3445 ab
925 3391 1016 3446 incar.
1073 3394 1165 3453 usque
1191 3383 1221 3440 in
1236 3382 1327 3443 34444.
1345 3385 1462 3443 ianuar.
1477 3384 1546 3458 quia
1559 3384 1766 3445 embolimaeus
1779 3387 1896 3458 4444444

175 3503 178 3508 ·
192 3483 308 3539 natione
321 3478 446 3536 Domini.
458 3478 528 3533 Nam
545 3475 593 3532 liic
604 3475 702 3546 cyclus
713 3477 804 3533 sancti
814 3477 915 3548 Gyrilli
928 3478 957 3535 in
966 3474 1018 3536 247
1071 3467 1134 3528 384·

193 3569 403 3630 44444444444
419 3563 1018 3639 i,queminclroatDiouysius,etinvenies
1106 3561 1187 3618 Anno
1213 3562 1291 3619 xiil.
1318 3562 1416 3620 444444.
1443 3565 1522 3620 Luna
1553 3559 1616 3621 i5a
1645 3561 1665 3621 5
1694 3564 1758 3623 4444.
1788 3566 1893 3622 444444.

193 3674 285 3717 annos
297 3655 361 3729 448,
374 3656 453 3712 sicut
467 3652 666 3724 supradictum
677 3659 729 3710 est.
749 3653 837 3709 Finit
1073 3650 1209 3722 usquein
1225 3647 1258 3708 47
1275 3650 1337 3709 Kal.
1352 3652 1469 3710 ianuar.
1482 3651 1553 3724 quia
1565 3643 1568 3649 ’
1579 3653 1750 3711 communis
1774 3659 1828 3725 est,
1841 3654 1895 3710 4444

193 3766 296 3835 incipit
311 3762 441 3829 Prologus
465 3760 554 3814 suncti
568 3757 727 3827 chyllitani.
750 3759 852 3813 lterum
865 3772 952 3814 sermo
963 3761 1019 3816 Fe-
1071 3734 1134 3794 354·

231 3836 301 3901 licis,
322 3834 418 3901 incepti
432 3831 465 3885 de
478 3830 618 3897 Dionysio,
631 3833 657 3882 et
677 3828 905 3899 desecetipsoin
918 3831 1019 3888 3444444
1106 3827 1188 3883 Anno
1215 3827 1293 3884 XIX.
1323 3827 1400 3885 xix.
1434 3830 1514 3887 Luna
1542 3824 1607 3886 464
1632 3826 1670 3886 46
1704 3829 1773 3887 Kal.
1788 3831 1892 3887 444444.

228 3905 346 3960 comice.
1072 3915 1205 3986 usquein
1218 3918 1291 3974 Non.
1303 3917 1445 3984 Decemb,
1469 3918 1541 3991 quia
1559 3919 1838 3978 communicamus
1848 3925 1892 3987 cst,

230 4009 342 4067 CXXII.
354 4003 511 4075 Dionysius
526 4002 670 4075 quondam
685 4001 875 4061 Urbisilomae
889 4007 1019 4065 sanctis-
1071 4003 1134 4060 dios
1153 4002 1216 4061 354.

194 4100 297 4167 simus,
310 4094 399 4153 abbas
413 4089 682 4164 utriusquelinguae
695 4091 799 4149 Graecae
809 4093 922 4151 scillcet
931 4102 960 4153 44
970 4098 1019 4153 La·
1106 4092 1188 4150 Anno
1203 4095 1281 4152 xlx.
1307 4096 1327 4151 1.
1351 4095 1431 4152 Luna
1451 4091 1518 4152 474
1537 4094 1629 4153 Nouis
1652 4096 1792 4153 Decumi.
1815 4109 1894 4168 usqne

195 4189 273 4257 tinae,
285 4182 408 4257 eleganti
424 4180 544 4239 scientia
556 4180 704 4254 proditus,
719 4181 899 4240 Paschaiium
909 4185 1018 4244 interca
1073 4180 1103 4237 in
1116 4178 1150 4239 40
1168 4183 1231 4239 Kal.
1243 4184 1339 4256 lanu,
1356 4184 1425 4256 quia
1438 4183 1636 4242 embolimaens
1651 4190 1708 4255 est,
1723 4186 1792 4243 dies
1805 4182 1865 4243 384.

195 4275 338 4334 rationum
354 4269 624 4329 decemnovennales
636 4284 755 4328 numero
767 4268 889 4343 5sagacl
902 4274 1017 4346 ingenio
1106 4269 1187 4328 Anno
1202 4274 1279 4330 xlx.
1302 4275 1336 4329 44.
1353 4276 1432 4332 Luna
1458 4271 1492 4330 48
1511 4287 1528 4330 4
1549 4271 1567 4329 9
1587 4273 1653 4331 Kul.
1669 4276 1793 4332 444444.
1814 4288 1895 4348 nsque

192 4364 350 4423 anteriores
364 4360 527 4431 composuit
538 4359 642 4432 cyclos,
656 4361 805 4419 exordium
829 4355 942 4419 scilicet
964 4367 1058 4430 su-1)
1072 4360 1102 4416 in
1119 4360 1193 4432 prid.
1205 4361 1245 4417 ld.
1270 4362 1400 4420 Decemb.
1414 4363 1484 4434 quia
1494 4362 1661 4421 communis
1670 4375 1770 4422 annus
1779 4364 1895 4437 est,diea

192 4467 272 4513 mens
285 4449 529 4508 abincurnatione
540 4449 573 4503 D.
584 4450 618 4503 N.
632 4449 656 4503 4.
668 4449 699 4504 c.
709 4446 762 4507 534
775 4462 842 4506 nnn.
856 4451 1017 4508 indictione
1069 4445 1134 4507 354.
1687 4444 1694 4456 ‘

193 4542 226 4601 40
241 4555 333 4615 usque
346 4536 445 4596 44630
458 4536 783 4594 incarnationisannum
796 4538 897 4595 lndict.
910 4537 1017 4598 44444-
1105 4540 1187 4597 Anno
1209 4540 1285 4597 XIX·
1307 4541 1352 4597 ΙΙΙ.
1369 4541 1448 4599 Luna
1464 4537 1497 4596 49
1517 4538 1553 4596 ah
1577 4539 1619 4597 id.
1648 4541 1790 4600 Decemb.
1814 4554 1894 4614 usque

193 4637 368 4688 moratorum
382 4627 527 4700 cyclorum
543 4625 618 4682 serie
630 4626 798 4684 continuata
818 4630 963 4699 produxit.
980 4631 1015 4688 Et
1070 4628 1099 4684 id
1113 4629 1188 4699 prid.
1210 4628 1273 4685 Kal.
1292 4630 1366 4703 iam,
1388 4631 1456 4703 quia
1477 4629 1679 4688 embolimaeus
1690 4637 1749 4703 est,
1763 4632 1828 4690 dies
1840 4628 1893 4688 384.

194 4720 329 4792 quoniam
341 4716 488 4775 memorati
502 4715 558 4771 viri
573 4714 693 4785 quintus
708 4730 780 4773 nunc
802 4719 949 4791 peragitur
962 4735 1015 4793 cy·
1104 4719 1214 4777 idcirco
1232 4725 1327 4777 autem
1348 4717 1381 4777 47
1405 4721 1473 4778 luna
1494 4734 1568 4778 anno
1594 4729 1754 4795 compotus
1767 4725 1806 4782 ab
1830 4725 1892 4797 ipso.

191 4808 263 4875 clus,
280 4807 315 4862 ad
328 4807 412 4876 cujus
438 4804 666 4875 supplementum
689 4803 721 4861 40
740 4806 834 4863 adhuc
860 4815 1015 4879 supersunt
1069 4823 1126 4881 quo
1142 4811 1221 4881 prior
1235 4810 1392 4882 explicitur
1403 4811 1610 4868 estannusdie
1625 4812 1752 4887 incipit,
1774 4823 1805 4873 et
1819 4829 1892 4873 nona

191 4895 469 4965 anni,ad'noslram
480 4895 609 4965 providet
620 4895 746 4965 parvitas
756 4896 829 4953 alios
842 4896 1014 4970 subsequen·
1068 4905 1213 4970 sequente,
1232 4904 1263 4955 ut
1282 4905 1458 4972 ceterorum,
1479 4913 1514 4957 ne
1542 4907 1661 4973 propter
1682 4902 1798 4962 saltum
1819 4905 1889 4971 lone,

192 4989 234 5040 tes
243 4982 338 5053 cyclos
346 4983 615 5041 decemnovennales
627 4981 819 5041 numerodad
829 4986 920 5043 instar
932 5001 1014 5059 supe·
1067 5002 1151 5060 quem
1167 4989 1277 5062 dicunt,
1302 5002 1391 5046 unum
1408 4991 1500 5048 eidem
1523 5003 1599 5051 anno
1623 4992 1693 5051 dies
1709 4992 1747 5054 40
1761 4997 1888 5056 videatur,

190 5071 300 5129 riorum
310 5070 454 5141 cyclorum
470 5073 605 5129 rationali
629 5072 821 5145 dispositione
831 5089 1010 5149 componere,
1066 5078 1135 5149 quia
1158 5078 1252 5149 ipsum
1276 5077 1432 5150 Dionysius
1462 5080 1759 5142 decemnovennalem
1793 5085 1887 5157 cydon

190 5160 308 5221 initium
321 5157 545 5216 4444444444647
554 5162 847 5221 incarnationisunno
859 5165 961 5222 indict.
977 5163 1011 5224 45
1067 5166 1232 5238 hujusmodi
1247 5168 1359 5225 vocavit
1375 5181 1542 5239 percurrens
1549 5169 1671 5229 edocuit
1684 5171 1725 5229 ab
1736 5172 1887 5240 ecdendie,

189 5249 327 5323 usquead
340 5243 389 5306 744
406 5248 547 5304 incarnat.
559 5253 779 5309 unnumlndict.
794 5250 931 5311 loentum
943 5269 1011 5327 prm
1066 5270 1122 5328 qno
1143 5256 1240 5313 ultimi
1264 5257 1407 5315 conclusit
1430 5257 1500 5316 anni
1524 5262 1594 5317 etas
1614 5260 1711 5332 primi
1740 5261 1888 5322 inchoando

188 5341 330 5399 ilxumest
343 5336 492 5409 posuimus
509 5338 674 5396 terminum.
690 5340 867 5414 Quapropter
891 5346 1011 5403 monui·
1066 5345 1253 5419 principium.

189 5428 411 5499 musloctorum,
427 5429 459 5483 ut
472 5425 541 5484 dum
557 5424 680 5500 praeiati,
702 5435 731 5486 et
749 5431 923 5504 venerabilis
937 5435 1011 5492 Dio-
1099 5435 1206 5493 Mensis
1220 5435 1333 5494 lunaris
1347 5434 1434 5493 lauet
1452 5435 1515 5494 dies
1533 5432 1577 5509 49,
1592 5442 1625 5497 et
1646 5439 1823 5514 dimidium,
1844 5439 1889 5496 isos

189 5518 264 5590 nysii
281 5519 402 5590 quintus
414 5513 653 5588 expietusiuerit,
664 5517 699 5573 ud
715 5526 827 5578 nostros
840 5522 1010 5596 subsequen·
1066 5521 1154 5581 44444
1165 5524 1260 5597 heras,
1277 5523 1325 5583 sed
1337 5512 1417 5583 ilian'x
1438 5525 1621 5585 medietatem
1637 5527 1676 5587 de
1695 5528 1795 5591 altero
1806 5539 1889 5589 mense
