3892 6090
382 338 385 343 ‹
458 320 641 392 srrsronm,
661 322 860 379 ermonem
878 324 923 380 nr
940 326 1146 384 rnrvvmom.
1601 304 1655 397 ooo

98 437 247 510 regendum
258 441 387 510 utquend
399 442 566 501 salvandum
577 446 1003 522 concessnest,Areperimus,
1033 459 1179 510 monentes
1209 455 1376 529 religionem
1408 465 1498 536 tuam,
1522 471 1553 522 ut
1579 470 1655 526 circa

98 526 776 608 rimedillerasnonnullaincommoda,pluraque
833 539 916 596 illum
938 541 977 598 ita
1001 547 1126 615 peragat,
1150 549 1293 615 quatenus
1315 552 1347 603 ut
1370 553 1525 608 mercedem
1551 569 1601 624 pro
1622 572 1655 616 eo

103 618 262 687 apostoliea
285 628 424 692 praecepta
448 623 550 681 audire
574 631 729 696 postponas
750 632 778 684 et
834 640 962 700 magnam
990 629 1119 687 incurrat
1142 637 1171 688 et
1194 633 1370 691 desiderium
1402 637 1494 710 illius,
1519 645 1656 700 canonica

108 718 188 777 eque
214 709 387 777 apostolicas
412 711 562 769 observare
587 728 710 772 recuses.
738 718 778 772 De
832 717 1004 777 auctoritate
1018 718 1046 777 ei
1062 719 1092 776 in
1104 719 1175 778 aliis
1192 734 1247 779 non
1262 722 1404 797 obviante,
1419 727 1477 783 Deo
1493 730 1655 804 adjuvante,

98 808 105 851 t
127 798 156 851 te
178 796 311 870 redargui
337 806 503 869 oportuerat
519 821 527 872 3
543 804 591 859 sed
614 805 779 874 apostolicae
835 804 973 875 peruciat.

98 882 142 939 ‚tis
161 883 192 939 in
212 889 239 940 te
255 885 311 942 buc
330 900 422 959 usque
440 894 599 960 exspectata
618 896 662 947 est
679 892 779 949 mode-
1196 917 1293 976 xvffl,

98 977 239 1043 eapropter
255 979 282 1030 te
297 988 445 1033 monemus
459 982 487 1033 et
501 979 659 1048 apostolica
673 985 779 1038 aucto·

98 1060 238 1131 ccipimus
263 1067 305 1132 ut,
326 1063 361 1120 ad
384 1072 504 1122 mentem
528 1067 651 1140 rediens,
668 1069 777 1125 nullam
974 1050 1009 1095 ΑΒ
1026 1052 1197 1097 mmm
1216 1054 1334 1100 “⁰¹³⁹OE
1355 1058 1513 1103 mmm·

98 1151 778 1228 ,mnneoppressioneminomnibusrebusipsius
1019 1165 1221 1233 Fragmentum.
1236 1198 1273 1210 —
1286 1170 1380 1239 (Anno
1394 1168 1471 1244 894.)

98 1241 288 1310 mequomodo
300 1239 398 1311 iacias,
409 1248 459 1298 aut
469 1241 586 1300 facienti
597 1248 776 1304 consentias:

98 1326 777 1406 rteidcmnmeliovemrabiliepiscopoquictem

98 1416 124 1471 et
143 1428 263 1472 censum
286 1416 368 1474 beato
391 1420 475 1477 Petro
499 1423 629 1491 apostolo
652 1423 778 1496 dirigere

98 1502 256 1575 nvveipsum
267 1505 361 1562 locum
372 1521 477 1580 regere.
489 1510 579 1582 Quod,
589 1511 615 1569 si
627 1512 778 1569 temerario

98 1592 186 1649 eadem
201 1595 360 1663 pertinacia
376 1599 576 1668 permanseris,
590 1600 666 1656 scias
678 1604 706 1656 te
717 1614 779 1657 esse

98 1680 243 1759 unitatum,
251 1683 350 1754 donec,
359 1685 475 1741 Romam
484 1687 778 1745 venienscumeodem
1206 1699 1283 1755 XIX.

98 1769 220 1842 piscopo,
231 1785 326 1828 coram
341 1775 542 1832 menoveriste
552 1775 778 1848 satisfacturum,
795 1761 822 1823 Β

129 1862 236 1916 tantam
262 1862 450 1918 temeritatem
487 1864 654 1922 nullomodo
684 1865 784 1924 dimit·

869 1295 881 1326 ο
895 1285 950 1354 Qui
964 1290 991 1342 te
1006 1290 1089 1358 quasi
1105 1290 1261 1348 obnoxium
1274 1294 1398 1368 judicas,
1415 1297 1538 1367 eoquod
1551 1299 1660 1357 asera·

834 1373 913 1428 cenis
930 1380 1032 1444 captus
1041 1376 1171 1435 homines
1182 1379 1360 1439 interfecisse
1368 1384 1486 1456 videris,
1496 1384 1654 1445 benefacis.

832 1460 885 1516 Sed
900 1462 1035 1532 quonlam
1051 1478 1108 1521 non
1122 1473 1174 1524 tua
1188 1474 1289 1539 sponte
1303 1471 1331 1527 id
1347 1469 1450 1529 iecisse
1463 1477 1656 1549 cognosceris,

835 1549 901 1605 inde
917 1552 1053 1610 senonice
1071 1555 1152 1612 nullo
1172 1558 1255 1614 modo
1271 1558 1423 1628 judicaris.

983 1828 1140 1903 ADJEONEH
1161 1834 1329 1878 mindensem
1348 1837 1506 1884 criscecum.

1005 1943 1018 1983 t
1032 1945 1233 2013 lineamentum.
1248 1978 1285 1989 —
1298 1949 1392 2017 (Anno
1405 1949 1483 2026 89⁴.)

1100 2066 1191 2145 [Apud
1207 2072 1297 2129 Mansi
1314 2071 1396 2150 ibid]

872 2177 912 2232 De
934 2174 1083 2232 manifesta
1106 2181 1135 2232 et
1156 2181 1222 2233 notu
1244 2179 1378 2248 pluribus
1399 2194 1485 2239 causa
1509 2196 1566 2241 non
1588 2192 1656 2244 snut

336 2021 407 2078 xil.

125 2158 160 2200 ab
175 2159 348 2204 warnestun
369 2162 561 2207 PATRIARCHAM
576 2162 591 2193 ⁸
608 2194 614 2205 .

135 2254 333 2323 Fragmentum.
354 2287 391 2296 -
409 2257 502 2328 (Anum
521 2256 597 2329 89l.)
837 2264 983 2334 quaerendi
1003 2268 1099 2334 testes,
1121 2270 1154 2321 ut
1168 2266 1195 2321 S.
1216 2265 1387 2324 Ambrosius
1400 2269 1430 2324 in
1447 2271 1604 2340 Epistulam
1620 2274 1656 2331 ed
1746 2330 1751 2340 ,

98 2372 134 2417 u,
154 2361 335 2430 prudentiam
354 2352 475 2420 vemat„
494 2365 628 2423 cumensi
649 2365 783 2424 Ecclesia,
836 2351 1002 2409 Corinthios
1015 2352 1098 2423 dicit,
1114 2353 1150 2409 de
1168 2351 1359 2412 inminutione
1376 2360 1547 2416 sententiam
1566 2375 1659 2433 expo-

119 2454 271 2523 mstomm,
287 2465 352 2507 cum
368 2456 394 2508 g,
409 2454 494 2509 epa„
514 2454 549 2510 ,d
570 2455 623 2511 boc
643 2470 784 2527 provoca.
837 2452 907 2495 nens
920 2438 1061 2509 Apostoli.
1077 2440 1223 2512 «iudicis,
1238 2442 1365 2513 inquam,
1380 2458 1437 2502 non
1449 2448 1565 2504 estsine
1577 2462 1658 2506 accu-

98 2535 149 2595 tris
161 2539 318 2608 apostolica
330 2541 538 2599 exhortatione.
553 2546 636 2600 Nunc
648 2558 713 2602 vero
725 2545 783 2601 pte.
837 2532 931 2584 satore
942 2527 1077 2584 domnam
1089 2546 1096 2597 3
1110 2528 1179 2599 qnia
1193 2530 1333 2587 Dominus
1346 2532 1459 2605 iudam,
1474 2548 1539 2591 cnm
1555 2534 1659 2593 inisset

105 2625 270 2696 scribimus,
292 2628 420 2686 nolentes
438 2630 565 2700 alicujus
577 2632 712 2691 Ecclesiae
727 2634 783 2704 pri·
837 2613 894 2686 suiv
915 2616 984 2686 (luia
1002 2627 1059 2717 ¹¹⁰9
1080 2620 1241 2689 ³⁰⁰1¹⁵³1¹¹⁵s
1265 2618 1384 2719 minime
1404 2620 1518 2691 iblecil·
1538 2623 1659 2726 C0iissi¹fi

112 2712 278 2788 intringere,
297 2716 365 2773 licet
376 2719 533 2788 apostolica
549 2722 736 2794 praerogativa
746 2723 783 2779 de
836 2708 931 2804 aufem
945 2716 1030 2805 ⁰9⁰ss
1042 2709 1109 2776 ¹⁵t⁰v
1121 2705 1284 2806 Pe¹¹⁰¹¹ql¹m
1293 2707 1376 2807 “lum
1390 2708 1513 2809 dim
1523 2708 1660 2812 ’snm‘

106 2802 233 2861 Καρδίῃ
251 2805 388 2862 clericum
407 2807 550 2882 ,rdinm’
571 2813 624 2866 eg,
836 2796 906 2849 tatis
925 2797 1047 2849 censuit.
1066 2793 1171 2850 Omnes
1187 2807 1264 2851 enum
1281 2809 1390 2853 crimen
1405 2811 1469 2867 evus
1488 2799 1619 2857 serebant
1629 2805 1658 2857 et

837 2895 893 2939 non
907 2881 1074 2954 arguebant.
1095 2882 1212 2941 Publice
1231 2884 1309 2940 enim
1328 2898 1476 2943 novercam
1497 2901 1578 2945 snam
1596 2889 1659 2947 loco

326 2949 411 3005 iivli.
837 2969 938 3027 uxoris
951 2968 1082 3027 babebat.
1097 2973 1128 3027 in
1144 2984 1200 3042 qua
1215 2985 1245 3028 re
1258 2987 1350 3045 neque
1365 2975 1489 3034 testibus
1503 2989 1577 3047 opus
1586 2982 1656 3035 erat

98 3084 126 3129 tn
144 3085 305 3129 norcnnrnu
324 3087 468 3131 necessum
488 3090 646 3134 priscorum.
798 3079 823 3144 c
840 3071 930 3130 necue
944 3056 1180 3131 tergiversatione
1193 3058 1292 3130 aliqua
1307 3066 1418 3130 poterat
1438 3063 1495 3135 tegi
1508 3066 1657 3121 crimen.»

279 3196 370 3268 (Anno
388 3196 462 3271 894.)
836 3147 872 3203 Iit
887 3147 972 3217 paulo
994 3151 1075 3218 post:
1087 3147 1194 3203 Absens
1210 3150 1294 3217 socie,
1313 3165 1435 3220 praesens
1453 3157 1544 3207 cutem
1562 3158 1660 3209 aucto-

836 3238 918 3291 m'tctc
938 3235 1059 3306 Spiritus
1082 3237 1131 3306 qni
1150 3251 1288 3307 nusquam
1305 3238 1390 3302 abest,
1405 3239 1468 3308 jnm
1481 3239 1610 3309 judicavi
1628 3245 1660 3297 ut
1718 3265 1720 3269 ·

98 3324 180 3392 iguo
201 3325 306 3379 ratione
327 3325 365 3380 ed
382 3326 491 3381 ordines
507 3327 699 3383 ecclesiasticos
713 3344 781 3399 prc-
832 3339 956 3395 praecem
970 3339 1041 3388 eum,
1064 3326 1113 3394 poi
1132 3325 1180 3381 loc
1198 3325 1319 3389 admisit,
1339 3327 1415 3382 trudi
1434 3327 1546 3383 satem
1564 3331 1595 3385 in
1609 3330 1659 3385 in-

98 3390 142 3449 lus
155 3394 193 3448 sit
205 3394 318 3450 clectos
331 3397 376 3451 cui
390 3397 494 3465 digitus
508 3398 645 3454 abscissus
660 3405 708 3455 est.
836 3415 950 3482 sericum
967 3416 1068 3469 camis,

98 3546 158 3593 nus
172 3536 335 3610 episcopus,
356 3552 455 3597 servus
470 3554 616 3599 servorum
631 3542 693 3615 Dei,
710 3542 784 3600 liot·
1216 3520 1280 3579 XX·

98 3625 181 3683 imi
196 3626 339 3698 θβῑῦὓθβῡ·
979 3642 1138 3719 unjneonmr
1156 3658 1338 3703 rnmvnusms
1356 3660 1516 3705 miscernus.

98 3715 782 3789 rprsescutiumFlaviuus,scilicetclericnsad
1026 3772 1061 3826 Fr
1124 3776 1169 3827 m
1239 3801 1277 3813 -
1290 3771 1348 3841 (Aa
1396 3769 1446 3828 89⁴
1458 3773 1472 3845 )

114 3802 209 3861 sedem
237 3806 423 3876 apostolicam
452 3809 569 3866 veniens
588 3809 696 3869 detulit
716 3823 733 3866 a
757 3815 784 3866 te
1061 3787 1123 3840 “9³⁷¹
1170 3787 1224 3827 “¹²²⁶
1348 3788 1383 3828 '¹⁰
1452 3814 1459 3826 ·

98 3897 204 3949 rectam
227 3894 388 3967 epistolam,
409 3911 465 3967 qun
486 3897 621 3971 indagare
642 3901 783 3958 studuisti
874 3896 913 3950 De
926 3893 1048 3951 crimine
1061 3894 1117 3950 sibi
1132 3894 1213 3952 illato
1225 3894 1365 3952 diaconus
1377 3900 1445 3953 tuus
1459 3896 1609 3953 verissime
1621 3894 1661 3952 la·
1681 3974 1684 3986 .

98 3982 232 4038 irmannis
242 3983 407 4052 nuperrime
417 3990 530 4055 captum
544 3986 671 4045 sinistrae
683 4002 783 4046 manus
839 3982 953 4039 tebatur
966 3996 997 4039 se
1010 3995 1072 4039 esse
1084 3983 1250 4040 immunem.
1274 3985 1474 4041 Verumtamen
1489 3984 1514 4041 si
1530 3984 1660 4056 suspicio

105 4066 209 4126 babere
227 4071 398 4144 abscissum,
417 4074 570 4131 sciscitans
580 4076 605 4132 si
625 4076 661 4134 ob
678 4077 730 4133 boc
747 4077 782 4134 ad
838 4086 924 4142 super
933 4070 1078 4129 viaculum
1089 4072 1122 4142 [s.
1133 4069 1289 4148 piaculum]
1302 4072 1431 4148 hebetur,
1441 4078 1471 4129 et
1479 4078 1660 4131 accusatores

98 4156 186 4215 licum
209 4160 338 4217 ordinem
356 4162 462 4220 valeret
475 4166 646 4238 promoveri,
662 4180 698 4222 au
713 4179 780 4222 non.
839 4159 934 4217 idonei
956 4159 1141 4232 reperiuntur
1163 4164 1191 4216 et
1212 4164 1298 4217 testes
1320 4160 1418 4232 quales
1442 4160 1516 4218 sacri
1538 4175 1661 4219 canones

107 4260 161 4305 noo
180 4250 363 4322 reperientes,
388 4253 458 4323 quia
478 4253 596 4310 solertia
620 4259 670 4310 tua
691 4255 783 4327 magis
837 4249 980 4321 sanctum,
997 4262 1062 4307 cum
1077 4246 1166 4306 luerit
1178 4247 1317 4319 legitimis
1332 4249 1455 4307 testibus
1469 4249 1657 4322 approbatus,

98 4336 277 4394 ceollicitaa
292 4340 359 4396 sede
373 4340 529 4412 apostolica
544 4343 656 4399 edoceri
672 4343 782 4415 dagitat
839 4339 976 4395 canonica
996 4337 1138 4395 sententia
1162 4336 1292 4394 feriatur.
1308 4345 1320 4373 ⁰
1334 4338 1414 4406 Quod
1437 4338 1463 4393 si
1488 4350 1539 4393 nec
1557 4343 1658 4407 sponte

105 4424 229 4495 iustitiae
252 4440 363 4498 semper
382 4429 464 4500 sequi
484 4434 630 4503 exoptans,
652 4431 781 4487 studium
798 4410 999 4497 Dconfltetur,
1015 4440 1105 4499 neque
1121 4425 1243 4498 legitimi
1260 4430 1441 4481 accusatores
1454 4425 1497 4481 vel
1512 4428 1599 4481 testes
1610 4438 1660 4480 rc-

98 4512 207 4570 ctitatis
233 4515 335 4572 merito
363 4517 570 4589 collaudamus,
596 4520 781 4576 reverentiam
837 4516 912 4586 perti
930 4512 1047 4588 luerint,
1062 4519 1090 4572 et
1107 4514 1180 4571 mala
1195 4512 1269 4570 lama
1288 4513 1453 4576 crebrescit,
1471 4525 1528 4570 non
1543 4511 1660 4584 publico

98 4602 266 4660 recolentes
281 4605 467 4675 quoniamst
482 4606 522 4663 ita
536 4609 667 4679 estquod
681 4611 782 4665 aNor-
836 4605 977 4677 examine,
1003 4604 1051 4661 sed
1078 4617 1173 4660 coram
1196 4609 1223 4660 te
1244 4608 1272 4660 et
1291 4616 1386 4659 coram
1410 4600 1660 4658 reverendissimis

98 4688 211 4764 ligitnm
223 4691 317 4761 ipsum
334 4693 435 4750 babeat
444 4694 614 4768 abscissum,
625 4696 661 4753 ad
675 4711 785 4767 promo-
838 4692 1011 4766 presbyteris
1024 4698 1053 4749 et
1063 4692 1195 4750 diaconis
1207 4696 1315 4749 secreto
1328 4692 1490 4762 juramento
1504 4704 1535 4747 se
1546 4692 1658 4761 purget,

109 4777 222 4836 sialias
234 4781 342 4853 diguus
360 4780 459 4854 inerit,
478 4784 553 4840 nibil
568 4785 595 4841 ei
611 4785 733 4858 nocebit,
749 4799 782 4844 eo
837 4787 867 4839 et
887 4788 919 4841 tu
938 4782 1074 4852 deinceps
1095 4780 1162 4838 boni
1184 4780 1344 4837 testimonii
1367 4791 1432 4836 eum
1452 4779 1604 4851 annuntia,
1629 4783 1659 4836 ot

98 4866 120 4925 id
135 4868 172 4925 de
186 4869 233 4925 bis
246 4871 296 4941 qui
307 4882 324 4926 a
336 4871 473 4943 dominis,
488 4872 531 4928 vel
547 4873 678 4949 medicis,
691 4875 752 4932 sive
766 4888 783 4933 a
837 4884 993 4943 compesce,
1015 4875 1044 4928 et
1063 4882 1209 4926 commone
1226 4869 1360 4926 Ecclesle
1380 4874 1436 4925 tuae
1457 4868 1545 4942 tilios,
1559 4881 1595 4925 ne
1609 4881 1660 4925 sa-

121 4968 179 5014 non
210 4964 311 5029 sponte
337 4960 394 5016 tale
418 4962 487 5032 quid
520 4961 681 5036 patiuntur,
707 4964 782 5021 sacri
837 4959 980 5018 cerdotem
993 4958 1044 5015 Dei
1060 4957 1189 5015 ulterius
1198 4954 1337 5012 infamare
1352 4959 1535 5028 presumant,
1549 4956 1661 5013 timen-

124 5058 256 5119 mnones,
290 5049 473 5106 dilectionem
502 5054 579 5107 tuom
609 5052 697 5109 latere
727 5067 782 5111 non
838 5053 881 5105 tes
895 5047 971 5120 qnod
984 5047 1072 5105 cbam
1084 5044 1254 5102 maledictus
1267 5048 1320 5103 est.
1337 5043 1412 5117 quod
1433 5044 1525 5115 patris
1538 5045 1660 5102 verenda

98 5146 116 5205 v,
125 5146 211 5205 quam
224 5135 251 5191 ei
263 5135 379 5193 obviare
388 5137 499 5210 debere,
510 5140 536 5195 si
549 5140 588 5196 ita
599 5145 651 5212 est,
664 5141 783 5198 minime
835 5136 950 5194 derisit.

98 5266 231 5333 ileicnsem
244 5278 325 5334 atiert
343 5276 401 5349 130,
417 5294 460 5406 ep.
476 5279 520 5336 86.
838 5286 943 5339 Notant
965 5295 1031 5338 vero
1062 5278 1181 5336 Romani
1216 5277 1335 5335 canonis
1365 5277 1453 5348 hujus
1484 5280 1659 5333 correctores

99 5347 184 5405 ianus
198 5349 267 5405 dist.
286 5347 330 5421 iil,
349 5365 411 5406 can.
452 5357 521 5406 vetor.
839 5356 911 5411 hanc
926 5351 1074 5423 epistolam
1092 5352 1231 5423 integram
1245 5357 1356 5406 exstare
1370 5349 1399 5404 in
1412 5347 1580 5406 collectione
1592 5359 1660 5417 qua·

106 5418 177 5485 onio
192 5424 216 5474 it
233 5418 277 5492 38,
294 5420 362 5477 dist.
380 5419 425 5477 tid.
837 5428 902 5483 dam
923 5435 1064 5480 canonum
1084 5422 1218 5477 Vaticano
1234 5420 1270 5476 ab
1290 5434 1430 5501 anonymo
1447 5419 1477 5475 di
1498 5422 1567 5472 esta.
1586 5485 1593 5498 .

98 5488 189 5617 Ιῧξιιω
213 5489 401 5564 fragmentum
424 5494 523 5562 paucis
545 5496 663 5552 mutatis
677 5496 783 5569 legitur
871 5495 967 5551 ⁰Cau.
986 5495 1025 5549 Dc
1044 5495 1156 5577 crimine
1173 5489 1302 5576 ⁴5e‘1·3'5r
1320 5493 1464 5572 lvo-epist.
1518 5527 1526 5559 ,
1544 5499 1595 5556 qur
1612 5488 1659 5540 ta-

149 5563 298 5629 manifeste
311 5560 338 5619 2.
355 5578 382 5634 q.
402 5561 426 5618 i.
450 5565 589 5621 recitatur
610 5580 645 5623 uc
666 5580 702 5625 cx
715 5569 782 5640 cpi-
838 5580 901 5625 men
922 5578 973 5638 pro
993 5565 1144 5621 Tbennmmt
1160 5562 1231 5637 legit
1249 5564 1387 5635 manens.

98 5630 197 5701 apbant
223 5646 304 5703 papoe
326 5635 348 5690 V
370 5634 405 5690 ad
430 5635 548 5692 Leonem
573 5581 780 5700 T‘ieanensenr.
