3876 6090
112 212 165 270 663

730 215 906 271 anastasii
933 214 1203 274 blitthTllhuhlttt

1770 216 1823 273 titt

112 332 267 404 nuntiavit,
294 346 327 390 66
345 332 499 390 multorum
520 335 657 391 utilitatis
678 340 763 405 atque
782 331 979 397 6616616666
995 337 1106 392 mittere
1122 339 1236 407 praelato
1253 340 1369 395 domino
1384 342 1482 395 nostro
1496 343 1524 394 et
1540 337 1723 408 amplissimo
1740 337 1826 407 patri-

112 436 181 479 66666
197 423 291 493 166166
315 422 463 490 661661666
479 423 685 478 consolationis
707 436 792 477 causa
815 422 869 476 viri
896 426 937 476 est

112 513 187 571 66666
202 511 362 582 praesentia,
382 516 409 566 et
427 524 546 581 nequam
567 524 678 581 nomen,
702 511 775 580 quod
792 510 851 564 veri
867 522 939 578 apo-

112 600 328 658 stataevcritatis
338 598 422 653 nobis
434 599 641 668 imposuerunt,
655 598 937 666 ettuucdissipatum

109 693 164 757 666,
180 693 208 742 66
221 687 336 742 evidens
354 686 454 741 multis
464 686 569 740 veritas
585 685 657 741 facta
672 691 723 741 est.

993 424 1038 478 cio
1053 432 1080 480 et
1106 441 1169 481 cum
1189 428 1245 483 1166
1272 428 1408 500 magistro
1430 427 1577 498 Gregorio.
1598 426 1747 495 Quatenus
1773 426 1826 480 hoc

995 507 1139 581 facientes,
1152 515 1319 584 percipiatis
1328 515 1376 584 qui
1390 528 1423 570 ex
1437 516 1499 583 ipso
1510 512 1683 584 profecerint
1693 511 1824 568 bonomo

992 597 1106 654 Christo
1119 601 1176 656 1166
1191 609 1289 657 nostro
1307 603 1470 657 mercedem.

1029 686 1164 741 l‘raeterea
1187 688 1252 744 misi
1275 691 1308 745 ad
1332 702 1454 758 praesens
1469 702 1533 745 cum
1552 688 1606 744 hac
1625 686 1751 757 epistola
1767 700 1827 741 mea

146 777 197 832 1116
220 776 318 845 itaque
335 775 419 830 honis
441 774 487 828 hic
510 774 625 844 proprio
646 773 767 828 advento
790 772 936 841 correctis,
991 773 1049 828 Deo
1072 774 1289 832 honorabilibus
1304 776 1395 846 vobis,
1412 782 1440 832 et
1455 790 1505 846 per
1516 789 1567 831 vos
1581 775 1774 831 sanctissimae
1796 788 1828 830 ac

111 864 219 922 nobilis
228 864 278 919 ille
286 862 339 931 vir,
352 863 487 917 Kalendis
500 862 646 917 ianuariis
656 868 759 916 octava.
769 860 940 917 indictionis

112 966 175 1025 quae
194 951 276 1007 modo
290 949 439 1020 praeteriit,
455 950 529 1018 apud
549 950 656 1004 Christi
671 949 794 1005 amicum
810 947 940 1018 Abasgia

111 1036 661 1113 66661666666661616161166166061
675 1050 782 1105 omues,
797 1036 848 1105 qui
863 1035 940 1089 huuc

111 1133 260 1197 noverunt,
273 1132 305 1182 ut
318 1131 416 1180 sancto
432 1125 558 1194 requiem
569 1130 748 1194 exoptarunt.
763 1124 940 1192 Quapropter

111 1214 261 1287 oportebat
275 1213 413 1283 quosdam
423 1225 457 1267 ex
472 1212 646 1266 vestratibus
658 1212 706 1266 1161
722 1211 898 1266 amatoribus
913 1217 941 1265 66

111 1304 267 1362 secundum
288 1303 438 1358 scientiam
456 1300 546 1356 zelum
564 1301 614 1355 Dei
631 1299 802 1354 habentibus
824 1298 879 1354 huc
891 1313 943 1354 ve-

111 1393 185 1461 nire,
196 1397 224 1448 et
235 1404 297 1461 666
314 1390 444 1445 veritatis
456 1393 484 1443 et
495 1402 545 1457 pro
563 1388 681 1442 veritate
696 1396 762 1443 suut
782 1387 938 1457 testificari,

112 1485 144 1536 ut
158 1487 186 1536 et
208 1479 378 1537 orthodoxia
397 1477 486 1549 magis
502 1477 710 1532 convalesceret
729 1481 757 1531 et
779 1476 942 1532 introducta

18 1569 20 1573 ’
111 1570 223 1624 novitas
244 1581 293 1637 per
307 1566 432 1635 amplius
446 1570 623 1636 argueretur.
640 1564 692 1619 Sed
713 1570 741 1617 et
754 1577 805 1634 ego
822 1564 943 1619 humilis

993 860 1157 916 orthodoxae
1174 878 1235 933 quae
1247 864 1309 919 illic
1323 863 1517 932 estEcclesiae,
1534 863 1659 919 rotulam
1677 863 1827 918 habentem

995 950 1161 1006 testimonia
1173 966 1207 1006 ex
1221 953 1310 1008 dictis
1322 953 1413 1008 sancti
1428 950 1571 1022 Hippolyti
1585 952 1714 1021 episcopi
1727 952 1829 1008 Portus

995 1036 1124 1107 11666661,
1137 1053 1169 1094 66
1183 1041 1315 1110 martyris
1332 1040 1440 1096 Christi
1459 1040 1509 1096 1161
1524 1039 1632 1096 nostri:
1661 1053 1718 1110 quo
1729 1045 1758 1095 66
1780 1054 1830 1110 666

996 1137 1028 1179 ea
1048 1138 1129 1180 nosse
1150 1126 1278 1182 habeatis
1302 1141 1386 1197 quam
1401 1127 1581 1184 conrorditer
1601 1140 1667 1183 cum
1682 1125 1755 1182 aliis
1772 1140 1829 1182 om·

997 1211 1083 1267 nibus
1100 1215 1208 1269 sanctis
1222 1214 1356 1271 Patribus
1376 1221 1404 1270 et
1417 1215 1505 1270 ardue
1528 1215 1601 1270 duas
1615 1215 1771 1271 salvatoris
1784 1227 1831 1269 66

998 1300 1050 1354 6661
1071 1301 1135 1355 1666
1159 1301 1266 1357 Christi
1293 1302 1426 1371 praedicet
1439 1305 1556 1357 naturas
1578 1308 1608 1357 et
1629 1302 1828 1372 operationes:

997 1385 1108 1443 refellat
1119 1395 1212 1443 autem
1225 1403 1274 1446 eos
1285 1391 1335 1460 qui
1350 1404 1432 1446 unam
1449 1390 1641 1459 operationem
1652 1394 1680 1444 et
1696 1395 1830 1445 naturam

998 1489 1083 1531 unam
1101 1477 1266 1533 divinitatis
1286 1485 1313 1534 et
1334 1479 1522 1534 humanitatis
1536 1479 1599 1547 ejus
1613 1478 1827 1549 dogmatizant:

998 1570 1095 1633 utpote
1118 1566 1387 1621 (convertibilitatem
1417 1567 1504 1622 simul
1533 1571 1561 1621 et
1587 1565 1828 1634 commistionem,

111 1655 306 1714 consolatione
318 1668 351 1710 66
372 1653 525 1709 6616661666
541 1653 657 1721 6661666,
682 1657 710 1706 66
731 1651 876 1707 venientes
888 1649 941 1706 bo·
958 1651 981 1710 Β
997 1651 1250 1722 confusionemque
1263 1668 1296 1709 66
1309 1654 1480 1710 6161616666
1503 1654 1656 1724 utriusque
1669 1653 1831 1722 16616666-

111 1758 176 1802 uam
191 1742 332 1799 aChristo
346 1742 414 1812 1166,
429 1753 550 1810 proquo
570 1740 655 1794 etiam
668 1744 817 1809 causaest,
834 1752 943 1793 merce-

110 1833 174 1890 dem
199 1831 397 1902 perciperent3
419 1833 448 1883 et
469 1828 591 1883 maxime
609 1841 673 1883 cum
688 1839 779 1897 66666
802 1826 943 1881 66111166-

111 1921 184 1977 riam
200 1918 293 1988 illinc,
319 1922 352 1973 ut
366 1916 468 1981 didici,
489 1916 616 1986 veniant,
641 1915 726 1983 cujus
741 1915 783 1969 rei
801 1914 893 1984 gratia
914 1919 943 1968 et

112 2007 168 2065 hue
195 2006 314 2061 minime
332 2005 460 2060 veniunt.
486 2002 609 2058 Obsecro
637 2003 728 2072 igitur
746 2001 944 2057 sanctissimos

110 2100 170 2166 vos,
192 2093 217 2148 si
239 2091 376 2163 possibile
395 2090 493 2159 fuerit,
513 2089 670 2144 transmitti
692 2089 763 2143 milu
780 2102 830 2158 per
842 2102 945 2158 quem-

113 2197 198 2256 quam
215 2181 324 2237 fidelem
346 2180 451 2249 virum,
472 2192 505 2233 ex
532 2177 578 2233 bis
604 2178 652 2248 qui
667 2178 701 2233 ad
723 2177 868 2232 Hiberiam
895 2190 946 2232 ve-

112 2272 209 2342 niunt,
232 2269 357 2325 codicem
384 2280 481 2322 eorum
505 2281 567 2336 quae
590 2266 726 2321 canonice
747 2270 825 2336 gesta
851 2270 946 2319 sunta

112 2356 429 2427 666666666666661166
450 2354 556 2425 synodo
577 2369 640 2424 quac
664 2368 714 2422 per
737 2367 844 2408 sacram
870 2367 946 2421 666-

111 2449 270 2519 eeptionem
293 2445 384 2500 sancti
409 2442 543 2512 martyris
568 2447 595 2496 et
618 2440 768 2509 apostolici
785 2453 817 2494 ac
840 2440 943 2494 summi

112 2549 192 2610 papae
207 2533 322 2588 lfartini
338 2533 367 2586 iu
382 2531 494 2591 seniore
510 2532 595 2584 ltoma
605 2535 648 2584 est
663 2528 823 2584 celebrata:
842 2533 945 2597 66666-

112 2638 169 2682 666
184 2620 381 2690 multomagis
400 2632 479 2674 sacra
492 2624 655 2673 sanctorum
671 2618 785 2672 Patrum
801 2616 942 2687 dogmata,

112 2715 141 2768 66
155 2723 218 2782 quae
235 2707 305 2764 olim
320 2712 348 2762 et
362 2718 438 2761 nunc
453 2711 557 2760 exortae
570 2711 637 2759 sunt
659 2704 857 2758 hereticorum
873 2701 945 2756 abo-

114 2798 299 2862 6166616666,
314 2793 504 2849 evidentiores
519 2791 567 2846 hic
581 2791 683 2860 positis
702 2790 871 2845 efficiantur.
888 2791 945 2845 lioc

113 2889 190 2947 euim
209 2881 407 2940 tantummodo
429 2880 515 2935 etiam
537 2879 620 2935 iuviti
636 2884 664 2933 66
686 2878 814 2934 66166666
835 2877 946 2932 1661666

998 1745 1068 1796 turae
1079 1740 1291 1797 annuntiantes.
1312 1740 1435 1808 Quaerite
1445 1755 1513 1796 sane
1525 1741 1680 1812 diligenter
1693 1740 1832 1809 huiusce-

998 1829 1074 1884 modi
1092 1842 1203 1884 sacrum
1219 1829 1313 1884 Patris
1327 1829 1410 1885 illius
1423 1828 1540 1897 librum,
1554 1828 1712 1884 meandum
1727 1840 1831 1897 super-

998 1916 1182 1986 scriptionem
1205 1931 1267 1986 quae
1280 1917 1455 1973 testimoniis
1469 1917 1640 1987 6666661666
1653 1917 1683 1971 Sl
1698 1915 1776 1970 euim
1791 1914 1832 1969 iu·

998 2006 1135 2061 veneritis
1149 2019 1223 2074 eum,
1247 2005 1336 2060 multa
1350 2009 1378 2061 et
1392 2005 1549 2060 necessaria
1572 2004 1706 2074 poteritis
1719 2017 1752 2059 ex
1769 2003 1831 2072 ipso

999 2094 1091 2164 legere
1115 2093 1279 2149 testimonia
1305 2107 1392 2162 super
1418 2093 1525 2148 eisdem
1553 2091 1711 2147 salvatoris
1740 2090 1831 2147 nostri

1001 2183 1112 2239 naturis
1131 2189 1159 2236 66
1177 2180 1401 2251 operationibus.
1432 2182 1512 2236 11666
1524 2181 1630 2250 661666
1652 2179 1762 2236 librum
1778 2181 1838 2250 lly-

1000 2270 1088 2326 tantii
1110 2269 1202 2339 nobis,
1227 2275 1377 2339 autequam
1401 2269 1476 2336 passi
1500 2266 1666 2337 fuissemus,
1693 2266 1837 2335 delatum,

1000 2372 1065 2414 cam
1080 2357 1154 2413 hunc
1167 2363 1257 2412 totum
1271 2356 1407 2413 vellemus
1418 2356 1620 2424 transcribere,
1637 2354 1738 2410 subito
1751 2355 1836 2424 Juxta

999 2446 1234 2502 consuetudinem
1250 2457 1329 2500 suam
1343 2445 1508 2500 insistentes
1519 2443 1675 2498 adversarii
1688 2442 1833 2498 latronum

1001 2546 1077 2589 more
1088 2538 1254 2602 rapuerunt,
1271 2537 1297 2587 66
1318 2545 1372 2587 666
1384 2532 1528 2587 valuimus
1547 2545 1580 2585 ex
1594 2531 1657 2600 ipso
1681 2529 1832 2600 plusquam

1000 2620 1059 2676 haec
1081 2625 1144 2676 octo
1159 2621 1322 2676 testimonia
1339 2619 1447 2676 tollere.
1464 2619 1543 2687 Quod
1557 2632 1623 2674 vero
1638 2631 1682 2673 me
1699 2619 1729 2673 in
1742 2617 1833 2673 medio

1000 2722 1098 2764 eorum
1112 2722 1174 2779 quac
1192 2708 1270 2764 dicta
1288 2713 1356 2762 sunt
1373 2706 1460 2762 latuit
1482 2706 1577 2762 dicere
1590 2718 1645 2761 666
1662 2705 1830 2777 pigritabor·

1000 2798 1056 2853 lloc
1086 2797 1167 2866 61666
1188 2800 1241 2864 666,
1262 2795 1330 2865 6616
1352 2809 1416 2850 666
1444 2793 1667 2864 evangelizatum
1693 2791 1832 2849 fuisseta

1000 2892 1104 2942 666666
1128 2883 1270 2938 6666616
1284 2882 1389 2937 domno
1405 2880 1548 2951 Stephano
1571 2881 1606 2936 de
1621 2882 1736 2936 unitate
1750 2885 1833 2949 atque

113 2977 231 3039 bonum,
258 2971 309 3042 qui
339 2971 427 3024 Deum
449 2973 477 3023 ti
498 2980 550 3022 ¹¹0⁵
578 2967 685 3035 11111561
715 2959 1161 3042 bersetuunluttflconcordia,
1189 2984 1251 3039 quae
1279 2969 1384 3025 ibidem
1408 2970 1536 3025 omnium
1569 2982 1619 3038 per
1645 2968 1832 3025 orthodoxam

115 3063 224 3136 quiain
235 3060 348 3117 diversa
357 3058 418 3112 loca
432 3063 460 3112 et
472 3056 601 3127 regiones
611 3068 662 3110 666
670 3055 833 3110 6666166666
845 3058 944 3124 agunt,

114 3157 148 3210 ut
169 3155 198 3207 et
221 3152 383 3205 sauctorum
406 3146 521 3199 Petrum
544 3142 725 3212 orthodoxia,
747 3155 831 3211 quam
851 3144 879 3195 66
897 3153 947 3194 666

115 3239 316 3313 praedicamus,
336 3247 384 3304 per
412 3231 537 3300 amplius
559 3228 768 3298 manifestetur,
783 3233 811 3283 66
833 3228 947 3297 propria

114 3325 268 3386 cacodoxia
279 3323 309 3378 lu
325 3321 400 3377 66661
415 3320 476 3375 1666
494 3325 522 3374 66
538 3318 653 3388 regione
674 3317 837 3386 publicetur
855 3321 882 3371 et
898 3330 949 3370 ar-

115 3421 230 3491 guatur,
248 3412 405 3471 secuudum
419 3411 502 3466 illum
518 3409 609 3464 sancti
625 3408 754 3478 Dionysii
771 3418 785 3448 a
801 3406 948 3476 ,Athena-

115 3520 180 3564 rum
205 3502 332 3574 episcopi
357 3504 386 3556 66
410 3498 555 3568 martyris,
573 3497 705 3551 veritatis
728 3495 854 3561 affatum,
871 3491 946 3562 quod

115 3595 175 3651 alt:
197 3593 278 3648 Novit
301 3592 372 3643 116666
395 3587 497 3639 6661666
522 3585 564 3637 661
589 3584 696 3642 honum,
722 3583 752 3634 ht
771 3586 819 3643 est,
842 3585 872 3632 at
898 3581 948 3631 bo-

116 3698 202 3747 rtum3
232 3683 257 3735 66
286 3676 362 3746 opud
382 3689 442 3726 6666
465 3687 553 3726 cause
577 3673 711 3724 malornm
742 3671 854 3722 uirtutes
883 3672 946 3721 sunt

118 3769 322 3836 benefacientes.
350 3762 457 3816 Bonum
473 3758 548 3814 enim
571 3757 710 3812 veraciter
724 3761 777 3815 est.
803 3761 947 3823 paternam

117 3855 233 3928 quidem
253 3848 463 3915 orthodoxiam,
488 3851 519 3900 ut
533 3844 607 3913 dixi,
631 3842 812 3898 manifestare
831 3851 858 3900 et
878 3856 950 3898 con-

117 3944 241 4009 firmare,
259 3936 421 3993 hereticam
443 3948 509 3989 vero
535 3931 729 4000 cacodoxiam,
751 3931 899 4000 publicare
918 3943 951 3991 66

117 4030 297 4098 redarguere,
328 4037 391 4078 cum
418 4035 466 4091 per
494 4019 597 4075 exsilia
623 4019 650 4074 id
676 4026 703 4075 et
726 4020 799 4075 alias
825 4018 952 4074 tribula-

63 4140 69 4155 *
118 4121 212 4177 616666
233 4116 378 4188 gignatur.
394 4113 441 4167 Sic
460 4110 536 4166 enim
552 4109 587 4164 ab
601 4109 686 4164 initio
706 4108 822 4164 verbum
836 4107 949 4177 quidem

116 4207 272 4264 dilatatum
297 4207 340 4257 est
363 4200 515 4266 veritatis3
539 4211 620 4267 porro
644 4197 801 4266 impictatis
823 4197 952 4250 minora-

1000 3058 1207 3118 confessiouem
1233 3058 1267 3113 ad
1289 3058 1411 3112 invicem
1430 3062 1457 3112 et
1484 3057 1518 3112 ad
1542 3057 1630 3112 Deum
1658 3054 1758 3111 effecta
1782 3064 1833 3125 est,

1001 3146 1160 3220 spirituali,
1177 3160 1209 3201 66
1224 3146 1249 3200 61
1263 3159 1359 3201 coram
1373 3146 1430 3201 1166
1447 3144 1523 3212 dico,
1540 3144 1642 3200 laetitia
1658 3158 1724 3200 suut
1741 3144 1836 3215 reple-

1002 3243 1059 3305 tus,
1075 3239 1103 3291 et
1118 3234 1261 3306 gratificos
1274 3233 1393 3302 hymnos
1409 3246 1459 3301 pro
1473 3232 1571 3287 taliae
1588 3236 1667 3287 tanto
1690 3231 1766 3287 houo
1781 3232 1837 3286 mi-

1003 3323 1141 3382 sericordi
1165 3325 1222 3378 1166
1237 3322 1304 3377 11666
1327 3325 1456 3390 peccator
1473 3320 1568 3389 retuli,
1583 3324 1611 3375 et
1629 3317 1757 3375 referens
1784 3333 1838 3375 nou

1003 3412 1137 3468 cessabo:
1165 3415 1262 3479 petens
1283 3408 1354 3463 hanc
1378 3408 1524 3477 usquein
1548 3407 1631 3462 finem
1659 3406 1837 3462 immobilem

1002 3498 1165 3556 conservari
1181 3498 1214 3551 ad
1239 3496 1453 3567 benignissimae
1473 3494 1680 3551 misericordia
1692 3509 1754 3551 666
1774 3495 1840 3566 glo-

1003 3587 1075 3643 riam
1096 3591 1124 3641 et
1139 3585 1258 3641 salutem
1280 3590 1416 3639 nostram.
1441 3585 1552 3653 vosque
1572 3585 1629 3637 1166
1643 3582 1838 3650 honorabiles,

1004 3682 1031 3732 et
1059 3687 1157 3732 omnes
1180 3673 1229 3744 661
1252 3672 1399 3728 vobiscum
1419 3675 1487 3728 sunt
1511 3677 1634 3740 6666666,
1660 3684 1694 3726 66
1720 3685 1772 3741 per
1790 3685 1841 3727 vos

1005 3771 1092 3821 totam
1118 3765 1255 3827 sanctam,
1284 3774 1346 3830 quae
1371 3759 1433 3815 11116
1459 3763 1511 3829 666,
1537 3758 1588 3813 1161
1617 3758 1790 3815 catholicam
1813 3766 1842 3814 et

1005 3850 1190 3923 apostolicam
1214 3849 1308 3904 saluto
1336 3847 1501 3904 ecclesiam:
1527 3845 1676 3915 postulans
1696 3847 1751 3902 mei
1773 3861 1842 3916 pec-

1006 3938 1112 3995 catoris
1124 3937 1236 3991 scilieet
1258 3941 1286 3989 66
1304 3933 1400 3989 vincti¹
1414 3932 1578 3988 memoriam
1600 3930 1660 3987 fleri
1682 3931 1712 3986 16
1730 3933 1842 3988 sanctis

1007 4026 1041 4081 ad
1064 4027 1151 4080 116666
1167 4022 1287 4078 directis
1307 4020 1488 4077 orationibus
1500 4019 1603 4074 vestris
1618 4018 1647 4073 in
1670 4020 1782 4075 sanctis
1793 4025 1843 4075 at-

1007 4127 1062 4185 que
1077 4111 1205 4167 colendis
1222 4110 1307 4166 locis:
1324 4124 1356 4163 ac
1376 4108 1511 4177 pretiosis
1522 4106 1651 4177 mihique
1667 4107 1842 4164 desiderau-

1007 4202 1053 4258 dis
1065 4200 1184 4272 syllabis
1196 4199 1299 4254 vestris
1315 4198 1470 4268 fulcienda,
1492 4213 1525 4255 66
1540 4213 1584 4254 me
1600 4199 1752 4255 minimum
1768 4210 1843 4254 cou-
1865 4258 1869 4267 ,

118 4285 180 4356 tutra
198 4291 354 4363 disparuit,
376 4288 599 4358 persecutionem
626 4292 654 4340 et
679 4284 792 4353 exsilia,
820 4298 870 4338 seu
894 4282 1126 4360 aliaDsolando
1154 4292 1240 4358 atque
1269 4288 1376 4343 orando
1402 4291 1432 4342 ut
1460 4286 1566 4358 dignus
1593 4286 1700 4342 efficiar
1726 4285 1842 4341 visique

117 4389 184 4446 dira
206 4380 386 4454 patientibus
399 4383 456 4434 mm
476 4376 584 4432 5111οῑῐὸ
600 4373 755 4444 prophetis,
780 4385 864 4442 quam
880 4385 953 4441 ³b0·
1008 4379 1105 4435 vultus
1121 4377 1218 4445 vestri,
1240 4375 1370 4446 quamvis
1381 4375 1421 4430 sit
1434 4375 1615 4431 temerarium
1630 4375 1723 4440 dictu,
1738 4374 1843 4443 prius-

119 4475 213 4546 60686
235 4470 403 4539 caetelis(llll
428 4464 583 4536 magistris·
611 4463 684 4531 Elss⁰
705 4460 740 4530 Sl,
758 4467 789 4515 ut
810 4461 948 4532 fliflissli,
1007 4479 1091 4537 quam
1108 4471 1137 4519 66
1151 4464 1212 4533 1666
1225 4462 1297 4517 6666
1310 4463 1442 4518 miseram
1455 4467 1483 4518 66
1494 4462 1649 4517 multarum
1664 4460 1842 4516 tribulatio·

119 4580 136 4622 a
156 4566 214 4620 1166
232 4558 395 4631 compuncti
411 4567 523 4611 sacrum
545 4551 670 4607 codicem
690 4549 839 4617 miseritis,
862 4550 953 4619 siqui·
1006 4568 1074 4612 num
1096 4553 1183 4608 viram
1198 4551 1339 4607 exp—aqam,

119 4654 184 4711 dem
205 4649 349 4707 voluerint
368 4646 419 4716 qui
433 4645 509 4698 hunc
531 4639 672 4710 portaturi
689 4643 757 4694 sunt
777 4639 832 4694 huc
843 4639 949 4707 venire,
1336 4689 1512 4747 SCHOHON.

120 4741 155 4798 ad
179 4737 403 4795 famosissimum
427 4736 455 4788 66
474 4732 530 4784 1166
545 4728 764 4785 custodiendum
784 4727 949 4798 patricium,

121 4834 151 4888 et
175 4828 318 4884 66661166
341 4822 507 4893 magistrum
532 4817 699 4890 Gregorium
725 4820 824 4886 sponte
848 4829 953 4870 occur·
1043 4818 1123 4874 Obiit
1141 4821 1235 4872 autem
1251 4821 1277 4872 66
1297 4815 1357 4885 ipse
1375 4818 1490 4870 6666666
1503 4814 1586 4868 Pater
1608 4815 1704 4869 noster
1718 4819 1748 4868 et
1771 4827 1845 4869 mar·

123 4924 198 4988 raut,
210 4914 400 4983 suscipientes
415 4909 449 4965 ad
470 4923 533 4963 eum
551 4908 642 4978 palam
656 4907 803 4975 epistolam
818 4918 833 4959 a
850 4905 954 4959 lauda·
1009 4911 1054 4977 tyr
1068 4906 1245 4974 6666666166,
1264 4904 1312 4974 661
1328 4903 1400 4958 hanc
1412 4902 1532 4971 scripsit
1550 4901 1712 4970 epistolam,
1729 4901 1780 4956 die
1792 4903 1844 4958 [16-

123 5007 178 5064 6111
203 5004 325 5075 66661616
346 5006 372 5056 61
396 5005 514 5068 66666666
541 4997 671 5052 hiberia.
695 4996 821 5049 atvero.
844 4994 869 5047 si
892 4991 954 5047 for·
1009 4994 1127 5061 mimico,
1160 4993 1227 5046 hora
1256 4992 1351 5060 tertia,
1382 4992 1484 5060 quinto
1509 4990 1577 5044 ldus
1601 4988 1754 5043 Octobrias
1776 5003 1841 5045 cum

126 5095 213 5153 tussis
238 5094 293 5148 huc
318 5102 408 5159 usque
431 5087 527 5142 venire
554 5085 711 5147 palluerint,
736 5083 865 5137 tribuant
889 5094 954 5136 cum
1011 5084 1041 5138 in
1056 5088 1153 5136 sancta
1169 5077 1422 5145 collectatliceret,
1437 5078 1538 5132 Sancto
1553 5079 1665 5139 sanctis,
1681 5075 1845 5133 indictione

127 5183 262 5258 praedicto
274 5176 413 5236 laudabili
426 5176 538 5244 praetori
552 5173 682 5228 lliberiae.
698 5171 749 5239 qui
760 5169 859 5225 debeat
872 5168 953 5223 illum
1011 5171 1131 5227 decima,

194 5438 234 5493 116
244 5430 358 5490 Divinis
368 5423 549 5484 Nominibus.
