3876 6090
98 279 139 339 sa
284 280 766 344 mnnnrnurnmosruomrm
786 284 1033 343 susumus-
1050 286 1226 345 bonosus
1246 290 1435 349 marcatus
1454 292 1575 348 anana.
1627 242 1634 253 ’
1725 286 1762 347 ss

96 414 171 471 riam
182 415 288 472 missa:
299 414 625 471 allocutiollliaevlcaril
637 415 902 487 lllerosolymltani3
919 409 945 469 A
958 421 1060 478 horum
1075 436 1140 478 cnm
1155 422 1228 479 actis
1242 421 1644 494 conciliabulorrrm,aPhotio
1661 424 1760 479 contra

97 504 239 561 allocutio
254 505 449 561 Romanorum
464 504 656 577 vicariornm3
672 519 734 577 quae
749 505 821 562 lecta
835 509 904 563 sunt
958 525 1057 582 papam
1072 512 1220 569 Nicolaum
1235 517 1264 568 ct
1277 512 1468 582 patriarcham
1481 511 1622 578 lanatinm
1632 516 1761 581 patrato-

94 594 295 663 approbantur
320 613 328 666 3
357 594 483 651 hortatio
509 595 700 651 Romanorum
729 595 902 653 ricarlorunt
957 616 1021 659 rum
1036 601 1197 659 combustio
1212 620 1219 656 ε
1236 601 1353 658 libellus
1367 602 1442 657 Petri
1456 600 1598 670 monachi,
1617 604 1644 656 et
1658 600 1762 657 exami-

93 692 123 738 ct
150 684 273 741 &banis
300 685 415 755 patricii
431 684 466 740 ad
492 684 636 753 Pholium,
663 689 691 740 et
705 686 767 755 ejus
782 699 903 756 respon·
957 692 1035 747 natio
1051 690 1187 748 salsorum
1203 692 1387 761 vicariorum,
1411 692 1488 754 etde
1504 690 1667 761 huiusmodi
1684 689 1759 745 beatl

94 774 151 829 sio.
176 776 243 830 ltem
266 775 394 830 Babanes
418 774 561 845 admonet,
584 778 612 830 et
632 775 752 832 Photius
768 779 851 845 tacet,
874 780 902 833 et
956 795 1035 852 papa
1048 782 1164 837 blartint
1193 781 1373 850 capitulum:
1397 780 1533 838 allocutio
1555 779 1757 850 Mararmanis,

96 864 155 919 sibi
172 864 249 919 datis
265 864 403 935 induciis,
422 864 578 936 egreditur,
594 868 623 921 et
641 879 714 936 saepe
728 864 824 921 dictus
838 865 904 922 Sto-
954 871 1094 927 Theodori
1112 871 1237 927 crithini
1264 869 1440 927 lconomachi
1464 869 1599 934 accersio,
1623 872 1651 924 et
1673 881 1760 937 snper

100 953 216 1024 phanus
232 954 339 1009 laudat.
958 960 1030 1031 ipsis
1042 961 1186 1017 discussio
1195 979 1201 1014 :
1211 960 1370 1031 capitulum
1382 973 1458 1030 papa
1466 959 1577 1015 Nicolai
1586 959 1621 1015 de
1630 956 1761 1023 imaaini·

131 1044 193 1098 lam
208 1057 272 1099 reru
286 1048 364 1100 sexta
378 1043 517 1100 scribitur
539 1044 651 1109 actione
675 1045 766 1102 sessio
788 1045 901 1117 synodi,
957 1049 1178 1121 bus,conrersio
1195 1051 1382 1121 quorumdam
1394 1048 1653 1115 iconomachorum,
1666 1047 1761 1114 impe-

95 1133 904 1206 pronnntiatioltetrophanismetropolitaesmyrna,epa-
958 1141 1063 1196 ratoris
1071 1146 1099 1195 et
1109 1141 1209 1211 synodi
1221 1140 1357 1196 monilis:
1376 1139 1630 1195 anathematismus
1648 1137 1676 1192 in
1696 1138 1760 1192 lco-

96 1223 500 1295 nagnosticumllomanorum
513 1224 686 1281 vicariorum
701 1244 709 1296 3
724 1225 903 1282 intromissio
958 1229 1112 1287 nomacbos
1125 1235 1153 1286 et
1168 1230 1197 1285 in
1212 1231 1346 1286 Photium
1360 1234 1387 1285 et
1408 1234 1514 1300 partem
1536 1229 1598 1298 eius
1619 1226 1756 1297 prolatus,

96 1313 297 1382 episcoporum
310 1312 416 1384 Pbotii,
430 1318 495 1368 ante
518 1328 591 1384 quos
603 1313 681 1370 lectae
694 1318 762 1370 sunt
775 1314 903 1384 epistola
959 1334 1054 1389 prices
1071 1326 1099 1375 et
1118 1320 1224 1376 laudes.

98 1416 178 1472 papa
187 1401 721 1473 Nicolaiadhticbaelcmimperatorem
734 1404 903 1460 ethotium
993 1408 1130 1465 Caeterum
1151 1423 1224 1465 nona
1244 1408 1436 1465 nihilominus
1451 1408 1563 1465 actione
1582 1406 1756 1474 continetur,

97 1505 150 1561 per
165 1493 283 1546 Leonem
298 1504 314 1545 a
330 1490 448 1547 secretis
464 1492 568 1564 missa,
583 1507 711 1564 quasque
725 1500 826 1565 quarta
841 1506 905 1551 cou-
959 1502 1023 1569 post
1037 1499 1191 1555 sessionem
1208 1499 1319 1569 synodi,
1343 1498 1488 1569 suggestio
1506 1499 1622 1553 senatus
1642 1508 1759 1551 annun-

98 1581 272 1636 tinetartio:
283 1580 451 1637 acclamatio
463 1581 532 1637 Elia
542 1582 672 1653 syncelli,
685 1583 846 1654 disputatio
855 1583 905 1639 im-
959 1587 1060 1644 tiantis
1073 1589 1184 1644 venisse
1197 1588 1336 1644 vicarium
1361 1587 1559 1644 Alexandrina
1574 1585 1661 1654 sedis,
1676 1585 1760 1654 cnjus

97 1670 905 1743 peratorisllasiliietEuchemonisacrcliqnorumPho-
960 1677 1091 1733 hortante
1105 1679 1222 1748 synodo,
1238 1676 1358 1747 cpistola
1368 1675 1599 1733 commendatitia
1616 1673 1760 1746 legitnrct

96 1760 133 1815 tii
150 1759 313 1828 episcorum
330 1778 336 1813 :
354 1760 476 1816 assertio
490 1761 632 1818 Zacharia
654 1762 748 1819 Photii
765 1761 904 1833 episcopi,
921 1744 945 1804 Β
960 1766 1021 1836 ipsc
1046 1771 1176 1837 receptus
1200 1786 1208 1838 3
1233 1781 1296 1837 qua
1319 1770 1381 1822 acta
1404 1769 1472 1822 sunt
1495 1763 1642 1835 approbat,
1666 1766 1695 1818 ct
1719 1762 1758 1817 ita

95 1849 711 1922 etdisputatioimperatoriscumepiscopis
725 1852 816 1922 partis
827 1851 907 1908 Pho-
960 1856 1131 1926 sensuselus
1143 1874 1150 1923 3
1160 1856 1297 1912 recitatur
1312 1856 1342 1910 in
1353 1855 1470 1925 scriptis
1480 1852 1654 1910 examinatio
1668 1850 1760 1907 lalso-

95 1939 130 1993 tii
142 1956 148 1990 :
161 1938 270 1994 locutio
279 1939 471 2010 Eulampii,et
480 1940 642 2012 indignatio
656 1941 847 1998 Romanorum
856 1941 905 1998 vi-
959 1958 1022 2001 rum
1037 1945 1166 2015 tetiam,
1183 1946 1233 2016 qui
1257 1949 1356 2001 contra
1380 1943 1570 2014 patriarcham
1590 1944 1761 2012 juraverunt

95 2028 261 2095 carlorum3
278 2029 461 2098 imperatoris
475 2030 603 2101 verbnm,
619 2034 648 2087 et
661 2031 906 2102 requisitioepis-
957 2034 1099 2106 ignatium
1111 2076 1119 2106 ,
1130 2035 1270 2092 ethorum
1290 2033 1457 2104 penitentia
1473 2051 1480 2087 ι
1498 2033 1565 2089 inde
1581 2029 1760 2088 intromissio

95 2117 398 2189 copornmablgnatio
411 2124 653 2190 consecratorum,
675 2119 843 2177 allomanis
856 2120 905 2176 ri·
957 2127 986 2179 et
1010 2123 1154 2181 discussio
1176 2124 1343 2181 vestimenta
1359 2122 1546 2179 sacerdotalia
1565 2120 1757 2189 induentium,

95 2208 185 2263 cariis
193 2221 259 2263 cum
267 2208 311 2263 eis
320 2209 519 2279 loquentibus:
535 2210 726 2267 contradictio
740 2211 905 2279 Metropha-
957 2228 1021 2269 cam
1037 2217 1132 2269 essent
1146 2212 1306 2285 saculares,
1322 2213 1420 2268 divina
1436 2211 1518 2282 quasi
1533 2209 1678 2266 celebrant
1688 2221 1760 2278 mys·

97 2296 620 2369 nismetropolitaeSmyrnaeadversus
636 2299 835 2370 prescriptum
850 2301 905 2355 Za-
959 2303 1039 2359 teria:
1048 2317 1139 2359 sermo
1152 2303 1342 2359 Romanorum
1355 2301 1528 2358 vicariorum
1535 2303 1564 2355 ct
1572 2299 1644 2355 alter
1653 2297 1761 2355 Orien-

96 2387 236 2455 chariam,
247 2400 342 2442 sermo
351 2387 540 2444 Romanorum
549 2389 725 2445 vicariorum
733 2394 760 2445 et
769 2374 906 2445 admonl-
958 2392 1073 2449 talium:
1088 2392 1190 2449 iterata
1199 2391 1324 2449 iasorum
1334 2391 1508 2448 vicariorum
1519 2388 1673 2459 discussio,
1691 2400 1761 2458 pra-

100 2476 603 2546 tioimperalorisadschismaticos:
615 2478 905 2534 similiterllomano-
959 2481 1167 2551 tiarnmactio3
1185 2481 1443 2555 imprecationeset
1460 2479 1760 2548 laudes,atr1uesuper

101 2565 906 2624 rumrtcariorurnetcaeterorumadeosdemiteratain-
958 2572 1060 2628 Pholio
1083 2587 1191 2628 versus.

102 2654 247 2724 peratoris
269 2655 440 2729 admonitio,
458 2657 544 2713 simul
560 2661 589 2712 et
604 2657 710 2713 laudes.
994 2661 1081 2717 Porro
1104 2661 1212 2717 decima
1229 2661 1356 2716 continet
1384 2659 1460 2715 actio
1473 2657 1637 2729 synodicam
1652 2655 1762 2711 sessio-

132 2744 260 2815 Septima
274 2758 342 2801 sane
358 2746 435 2802 actio
450 2746 838 2804 iudicaturconrenientium
848 2759 905 2803 ses-
961 2763 1035 2820 nem,
1052 2749 1270 2806 considentibus
1284 2749 1467 2819 imperatoris
1481 2746 1611 2816 Occidni,
1627 2749 1656 2799 et
1677 2743 1763 2813 prin-

96 2834 151 2890 sio.
162 2834 306 2905 ingressio
321 2834 527 2893 Photiibacnlo
543 2836 648 2906 innixi,
665 2835 903 2907 quemabeobla-
958 2838 1033 2907 cipis
1047 2837 1191 2909 bulgarici
1207 2839 1324 2907 missis3
1343 2837 1494 2906 regulaset
1522 2834 1676 2891 terminum
1692 2830 1758 2887 ildei

98 2923 183 2979 rinus
205 2922 352 2979 Romanus
373 2925 502 2980 vicarius
520 2924 600 2995 jabet
621 2924 729 2982 auferri
753 2944 760 2995 3
784 2925 903 2981 vicariis
956 2926 992 2983 ab
1007 2928 1103 2985 eadem
1119 2927 1283 2997 expositum
1301 2926 1430 2998 synodo:
1455 2923 1642 2995 interrogatio
1666 2921 1761 2989 impc-

98 3008 421 3069 llomanisl’hotiuma'd
433 3012 594 3070 laciendum
610 3014 739 3071 libellum
756 3013 903 3072 hortanti·
957 3017 1071 3083 ratoris,
1113 3021 1142 3072 et
1173 3017 1263 3072 totius
1295 3016 1396 3085 synodi
1426 3012 1573 3084 responsio
1600 3009 1760 3081 approbans

95 3100 160 3172 bus,
169 3106 198 3156 et
206 3115 272 3157 cam
280 3103 359 3158 omni
368 3102 517 3174 synodoad
529 3104 736 3174 penitentiam,
751 3117 903 3174 provocan-
916 3096 941 3160 G
956 3105 1068 3179 regulas
1083 3105 1169 3162 lectas
1193 3110 1222 3161 et
1245 3105 1410 3174 terminum,
1443 3101 1661 3173 imprecationes
1685 3111 1762 3169 ᾳιιο-

96 3190 188 3255 tibus,
200 3190 830 3264 illchosecontracumsuisadpoenitentiam
848 3206 903 3250 ma·
956 3209 1011 3265 quc
1025 3209 1056 3251 ac
1073 3194 1193 3251 laudes:
1211 3194 1339 3263 gratifica
1354 3208 1406 3248 vox
1422 3190 1603 3261 imperatoris
1625 3188 1660 3244 ad
1681 3200 1762 3257 syno-

95 3279 144 3349 gis
160 3279 283 3348 impellit
297 3298 305 3345 3
320 3281 369 3336 cui
385 3281 558 3338 contradicit
572 3281 762 3339 Orientalium
776 3282 905 3340 ricario-
956 3286 1025 3341 dum
1050 3298 1165 3355 3sermo
1187 3285 1314 3354 ejusdem
1338 3281 1530 3352 imperatoris,
1555 3280 1585 3335 in
1609 3292 1666 3349 quo
1688 3275 1761 3347 epis·

96 3382 161 3423 rum
175 3381 277 3425 sermo.
288 3370 617 3442 Babanlsinterrogatio,
634 3371 728 3426 Photii
746 3372 903 3442 responsio,
959 3373 1054 3441 scopis
1068 3372 1141 3429 bona
1157 3373 1310 3441 promittit,
1326 3374 1355 3427 et
1375 3372 1515 3440 hortatur,
1533 3374 1565 3425 ut
1579 3368 1604 3422 si
1628 3366 1695 3437 quis
1708 3364 1761 3420 all·

94 3458 907 3533 eteiuscpiscoporumingressio,synodietl‘hotiiepiscc
960 3461 1028 3532 quid
1053 3464 1150 3516 contra
1180 3460 1318 3530 synodum
1344 3457 1533 3522 dicerevelit,
1562 3456 1625 3510 sine
1656 3454 1762 3508 timore

99 3563 197 3618 porum
213 3548 905 3620 intenti0,allocuttoadeostmperatorisparua-
959 3549 1102 3607 fateatur:
1132 3548 1201 3605 licet
1229 3561 1283 3603 non
1313 3561 1375 3602 esse
1402 3545 1486 3602 laicis
1508 3557 1594 3613 super
1620 3540 1759 3597 ecclesia-

99 3637 685 3709 brtnompraepositumethujnscnmillis
699 3639 858 3709 altercatio,
875 3643 904 3695 ct
958 3639 1173 3711 sticisnegotiis
1191 3636 1362 3706 disponendi
1390 3637 1447 3704 jus,
1484 3633 1619 3703 magistra
1647 3629 1758 3685 ratione

98 3724 427 3795 imperatorisassertio:
438 3728 533 3784 Photil
545 3744 646 3786 rursus
660 3729 858 3799 episcoporum
874 3735 902 3786 ct
956 3730 1132 3786 demonstret
1147 3745 1154 3781 ι
1172 3730 1267 3784 monet
1282 3730 1314 3781 ut
1322 3725 1476 3781 schismata
1500 3722 1599 3790 vitent,
1626 3724 1658 3775 ut
1684 3730 1758 3774 con-

98 3815 573 3888 Bahanisdlssensio,ricariorum
589 3818 782 3875 Romanorum
798 3818 902 3888 prolo-
956 3823 1000 3873 tra
1024 3817 1143 3874 haereses
1171 3816 1301 3889 vigilent,
1330 3820 1363 3871 ut
1390 3812 1587 3869 contentiones
1612 3807 1757 3864 declinent

97 3903 406 3976 aendaepistolapapa
414 3906 524 3963 Nicolai
539 3907 615 3963 clero
633 3907 719 3963 missa
733 3907 902 3964 Constanti-
956 3913 987 3963 ut
1002 3905 1091 3962 torma
1105 3906 1165 3962 sint
1192 3904 1318 3962 subditis
1332 3922 1339 3971 3
1354 3900 1539 3973 interrogatio
1564 3895 1757 3968 imperatoris,

98 3992 901 4067 nopoleos,exhortatio3quodetiactumest:itemepis·
955 4000 1051 4052 utrum
1083 3995 1190 4066 synodo
1219 3993 1336 4064 placeat,
1371 3992 1445 4062 quod
1471 3990 1574 4045 lectum
1599 3992 1642 4044 est
1666 4003 1672 4039 :
1694 3998 1757 4056 quaa

98 4080 153 4135 tola
175 4096 255 4152 papa.
277 4080 398 4141 Adriani
422 4085 457 4141 ad
473 4085 611 4141 Basiliam
629 4085 826 4155 imperatorem
851 4099 899 4155 per
953 4085 1048 4139 omnia
1063 4083 1200 4154 approbat
1214 4088 1242 4139 et
1264 4081 1476 4151 subscriptione
1492 4078 1604 4134 llrmare
1635 4074 1758 4146 pollice-

97 4168 307 4241 theognostum
314 4170 478 4241 exarchum,
489 4179 518 4229 et
532 4173 621 4230 altera
629 4174 663 4229 ad
677 4174 818 4245 ignatium
832 4174 899 4229 mis·
954 4179 1002 4230 tur
1017 4191 1024 4228 ι
1042 4173 1196 4242 imperator
1207 4176 1269 4242 post
1280 4183 1377 4227 omnes
1391 4170 1540 4240 episcopos
1553 4180 1582 4223 se
1606 4164 1677 4221 velle
1693 4161 1759 4219 sub-

100 4258 435 4328 sa:lectioepistolarum
443 4260 563 4319 Adriani
573 4276 650 4333 papae
658 4263 692 4318 ad
701 4262 899 4333 imperatorem
955 4262 1079 4320 scribere
1092 4262 1166 4318 dicit
1182 4280 1189 4332 3
1205 4261 1274 4318 ordo
1298 4258 1532 4329 subscriptionis,
1555 4270 1608 4312 vox
1628 4257 1754 4319 senatus,

99 4352 125 4399 ct
144 4346 338 4415 patriarcham
355 4330 404 4419 per
417 4350 568 4419 Donatum,
585 4349 759 4419 Stephanum
775 4355 804 4406 et
818 4351 901 4408 ,llari-
955 4352 1062 4423 synodo
1092 4351 1217 4420 recipere
1254 4347 1415 4420 profitentis
1443 4365 1449 4401 :
1480 4346 1588 4413 laudes,
1624 4340 1757 4400 subscri-

102 4448 167 4489 nnm
184 4435 554 4509 sicariosdestinatarum3
571 4430 1069 4513 quaeintertiascriptaDptlones
1100 4439 1286 4509 vicariorum,
1318 4438 1521 4508 imperatorum
1552 4438 1580 4488 et
1603 4431 1757 4500 episcopo-

100 4528 166 4578 sunt
180 4525 309 4581 actione:
322 4530 351 4582 et
365 4525 483 4583 concilii
499 4526 639 4584 abeodem
650 4540 720 4598 papa
737 4528 766 4583 in
781 4528 902 4586 ecclesia
958 4545 1044 4587 rum:
1070 4527 1191 4600 epistola
1219 4527 1319 4598 synodi
1349 4525 1502 4596 encyclica,
1531 4528 1560 4578 et
1586 4521 1620 4575 ad
1649 4517 1758 4574 Adria-

101 4610 173 4668 beati
183 4613 534 4688 Petricollectigestorum
544 4615 720 4687 subscriptio
730 4631 817 4688 papa,
827 4619 901 4688 epis-
958 4633 1025 4675 num
1042 4614 1256 4674 sanctissimum
1280 4629 1390 4686 papam,
1401 4611 1523 4682 epistola
1552 4610 1756 4677 imperatorum

100 4717 246 4776 soporum,
263 4704 494 4776 presbyterorum
509 4713 537 4763 et
557 4707 764 4764 diaconorum:
782 4722 905 4765 commo-
957 4708 991 4763 ad
1009 4705 1185 4777 patriarchas
1202 4724 1209 4773 3
1234 4705 1301 4761 item
1317 4701 1467 4772 aepistola
1483 4696 1653 4770 patriarcha
1682 4696 1758 4765 tgna·

103 4791 244 4848 ultorium
268 4793 462 4852 Romanorum
490 4795 664 4852 vicariorum
693 4796 727 4852 ad
756 4796 901 4868 Photinm,
959 4796 1039 4852 liiad
1055 4794 1212 4851 adrianum
1229 4792 1442 4849 sanctissimum
1467 4802 1576 4859 papam,
1601 4783 1759 4842 consulen-

104 4880 272 4937 acclamatio
286 4883 391 4955 ignatii
415 4884 450 4939 ad
475 4885 625 4955 synodum,
648 4884 904 4944 anathematismus
958 4885 1071 4941 tiseum
1083 4896 1168 4952 super
1178 4879 1441 4950 tribuscapitults:
1461 4891 1526 4933 mox
1536 4880 1599 4946 post
1618 4871 1757 4944 synodum

104 4967 194 5025 Photii
211 4976 240 5027 et
256 4971 428 5043 partisejus,
438 4986 487 5029 seu
497 4972 638 5043 praeconia
646 4973 905 5044 etimprccationes
958 4973 1083 5043 ejusdem
1096 4971 1187 5027 sancti
1198 4967 1316 5026 concilii
1327 4967 1462 5026 consultu
1473 4964 1641 5022 transmissa
1655 4960 1758 5031 episto

105 5056 283 5129 imperatoris
298 5066 328 5117 et
342 5062 442 5133 synodi
458 5080 465 5116 ι
482 5076 516 5118 ac
530 5076 616 5134 snper
635 5062 736 5121 Photio
756 5077 865 5120 versus.
960 5063 986 5118 la
1001 5060 1182 5130 imperatoris
1196 5058 1295 5114 Basilii
1311 5058 1345 5114 ad
1360 5049 1757 5126 eumdem,epistolaejusdem

135 5148 238 5207 tlctara
245 5165 361 5227 quoque
370 5158 543 5210 memoratur
560 5152 671 5210 actione
683 5153 782 5225 synodi
803 5154 904 5225 sessio,
959 5149 1118 5206 beatissimi
1136 5146 1401 5220 paprerescribentis
1410 5146 1444 5203 ad
1455 5145 1584 5201 cumdem
1591 5139 1759 5238 principem.

104 5236 489 5311 imperatorisallocutioper
501 5242 652 5314 bahanem,
668 5247 696 5298 et
714 5242 905 5301 Romanorum
996 5238 1163 5309 Expliciunt
1184 5237 1321 5309 capitula,
1349 5236 1419 5307 quid
1450 5246 1626 5306 unaquaeque
1657 5227 1757 5300 synodi

105 5327 272 5385 vicariorum
289 5344 342 5401 pro
356 5328 507 5386 amlendis
520 5330 857 5403 chirographisiny'ustis,
879 5338 908 5390 ct
962 5329 1037 5385 actio
1051 5328 1205 5399 contineat,
1222 5327 1346 5382 breviter
1361 5325 1527 5382 indicantia.

762 5559 1114 5609 .„.,.„.-.
