3876 6090
109 296 160 356 397

505 297 777 354 luteavnutallo
796 299 919 353 sinent
940 299 984 353 vll
1003 299 1204 358 censualis.
1220 333 1256 344 —
1275 305 1374 360 ACTIO
1394 307 1436 360 Vl.

1761 308 1815 375 398

110 424 134 475 et
161 419 321 473 diuersitate
345 419 490 486 lignorum.
525 419 645 487 Denique
672 421 697 472 ei
722 420 822 472 socirna
856 417 936 470 Elinb
952 413 1191 478 AEtsecundnm
1206 430 1335 479 naturam
1355 438 1409 494 qna
1425 425 1505 480 visus
1520 431 1572 493 est,
1590 425 1741 496 imaginem
1753 426 1815 494 ejus

111 509 197 579 filiurn
220 508 382 560 Achisnrnee
399 507 432 559 dr
455 506 528 559 tribu
547 509 617 560 lina.
643 510 677 560 El
695 509 724 559 in
751 507 829 560 corde
850 507 936 558 orariis

111 598 213 652 auditi
217 596 302 665 posui
317 596 491 664 sapientium,
507 598 655 662 trifaciant
676 600 772 648 cuncte
787 611 845 663 ιιι
861 609 934 663 pre-

110 681 341 755 eqrita'bifflaod.
363 685 456 754 ιιιι).
475 684 586 752 Quibus
600 683 936 753 consonansGregorins,

112 775 159 845 qni
181 773 294 829 multus
313 778 357 828 est
373 774 403 828 in
427 772 579 842 theologia,
601 772 730 842 protatur
754 770 854 841 (Greg.
870 773 935 825 Naz.

112 861 184 917 Oret.
199 864 264 928 [nn.
277 861 343 914 ins.
355 862 439 915 llosil.
448 860 469 931 l:
483 861 669 916 Etdescendit
678 861 801 930 spiritus
811 859 936 920 Domini,

112 954 138 1006 et
148 950 276 1006 deluxit
289 963 356 1005 eos:
370 956 397 1005 et
412 950 534 1019 spiritns
546 950 709 1019 disciplinae
725 948 843 1017 replevit
855 949 939 1002 Bese-

113 1039 160 1095 leel
170 1039 335 1109 principem
349 1037 493 1094 labrorum
502 1038 689 1093 tabernaculi.
705 1037 835 1109 Ergoqni
846 1036 940 1091 disci-

114 1128 207 1198 plinas
228 1127 292 1199 Dei,
314 1141 377 1196 qum
404 1127 571 1182 hominibus
590 1127 664 1182 dato
685 1132 761 1194 sunt,
784 1127 940 1196 depravant

116 1212 188 1291 [dr.,
205 1213 389 1290 vituperant]
402 1219 430 1270 et
443 1215 663 1285 reprehendunt,
682 1216 826 1270 divinitus
839 1227 941 1283 repro-

115 1306 245 1362 batorum
255 1305 357 1361 haeresi
367 1304 564 1360 connumerati
580 1308 608 1358 et
621 1310 688 1359 sunt
699 1304 884 1371 etdicuntnr,
894 1301 940 1356 ad-

117 1396 221 1465 dentes,
240 1395 399 1450 secundnm
420 1392 494 1463 quod
520 1393 670 1463 scriptum,
688 1397 832 1461 peceatum
854 1403 940 1459 super

120 1490 260 1556 peccatum
284 1483 352 1552 (ιιι.
370 1481 466 1553 ιιιι).
480 1482 515 1536 lli
541 1496 608 1552 ergo
624 1483 673 1551 qui
690 1481 817 1553 germani
839 1484 867 1534 et
884 1492 938 1533 non

121 1573 194 1629 nothi
212 1572 298 1628 stolis
312 1571 424 1627 amictae
439 1584 549 1641 sponsae
563 1571 681 1641 Christi,
698 1575 726 1625 et
744 1568 883 1624 maculam
895 1565 938 1621 vel

123 1675 213 1734 rugam
230 1675 288 1717 non
314 1659 455 1728 habentis,
479 1659 628 1715 catholicae
654 1659 786 1714 videlicet
807 1656 940 1712 Ecclesiae

991 505 1150 564 Christiani
1173 511 1289 583 ningere
1316 518 1384 567 sunt
1411 513 1515 583 edocti,
1542 518 1569 568 et
1585 526 1639 567 non
1662 514 1815 569 secundnm

993 611 1077 665 qnam
1101 599 1260 656 invisibilis
1282 607 1357 656 crat:
1382 602 1442 671 ipsa
1464 603 1540 657 enim
1568 601 1815 671 incircumscripta

992 692 1045 741 est.
1061 687 1148 741 llenm
1163 690 1269 759 quippe
1285 704 1365 746 nemo
1380 691 1454 747 vidit
1468 705 1604 761 unquam,
1620 704 1653 745 ex
1665 690 1815 761 Evangelio

993 772 1087 844 (loun.
1106 777 1128 848 t)
1151 778 1325 835 audivimus.
1349 782 1476 836 llumana
1495 793 1562 851 ergo
1581 786 1682 835 natura
1702 779 1816 835 Christo
1902 779 1912 790 '

994 863 1117 935 depicto,
1143 867 1255 923 scilicet
1281 869 1362 937 juxta
1385 870 1459 939 quod
1476 869 1581 924 veritas
1601 868 1815 940 demonstravit,

995 955 1819 1013 secundnmnomentantumChristianiconlltentnreom-

996 1043 1143 1099 municare
1163 1044 1316 1116 imaginent
1332 1047 1358 1101 ei
1379 1046 1454 1116 quod
1472 1046 1629 1116 principale
1644 1051 1696 1114 est,
1723 1049 1751 1100 et
1763 1058 1820 1101 non

996 1132 1151 1187 secundnm
1164 1133 1365 1190 substantiam.
1379 1135 1433 1203 lpsi
1446 1140 1539 1190 autem
1552 1133 1651 1189 stolidi
1662 1133 1754 1189 ellecti
1771 1133 1821 1188 in-

996 1219 1173 1276 differentem
1199 1222 1302 1277 dicunt
1330 1236 1391 1279 esse
1419 1224 1573 1295 imaginem
1596 1229 1625 1279 et
1650 1221 1818 1293 principale,

995 1313 1080 1379 atque
1101 1310 1129 1364 in
1154 1309 1222 1365 aliis
1244 1311 1415 1367 substantiis
1436 1325 1497 1368 esse
1517 1313 1607 1382 ipsam
1630 1310 1819 1368 substantiam

997 1393 1074 1469 [Gr.,
1089 1399 1117 1453 in
1133 1399 1202 1454 aliis
1216 1404 1243 1453 ct
1258 1400 1513 1469 aliissnbstantiis
1531 1414 1593 1456 csse
1607 1400 1733 1456 eamdem
1748 1397 1821 1455 snb-

996 1483 1151 1560 stantiam]
1165 1487 1306 1556 judicant.
1323 1490 1355 1543 Et
1368 1489 1435 1559 quis
1450 1502 1548 1545 eornm
1563 1502 1620 1545 nen
1632 1488 1761 1544 derideat
1772 1487 1823 1542 in-

995 1573 1271 1646 disciplinationem,
1287 1576 1343 1633 imo
1362 1575 1458 1649 lugeat
1477 1576 1673 1647 impietatem‘.l
1687 1579 1717 1631 ln
1730 1588 1823 1645 repro

996 1661 1063 1718 bum
1074 1663 1302 1734 quippesensnm
1316 1665 1444 1721 conversi
1456 1665 1616 1736 loquuntur
1625 1679 1687 1736 qnae
1696 1677 1824 1721 noncon-

126 1751 168 1806 llil
184 1756 264 1818 sunt,
274 1750 329 1806 soli
339 1751 395 1804 Deo
404 1749 588 1804 rationabilia
601 1748 742 1803 sacrillcia
751 1752 778 1802 et
789 1747 941 1802 servitutes
957 1749 1824 1830 Brentani,eonsusmnjsegusam[cpgmgnbusumngspa.

127 1839 275 1910 olerentcs,
301 1853 350 1908 per
369 1838 512 1893 visibilem
529 1851 643 1893 sensum
663 1838 806 1892 intuentes
822 1847 942 1890 venera-

130 1926 202 1983 bilem
219 1929 373 1999 imaginem
390 1926 508 1995 Christi,
524 1932 552 1981 et
568 1926 681 1996 proprie
696 1939 729 1980 ac
744 1925 883 1980 veraciter
895 1924 944 1978 do

133 2018 202 2072 nine
218 2023 322 2072 nostrae
337 2021 441 2071 sanctas
465 2016 514 2071 Dei
538 2016 698 2087 genitricis,
722 2020 943 2081 sanctorumque

135 2105 283 2177 angelornm
295 2114 324 2161 et
335 2105 645 2172 omninmsanctorum,
656 2103 883 2172 sanctificantur,
896 2114 944 2171 per

138 2194 344 2250 recordationem
362 2193 462 2248 horum
485 2197 604 2247 mentem
629 2206 708 2247 suam
735 2189 900 2257 informant,
917 2183 945 2242 et

140 2284 204 2339 corde
219 2283 248 2338 in
263 2295 353 2338 unum
368 2283 455 2336 [lenm
477 2281 598 2336 credunt
621 2281 655 2335 ad
674 2280 828 2349 justitiam,
854 2284 882 2331 et
896 2289 944 2331 ore

141 2371 291 2427 contuntur
304 2372 339 2426 all
356 2370 475 2425 salutem
489 2368 578 2438 (Rom.
594 2368 638 2442 ι).
656 2368 798 2424 Similiter
810 2371 838 2420 et
849 2367 946 2420 Evan-

144 2458 395 2528 golinmaudicntes,
405 2458 706 2513 anditorinmscnsum
718 2453 945 2510 sanctificatione

144 2549 260 2618 acgratia
284 2548 404 2617 replent,
418 2552 446 2602 et
466 2547 551 2602 corde
577 2545 746 2616 intelligunt
759 2556 857 2598 eornm
881 2555 944 2612 qnae

146 2637 227 2706 scripta
242 2641 311 2693 sunt
322 2637 524 2691 narrationem.
536 2635 644 2690 Deinde
652 2633 759 2689 frustra
770 2631 862 2687 inllati
873 2629 943 2700 quid

146 2722 222 2780 ainnti

335 2816 479 2882 Gregorius
490 2816 628 2883 episcopus
649 2813 730 2878 legit:

171 2960 180 2986 ι
196 2939 270 2995 Fecit
284 2939 361 2995 enim
384 2940 437 2994 iste
455 2939 522 2994 talis
538 2938 701 3009 imaginem,
718 2934 870 2990 nominans
884 2945 944 2987 eam

148 3042 155 3069 ι
169 3026 301 3085 Christum
317 3036 364 3083 :et
377 3034 421 3084 cst
440 3042 540 3083 nomen
563 3027 638 3097 qnod
653 3031 696 3081 est
712 3022 854 3094 Christus,
871 3024 946 3076 lleus

147 3122 190 3170 ιιι
209 3118 299 3173 ιοιιο.
317 3118 391 3188 Ergo
412 3123 439 3172 et
462 3117 554 3188 imago
573 3116 622 3170 liei
642 3119 670 3169 et
685 3112 820 3168 hominis.
849 3113 946 3175 ltanne

146 3211 209 3262 »ant
217 3205 456 3275 circumscripsit,
473 3205 628 3261 secundum
645 3202 719 3274 quod
737 3201 829 3256 visum
845 3205 888 3255 est
903 3211 946 3252 va-

146 3312 154 3335 ι
168 3295 241 3352 nitati
257 3309 326 3366 sna,
353 3294 680 3363 incircumscriptionem
694 3289 812 3346 deitatis
825 3289 946 3343 circnm-

146 3396 153 3425 ι
167 3384 314 3454 scriptione
328 3390 429 3439 creatae
445 3383 560 3453 carnis,
574 3386 624 3437 ant
634 3378 766 3436 contudit
781 3374 947 3432 inconfusi-

83 3499 90 3513 ·
145 3470 243 3529 »bilem
264 3474 423 3530 unitionem
448 3472 537 3543 illam,
562 3469 742 3526 confusionis
762 3466 944 3536 iniquitatem

145 3576 152 3603 ι
167 3560 328 3632 incurrens,
343 3560 616 3631 dnasblaspbemias
630 3572 664 3613 ex
679 3559 733 3614 hoc
744 3554 845 3611 deitati
857 3551 946 3622 appli-

144 3664 224 3707 =cans
240 3667 290 3723 per
303 3650 599 3720 circumscriptionem
615 3653 642 3703 et
661 3645 868 3702 contusionem.
886 3642 946 3697 Eis

145 3740 219 3795 ldem
232 3755 299 3813 ergo
314 3746 342 3795 et
354 3740 379 3795 is
393 3739 443 3810 qni
460 3738 599 3807 adoravit,
618 3733 804 3805 blasphemiis
819 3731 947 3788 submit-

144 3827 246 3885 ·titur:
268 3834 295 3886 et
316 3829 506 3899 ventrisque
528 3825 689 3887 consimile,
714 3824 781 3894 quia
798 3836 862 3878 cum
878 3819 946 3875 hrlo

145 3923 189 3972 ret
207 3920 342 3974 Dioscoro
358 3924 385 3973 et
399 3917 525 3988 Eutyche
539 3921 625 3987 atque
650 3927 714 3970 cnm
738 3909 946 3980 acephalorum

146 4021 154 4049 a
170 4006 261 4064 heresi
274 4012 450 4065 erraverunt.
464 4024 477 4056 s

322 4133 494 4202 Epiphanius
518 4131 648 4184 diaconus
670 4129 751 4196 legit:

170 4257 276 4315 honest
298 4257 440 4328 pictorum
461 4253 626 4312 adinventio
648 4252 805 4323 imaginum
826 4247 946 4316 lactura,

147 4345 182 4400 el
191 4348 331 4404 utholicae
345 4346 477 4402 Ecclesia
489 4342 686 4414 approbabilis
699 4338 842 4411 legislatio
857 4344 885 4392 et
896 4342 949 4392 tra-

997 1839 1333 1910 berepervenerabllinm
1344 1842 1502 1913 imaginum
1513 1842 1644 1899 ellectum
1655 1840 1821 1906 Ecclesiam,

997 1929 1823 2001 etapplicareeamdivinitaticircumscriptionisspeciem

998 2024 1168 2073 asserentes:
1182 2018 1341 2088 deindeque
1351 2018 1533 2089 iniquitatem
1545 2018 1823 2088 superiniqnitatem

1000 2114 1181 2175 apponentes,
1197 2120 1238 2161 vae
1253 2107 1461 2162 transmittunt.
1478 2107 1529 2162 Sed
1544 2109 1724 2162 convertetur
1739 2104 1822 2160 dolor

1000 2208 1096 2249 eornm
1112 2195 1140 2250 in
1152 2196 1384 2265 caputipsorum.
1399 2195 1426 2250 Si
1439 2195 1515 2250 enim
1529 2195 1578 2264 qni
1596 2193 1742 2249 maledicit
1752 2192 1825 2247 antl-

1002 2297 1058 2353 qne
1072 2284 1166 2353 lsrael,
1181 2283 1399 2339 maledictnsest
1411 2302 1418 2351 3
1428 2284 1478 2353 qui
1490 2283 1642 2352 benedicit,
1657 2281 1825 2337 benedictus

1000 2377 1043 2427 est
1057 2370 1153 2441 (avum.
1169 2386 1237 2426 xnrv
1248 2372 1272 2444 );
1291 2377 1398 2443 quanto
1414 2371 1563 2442 magisqni
1578 2384 1649 2427 novo
1663 2369 1760 2432 lsrael,
1772 2369 1824 2439 qui

1002 2460 1229 2533 intelligibiliter
1243 2461 1320 2516 videt
1338 2463 1437 2526 licum,
1454 2460 1481 2516 id
1498 2465 1550 2529 est,
1565 2460 1614 2514 liei
1628 2458 1760 2514 Ecclesia
1771 2471 1827 2512 ma-

1000 2550 1109 2620 ledicit,
1126 2556 1169 2606 est
1191 2551 1390 2607 maledictione
1413 2548 1558 2621 repletus?
1576 2549 1648 2618 Quis
1668 2553 1763 2604 autem
1777 2560 1826 2602 eos

1001 2653 1057 2695 non
1070 2640 1276 2710 exsecrabitur,
1293 2654 1356 2696 cum
1378 2639 1446 2695 Ario
1461 2642 1489 2694 ct
1507 2639 1643 2694 Dioscoro
1663 2643 1691 2693 et
1701 2635 1826 2707 Eutyche

1000 2728 1137 2799 dicentes,
1157 2735 1242 2800 atque
1263 2745 1327 2786 cnm
1346 2729 1554 2799 hcepahalorum
1571 2727 1670 2783 haeresi
1688 2726 1827 2783 illamer-

1001 2834 1074 2888 rare,
1088 2820 1161 2889 ipsis
1172 2821 1223 2875 hos
1237 2819 1408 2875 habentibus
1417 2823 1603 2888 praeceptores
1610 2822 1638 2873 et
1648 2822 1758 2874 tutores
1767 2829 1826 2872 sua

1002 2910 1097 2978 ipsius
1109 2923 1179 2963 nova
1201 2908 1335 2980 eligentis
1351 2908 1490 2964 hereseos
1504 2908 1518 2961 ‘l
1530 2909 1560 2961 ln
1585 2905 1826 2976 subseqnentibus

1002 2999 1077 3053 enim
1090 2996 1232 3053 Eusebius
1243 2997 1384 3067 Pamphili
1394 2997 1429 3053 ab
1440 2997 1482 3052 eis
1493 2997 1522 3052 in
1541 2995 1736 3052 testimoninm
1747 2995 1827 3051 dnci-

961 3079 985 3136 b
1002 3093 1058 3148 tur,
1075 3087 1124 3157 qni
1140 3087 1175 3140 ab
1190 3087 1267 3142 omni
1283 3087 1409 3142 Ecclesia
1424 3085 1564 3141 catholica
1584 3085 1713 3141 noscitur
1727 3090 1826 3154 patro-

1002 3191 1057 3232 nns
1071 3190 1132 3232 esse
1147 3175 1208 3231 hrii
1231 3174 1379 3246 haereseos,
1394 3175 1632 3246 quemadmodum
1646 3176 1675 3230 in
1691 3174 1825 3230 omnibus

1000 3263 1824 3333 conseriptissuisexpositionibasquecontinetnr3secun·

1000 3356 1067 3410 dnm
1084 3352 1229 3408 adorabile
1247 3353 1334 3407 licum
1357 3352 1477 3406 Verbum
1498 3352 1598 3407 dicens
1612 3358 1640 3406 et
1659 3352 1824 3407 ministrum

1000 3443 1092 3497 Patris
1102 3447 1135 3496 et
1147 3440 1269 3496 secunda
1284 3439 1438 3511 dignitatis
1449 3438 1607 3504 habentem,
1622 3439 1658 3494 ab
1678 3439 1822 3494 homousii

999 3531 1135 3586 dilierens
1155 3530 1311 3599 majestate.
1323 3533 1350 3582 et
1366 3527 1616 3583 commutationem
1630 3523 1704 3600 [Gr.,
1715 3531 1827 3582 senten·

1001 3621 1049 3676 tim
1063 3616 1373 3676 consubstantialitatis
1386 3629 1556 3686 repugnans,
1579 3621 1608 3671 et
1621 3612 1741 3690 comm]
1755 3629 1826 3671 san-

1001 3709 1157 3765 ctaecarnis
1173 3707 1287 3763 Domini
1298 3705 1500 3762 indivinitatis
1512 3709 1642 3760 naturam
1652 3717 1702 3774 3ac
1715 3717 1764 3774 per
1772 3704 1825 3760 hoc

1002 3797 1198 3854 contusionem
1217 3795 1423 3869 dogmatizans,
1447 3808 1498 3849 nec
1520 3794 1630 3849 iconam
1652 3793 1824 3862 recipit,sed

1003 3902 1093 3959 neque
1113 3887 1207 3943 ornnis
1228 3886 1400 3941 brianonum
1417 3883 1552 3939 scelerata
1566 3882 1707 3938 collectio.
1726 3881 1828 3937 Praedi-

1002 3984 1068 4034 oant
1091 3977 1167 4032 enim
1187 3975 1250 4035 sinc
1274 3974 1368 4030 anima
1393 3972 1527 4028 rationali
1557 3971 1699 4027 hominem
1719 3969 1825 4027 lactum

1003 4067 1093 4123 lnissc
1111 4065 1261 4121 bominum
1279 4068 1419 4133 nostrum,
1432 4065 1461 4116 et
1475 4076 1525 4131 pro
1537 4060 1633 4116 anima
1646 4059 1827 4116 divinitatem

1004 4156 1116 4225 habere,
1132 4158 1163 4210 ut
1174 4153 1332 4222 passionem
1345 4151 1373 4206 in
1389 4163 1449 4205 eam
1460 4149 1586 4218 ederant,
1602 4149 1689 4204 sicuti
1706 4151 1827 4204 testatur

1003 4244 1159 4315 Gregorius
1170 4237 1462 4310 deiloquusiilregor.
1479 4237 1610 4293 Nazianz.
1625 4237 1654 4292 in
1670 4239 1748 4306 epist.
1764 4233 1827 4290 hod

1004 4332 1190 4403 cledonium:
1207 4336 1235 4385 et
1246 4333 1342 4398 utpote
1350 4327 1483 4383 deitatem
1496 4339 1607 4395 passam
1622 4323 1752 4394 latentes,
1770 4337 1825 4380 non

147 4432 216 4490 ditio:
231 4443 315 4508 atque
327 4435 495 4507 antiquitati
509 4446 669 4505 congruens
684 4429 840 4486 reverentia
851 4440 949 4483 secun·
963 4421 989 4481 D
1005 4421 1161 4476 admittunt
1172 4418 1333 4490 imaginem.
1354 4414 1495 4472 Similiter
1507 4420 1535 4469 et
1543 4415 1661 4470 Severus
1671 4411 1828 4468 confusibi-

148 4521 331 4584 dnudivinum
344 4522 502 4597 Basiliam(
514 4523 664 4594 Despiritu
676 4519 810 4574 snacload
819 4515 945 4586 Amphil.

148 4613 489 4689 neminemneminer
518 4611 646 4684 perhibet
663 4612 724 4680 ipsa
752 4622 845 4664 rernm
869 4605 949 4661 anti-

150 4701 225 4767 nnius
246 4713 273 4761 et
300 4705 407 4776 spiritu
431 4690 613 4759 inductorum
643 4707 755 4769 patrum
784 4702 947 4752 nostrorum

149 4785 342 4866 doctrina,qnia
355 4794 484 4850 videntes
497 4791 587 4847 hasin
602 4784 814 4844 venerabilibus
824 4782 948 4852 templis,

151 4873 250 4938 libenter
262 4888 464 4953 susceperunt:
481 4885 509 4937 et
522 4880 577 4951 ipsi
592 4875 766 4933 venerabilia
779 4873 883 4943 templa
896 4871 950 4926 de-

151 4961 264 5044 dicantes,
280 4974 331 5029 has
358 4972 474 5043 pingere
501 4969 689 5026 studuerunt:
709 4964 737 5019 in
762 4962 870 5035 quibus
894 4962 950 5015 lieo

151 5062 240 5127 illlata
260 5067 321 5118 vota
350 5064 452 5116 suaet
479 5060 628 5113 incruenta
656 5052 797 5111 sacrillcia
829 5049 950 5105 Domino

152 5152 290 5205 illlttornm
305 5152 363 5206 Deo
384 5148 561 5205 obtulerunt.
575 5146 668 5216 lgitur
683 5157 780 5199 eornm
802 5145 845 5196 est
868 5140 952 5210 inge-

152 5229 213 5288 nium
224 5243 248 5292 et
257 5239 386 5309 traditio,
400 5244 428 5293 et
448 5250 504 5292 non
522 5235 660 5305 pictorls;
677 5246 739 5286 nam
757 5229 876 5299 pictoris
891 5227 951 5283 sola

153 5328 188 5373 ιιι
198 5332 244 5382 est:
266 5327 422 5399 dispositio
438 5323 673 5381 manilestnmest
691 5321 764 5392 qnod
777 5320 816 5375 sit
836 5325 953 5374 sancto-

153 5421 200 5464 rnn
217 5425 322 5488 patrum
339 5417 391 5488 <pul
415 5415 628 5470 dedicaverunt.
652 5412 757 5465 Nomen
780 5414 872 5464 antem
896 5420 952 5477 arno

152 5496 951 5574 elristnsdlcitur,indiciumcstdeitansetnumanitatis.

152 5586 952 5666 dtammndeltcctperfectarumsalvatortsnatnrarnm.

1005 4510 1042 4564 lis
1058 4509 1175 4564 minime
1190 4507 1316 4576 suscepit
1337 4505 1490 4577 imaginem
1504 4503 1612 4558 Christi
1626 4502 1675 4558 liei
1693 4501 1783 4566 nostrl
1796 4501 1826 4557 in

1003 4598 1139 4667 Ecclesia,
1156 4597 1232 4652 sicut
1247 4595 1364 4665 plurimi
1382 4592 1514 4649 historici
1538 4596 1664 4647 narrant.
1680 4590 1827 4660 Quomodo

1003 4703 1070 4760 ergo
1084 4687 1183 4741 Arium
1199 4690 1227 4739 et
1240 4685 1406 4740 Dioscorum
1419 4697 1452 4738 ac
1461 4681 1654 4753 Eutychetem,
1666 4680 1828 4751 hccphale-

1004 4793 1067 4834 rnm
1083 4776 1194 4832 scilieet
1205 4773 1333 4829 heresim
1347 4778 1472 4829 secutam
1488 4770 1577 4828 luisse
1595 4771 1764 4827 catholicam
1779 4773 1829 4828 Ec·

1004 4868 1120 4924 clesiam
1131 4869 1268 4932 asserant,
1282 4877 1343 4934 quae
1360 4862 1486 4931 suscepit
1496 4860 1664 4933 imaginales
1677 4861 1826 4934 historias,

1006 4956 1167 5012 mirandum
1180 4960 1243 5009 cst:
1273 4952 1340 5007 dnm
1364 4964 1463 5023 magna
1487 4955 1625 5021 eructent,
1641 4956 1669 5005 et
1690 4951 1827 5021 quasdam

1005 5046 1186 5122 blasphemas
1195 5040 1373 5098 ratiunculas
1382 5054 1415 5096 ex
1428 5039 1525 5111 lingna
1539 5053 1589 5095 sna
1599 5054 1661 5110 quae
1674 5040 1737 5096 sine
1748 5047 1828 5109 porta

1006 5143 1058 5208 est,
1081 5137 1109 5192 in
1129 5149 1221 5191 aerem
1241 5131 1373 5202 landant,
1395 5136 1422 5185 et
1439 5143 1494 5186 non
1509 5129 1598 5186 alind.
1622 5130 1747 5186 Andiant
1760 5143 1827 5201 ergo

1007 5229 1159 5285 veraciter:
1185 5223 1323 5294 Superior
1335 5221 1604 5291 circumscriptione
1618 5225 1671 5288 est,
1689 5216 1829 5288 quemad-

1008 5319 1122 5374 modum
1138 5315 1275 5385 diximus,
1292 5311 1390 5367 divina
1412 5317 1512 5366 natura
1525 5330 1531 5365 ι
1546 5324 1580 5365 an
1597 5309 1692 5379 potius
1705 5306 1828 5361 hnmana

1010 5404 1088 5480 lde,
1111 5412 1217 5460 atvero
1233 5404 1356 5458 hnmana
1367 5398 1375 5474 l
1387 5405 1430 5456 est
1444 5399 1670 5467 circumscripta.
1685 5397 1720 5451 Et
1731 5393 1828 5449 nullus

1008 5494 1078 5550 bene
1096 5493 1281 5549 sentientium
1302 5489 1548 5557 circumscriptam
1563 5487 1662 5541 dicens
1674 5485 1826 5539 humanam

1011 5589 1152 5652 naturam,
1163 5595 1228 5637 cnm
1240 5581 1291 5635 hac
1303 5576 1515 5635 circumscribit
1529 5588 1590 5630 eam
1602 5587 1663 5645 qna
1675 5569 1827 5627 incircum-
