3876 6090
111 226 165 285 aas
316 210 331 231 ⁸
723 231 901 288 anmrmn
927 230 1196 290 nxuuoeueoxnn

111 351 228 407 Taraslo
248 351 324 408 almo
341 357 369 408 et
394 353 578 409 sanctissimo
598 353 814 425 archiepiscopo
840 351 932 424 magni
948 352 977 410 A
990 353 1106 410 diabolo
1123 359 1151 410 et
1173 354 1308 427 malignis
1332 355 1395 424 ejus
1419 352 1579 410 virtutibus
1596 350 1697 423 perde

113 440 240 496 nominis
260 440 546 511 constantinopoleos
562 455 638 499 novae
659 443 764 513 Rome,
785 447 813 498 ct
830 444 936 498 ioanne
992 441 1155 511 simulacra,
1172 448 1200 498 et
1211 448 1347 500 creaturae
1363 443 1553 513 potiusquam
1566 440 1695 498 Creatori

112 541 145 583 ac
174 528 280 585 Thoma
304 531 550 586 reverendissimis
581 532 753 602 presbyteris
779 530 935 599 monachis,
993 538 1070 602 runt,
1080 533 1157 601 juste
1174 532 1450 589 idololatraedecrett
1471 537 1538 587 sunt
1554 529 1698 587 nominari

111 620 140 672 et
158 616 277 673 vicariis
290 617 513 689 apostolicarum
529 620 639 675 sedium
655 619 811 676 orientalis
829 619 938 675 dioece-
993 620 1029 691 eti
1046 621 1084 675 iis
1104 622 1154 690 qui
1176 621 1322 677 Christum
1345 621 1511 692 induerunt,
1535 625 1562 675 et
1586 619 1680 691 gratia

111 720 183 763 scos.
996 708 1221 779 idolislibcrati,
1235 715 1320 779 atque
1330 709 1365 763 ab
1377 722 1476 765 eorum
1488 721 1584 763 errore
1594 705 1697 763 salvati

148 796 351 852 Residentibus
368 811 481 868 quoque
504 802 569 854 ante
588 798 816 854 sacratissimum
837 796 939 852 ambo-
996 797 1185 852 sacerdotium
1199 805 1227 853 et
1241 812 1311 869 gens
1322 801 1419 852 sancta
1434 795 1538 867 effecti,
1554 808 1697 865 comparat

113 897 177 940 nem
191 885 289 955 templi
304 886 493 942 sanctissime
507 901 540 943 ac
557 901 665 959 magnae
680 886 808 943 ecclesiae
823 901 885 957 quac
896 899 940 941 co·
995 884 1123 941 conferre
1141 887 1235 943 conati
1259 890 1326 941 sunt
1350 883 1419 959 tor„
1440 888 1508 940 sunt
1521 884 1625 955 effecti,
1641 884 1694 941 inu

114 973 298 1044 gnominatur
308 973 430 1044 Sophia:
445 975 635 1044 presentibus
647 981 677 1032 et
685 973 873 1032 audientibus
884 975 939 1046 glo·
996 974 1054 1029 nati
1069 971 1146 1048 sunt]
1161 993 1167 1028 :
1182 976 1229 1030 scd
1247 975 1356 1031 utinam
1372 987 1449 1029 more
1464 972 1696 1044 imperfectorum

113 1060 284 1117 riosissimis
299 1067 326 1117 et
351 1062 643 1134 magnificentissimis
662 1064 821 1134 judicibus,
846 1063 874 1118 id
896 1067 940 1116 est
994 1078 1092 1119 vorum
1110 1077 1173 1119 mox
1193 1068 1257 1118 nata
1272 1063 1356 1119 verba
1368 1076 1465 1119 eorum
1481 1064 1696 1132 corrumperent

112 1151 231 1206 Peteona
244 1149 475 1206 laudabilissimo
483 1151 636 1207 exconsule
645 1152 777 1221 patricio,
791 1156 820 1207 et
833 1151 938 1207 comite
993 1157 1127 1222 corrupta
1139 1149 1254 1226 essenti,
1270 1153 1436 1222 priusquam
1454 1151 1482 1205 in
1498 1150 1624 1206 Ecclesia
1639 1149 1697 1207 tali:

95 1241 169 1310 ,Deo
184 1239 369 1296 conservandi
386 1239 546 1310 imperialis
557 1239 688 1311 obsequii
701 1259 709 1310 3
724 1243 753 1296 et
767 1244 825 1296 tota
840 1243 938 1295 sancta
993 1239 1090 1297 effecta
1113 1241 1254 1312 contagia.
1281 1241 1382 1296 Verum
1403 1240 1472 1311 quia
1487 1253 1551 1295 eum
1572 1238 1667 1309 inepta
1681 1251 1697 1293 e

112 1328 220 1398 synodo
243 1327 399 1384 secundum
424 1328 553 1383 ordinem
577 1327 628 1398 qui
648 1328 825 1398 proscriptus
849 1332 893 1383 est
907 1326 936 1382 in
993 1328 1165 1399 quibusdam
1192 1329 1263 1385 lacte
1278 1330 1388 1385 nutrita
1403 1333 1493 1384 sunt:
1521 1327 1589 1382 licet
1607 1325 1641 1381 ad
1665 1339 1697 1396 pe

114 1417 205 1486 prima
224 1416 358 1473 actione:
381 1416 571 1486 presentibus
585 1417 672 1472 etiam
691 1417 747 1472 Deo
762 1415 937 1471 amabilibus
994 1418 1118 1473 nondum
1139 1419 1333 1487 pervenissent
1352 1422 1472 1488 atatem,
1494 1416 1553 1471 haec
1569 1415 1697 1486 perimen

112 1503 349 1560 archimandritis
369 1510 398 1560 et
417 1504 604 1576 hegumenis,
627 1511 712 1575 atque
733 1504 810 1560 omni
836 1517 937 1558 rnovva-
991 1505 1119 1575 Spiritus
1139 1505 1329 1561 necessarium
1351 1506 1494 1561 ducimus.
1510 1504 1562 1559 Sed
1576 1503 1607 1558 in
1623 1502 1697 1559 hiso

112 1592 194 1649 chica
210 1592 403 1663 plenitudine,
420 1592 576 1663 propositis
595 1594 704 1649 sanctis
718 1599 746 1648 et
759 1593 937 1648 intemeratis
993 1595 1051 1651 dux
1067 1594 1150 1651 nobis
1165 1594 1204 1649 sit
1217 1595 1350 1651 Christus
1364 1609 1447 1650 verus
1469 1596 1543 1650 Deris
1556 1597 1662 1661 noster,
1678 1605 1697 1663 q

112 1683 161 1737 liei
178 1681 349 1754 Evangeliis.
951 1666 978 1727 Β
995 1683 1205 1738 minatomnem
1216 1683 1359 1738 hominem
1372 1683 1529 1738 venientem
1550 1681 1578 1736 in
1591 1680 1697 1736 huncu

147 1772 285 1828 Leontius
312 1768 386 1846 [Leo]
408 1772 533 1843 inclytus
552 1786 568 1828 a
589 1772 706 1828 secretis
727 1771 804 1826 dixit
826 1790 832 1826 :
854 1771 938 1825 Novit
993 1773 1080 1842 [Jocn.
1095 1771 1114 1843 ι)
1134 1773 1184 1842 qui
1200 1772 1279 1828 stilus
1299 1771 1462 1827 intellectus
1477 1775 1520 1825 est
1533 1771 1578 1840 pic
1591 1764 1697 1840 intellip

112 1865 248 1918 sanctaet
262 1861 342 1917 beata
358 1862 493 1932 synodus,
507 1862 632 1932 qualiter
645 1861 674 1916 in
691 1860 858 1931 precedenti
876 1874 940 1914 cou-
994 1869 1021 1917 et
1044 1862 1263 1931 intellectorum,
1288 1866 1317 1915 et
1337 1874 1429 1916 sermo
1443 1859 1602 1916 dicentium
1622 1863 1651 1912 et
1663 1856 1697 1912 db

112 1955 197 2007 ventu
216 1950 328 2006 diversa
342 1949 419 2005 dicta
433 1950 586 2020 legerimus
603 1945 663 2023 [ul.,
680 1945 872 2022 digesserunt]
889 1948 939 2003 di·
995 1952 1045 2023 qui
1069 1950 1164 2007 omnia
1178 1949 1311 2006 omnibus
1332 1955 1361 2005 et
1376 1953 1419 2005 est
1438 1953 1467 2003 et
1480 1947 1612 2017 efficitur,
1626 1946 1697 2017 quit

112 2040 223 2094 vinitus
236 2039 477 2109 insequendorum
494 2038 703 2108 haereticorum,
720 2039 769 2109 qui
785 2051 939 2094 accusave-
994 2054 1077 2112 guam
1108 2039 1271 2109 disciplinae
1296 2038 1484 2110 cognoscendi
1505 2050 1569 2092 cum
1592 2038 1697 2107 oporto

113 2130 182 2184 runt
193 2130 318 2183 sancmrn
333 2130 362 2182 et
375 2127 585 2183 immaculatam
602 2127 832 2184 Christianorum
847 2127 939 2182 Eccle·
993 2130 1119 2186 verbum.
1136 2127 1295 2184 Declaratio
1310 2128 1385 2183 enim
1405 2140 1566 2182 sermonum
1582 2127 1645 2194 ejus
1658 2123 1697 2180 itt

112 2216 184 2272 siam
197 2215 232 2271 ad
251 2215 402 2286 erigendas
414 2200 510 2271 sacras
525 2214 665 2287 imagines
680 2211 750 2289 lor„
764 2215 800 2271 ob
814 2215 939 2271 erectio-
993 2225 1022 2274 et
1044 2219 1219 2274 intellectum
1240 2217 1290 2272 dat
1307 2216 1435 2286 parvulis
1451 2214 1504 2286 (Ps.
1529 2213 1647 2287 cxvvu)3
1674 2228 1697 2285 q

113 2317 176 2362 nem
192 2317 336 2360 sacrarum
348 2301 726 2376 imaginum].llodieaulem
740 2319 795 2374 pree
806 2304 937 2360 manibus
994 2307 1171 2362 mendacium
1188 2305 1319 2376 pellatur,
1336 2305 1479 2360 etveritas
1494 2304 1617 2359 introeat
1628 2315 1697 2359 omn

113 2394 250 2450 habemus
271 2393 434 2448 eorumdem
452 2391 632 2448 Christianos
655 2393 852 2449 accusantium
872 2392 938 2448 bla-
992 2395 1100 2451 cideac
1121 2393 1269 2464 splendide
1293 2391 1405 2465 fulgens
1421 2412 1427 2447 :
1445 2406 1529 2463 quam
1551 2391 1697 2462 pietatisz

112 2480 270 2552 sphemiam
282 2479 312 2534 in
324 2478 487 2548 scriptis,id
498 2484 541 2534 est
551 2479 706 2535 absurdam
717 2485 746 2535 ct
760 2482 936 2537 evertendam
992 2482 1155 2552 amplexati,
1176 2482 1268 2537 divini
1284 2482 1411 2552 Apostoli
1427 2495 1563 2536 memores
1582 2480 1697 2551 inquien

112 2574 198 2638 atque
213 2580 262 2637 per
277 2579 307 2622 se
322 2566 544 2637 redarguendam
557 2567 753 2623 definitionem
767 2568 939 2641 pseudosyl-
992 2573 1059 2626 mtht
1082 2576 1130 2633 est,
1150 2574 1175 2625 st
1191 2587 1245 2625 nort
1266 2572 1481 2639 evangelizoorro
1501 2569 1524 2625 ll
1545 2570 1602 2625 Cor.
1627 2568 1691 2642 rx);

113 2657 182 2729 logi,
199 2656 229 2710 in
241 2653 376 2711 omnibus
397 2659 598 2710 consonantem
615 2655 711 2723 impie
731 2656 861 2725 opinioni
882 2661 938 2715 beo
993 2662 1055 2731 ejus
1071 2667 1099 2716 et
1113 2661 1241 2717 advocati
1264 2665 1292 2715 et
1306 2665 1481 2731 protectores
1495 2674 1556 2715 esse
1576 2659 1695 2715 mendac

113 2744 268 2802 odibilium
279 2742 492 2798 hereticorum:
505 2742 553 2798 sed
568 2748 597 2797 et
610 2742 795 2799 artificiosam
810 2749 839 2800 et
851 2745 939 2803 citica-
993 2750 1173 2820 darguentes,
1190 2754 1218 2804 et
1237 2748 1324 2804 funda
1341 2749 1464 2819 spiritus
1477 2749 1646 2818 lapidantes.
1660 2747 1697 2815 ⁴Ur

113 2832 259 2890 cissimam
273 2831 337 2900 ejus
352 2828 564 2900 refutationem,
579 2844 662 2901 quam
681 2831 807 2900 Spiritus
822 2840 938 2890 sanctus
994 2839 1150 2893 secundum
1160 2839 1333 2908 Scripturas,
1351 2852 1434 2907 quam
1453 2851 1544 2892 mores
1559 2838 1686 2908 Patrum,

114 2920 227 2992 liquido
243 2917 366 2989 prebuit
382 2915 539 2988 (oportebat
555 2919 630 2974 enirn
645 2932 706 2974 eam
722 2915 866 2992 divulgari
889 2937 938 2977 sn-
994 2925 1093 2981 biliter
1113 2940 1145 2981 ac
1161 2926 1337 2998 syllogistice
1351 2931 1450 2982 contra
1467 2925 1651 2997 stultiloquia
1661 2939 1695 2981 ve

114 3007 261 3080 pientibus
273 3005 408 3063 affatibus
427 3002 482 3079 [Gn
503 3005 803 3082 contradictionibusl,
826 3014 855 3064 et
873 3010 939 3065 dis-
954 2996 980 3060 G
995 3014 1151 3071 seeundum
1171 3014 1291 3070 phinees
1305 3029 1438 3070 mucrone
1454 3015 1585 3086 spiritus,
1608 3027 1663 3070 una
1677 3028 1697 3069 n

113 3097 193 3167 cerpi
214 3095 339 3153 fortibus
351 3093 584 3168 refutationibus)
600 3114 606 3150 :
620 3109 704 3166 quam
719 3102 748 3153 et
767 3097 939 3169 subjicimus
995 3103 1084 3159 tionis
1097 3103 1178 3174 plaga
1193 3103 1276 3159 facile
1289 3104 1339 3160 hos
1352 3104 1402 3174 qui
1418 3103 1474 3158 sibi
1488 3104 1516 3158 in
1529 3102 1580 3159 hac
1596 3103 1697 3172 impiet

113 3186 149 3243 ad
162 3186 237 3257 quod
259 3184 407 3256 placuerit.
995 3191 1101 3265 globati
1122 3196 1198 3262 sunt,
1221 3192 1308 3248 simul
1328 3206 1451 3263 pungere
1466 3192 1609 3261 studeant,
1625 3197 1655 3247 et
1669 3205 1697 3247 nr

149 3276 252 3331 Sancta
266 3275 391 3346 synodus
403 3273 479 3330 dixit
494 3290 500 3328 :
518 3274 647 3347 legatur.
996 3295 1045 3352 per
1057 3281 1214 3336 evidentem
1238 3280 1444 3336 exhibitionem
1461 3279 1576 3352 linguas
1590 3294 1691 3336 eorum

149 3366 271 3422 loannes
284 3365 341 3419 heo
364 3361 500 3419 amabilis
517 3363 657 3421 diaconus
671 3365 860 3423 sanctissime
876 3380 941 3422 ma-
995 3370 1145 3426 ostendant
1152 3370 1273 3440 ,quippe
1284 3383 1346 3441 qnae
1359 3374 1386 3424 et
1394 3374 1492 3425 contra
1508 3369 1641 3425 notitiam
1655 3383 1697 3426 un

115 3468 176 3529 gum
189 3452 339 3510 -lfcclesiae
365 3451 662 3525 constantinopoleos,
688 3458 716 3510 et
738 3455 938 3526 cancellarius,
994 3458 1055 3528 bei,
1071 3463 1100 3513 et
1117 3463 1216 3514 contra
1236 3457 1390 3512 Ecclesiam
1403 3459 1466 3527 ejus
1480 3457 1569 3526 elata,
1591 3461 1620 3513 et
1633 3457 1697 3531 iniq

115 3544 194 3616 hegil,
995 3546 1025 3602 in
1038 3546 1180 3602 excelsum
1195 3545 1403 3602 incarnationis
1415 3547 1507 3616 ipsius
1519 3547 1621 3603 locut‘e
1635 3555 1697 3603 sum

116 3681 362 3748 REFUTATJO
391 3681 454 3761 eju,
489 3700 555 3761 qua,
577 3682 806 3745 mam-natael
820 3685 939 3765 fallaci·
994 3634 1694 3709 demumdisruptisvinculiseorumgladiospiri

157 3775 202 3825 ter
244 3762 396 3822 nominato
439 3769 480 3820 est
523 3759 654 3842 definitio
699 3780 718 3821 a
761 3774 940 3846 congregata
994 3727 1037 3824 ⁰⁸}
1053 3723 1172 3824 Verbum
1188 3724 1238 3778 Dei
1252 3723 1421 3825 (Eph⁰⁵'.v¹)’
1435 3726 1689 3826 etd⁸i⁰⁵it⁰iug⁰

158 3842 246 3903 turba
259 3859 358 3902 eorum
370 3839 422 3920 qm·
433 3838 615 3901 emet-anos
631 3851 777 3903 accusant·
996 3811 1697 3884 plinatmnrseorum,tegminaversutvarumipsor

996 3900 1082 3957 nibus
1098 3899 1457 3957 manifestaconstituant:
1479 3903 1546 3973 quia
1561 3902 1697 3960 Dominus

391 3970 506 4027 TOMUS
518 3972 653 4028 PRIMUS·
995 4002 1053 4052 eos,
1067 3993 1095 4054 et
1108 3990 1295 4046 subsannavit
1303 4005 1362 4060 eos,
1372 3995 1400 4045 et
1413 3990 1546 4061 loquetur
1556 3991 1590 4046 ad
1602 4005 1650 4047 eos
1662 3991 1694 4048 in

154 4083 273 4139 Gratum
287 4084 332 4137 est
349 4093 459 4149 semper
473 4080 582 4137 odienti
597 4081 727 4139 homines
745 4084 866 4143 daemoni
883 4092 940 4143 tam
995 4079 1112 4135 dicens:
1130 4080 1290 4134 Disceditec
1304 4096 1355 4142 nte,
1367 4097 1421 4134 non
1441 4082 1504 4134 nooi
1517 4096 1563 4134 oos
1582 4078 1689 4150 (Mattio.

117 4173 205 4230 alico
216 4183 356 4241 separare,
371 4182 455 4240 quam
471 4170 683 4240 multiplicibus
692 4170 942 4231 fallereseductio·
996 4167 1103 4238 ouibus
1129 4168 1215 4224 ctiam
1236 4183 1285 4238 uer
1305 4170 1470 4240 prophetam
1492 4169 1639 4226 ieremiam
1661 4184 1697 4240 pr

118 4261 205 4320 nibus
222 4259 363 4316 hominem
380 4259 430 4328 qui
446 4258 479 4315 ati
498 4259 650 4331 imaginem
666 4260 715 4315 [lei
730 4260 822 4318 lactus
836 4267 896 4318 est:
914 4269 942 4318 et
995 4259 1074 4311 Falso
1089 4259 1424 4327 prophetacuticirnvntm·
1437 4260 1582 4313 dannomine
1596 4274 1653 4313 tneo
1668 4277 1697 4314 :a

117 4352 159 4409 nil
178 4350 204 4406 ei
217 4348 308 4421 magis
322 4346 514 4404 sollicitudini
531 4351 557 4403 et
566 4348 663 4403 studio
677 4352 729 4418 est,
742 4362 826 4419 quam
842 4352 941 4421 pietati
955 4336 983 4398 D
997 4362 1050 4409 eos,
1062 4352 1087 4400 et
1107 4363 1161 4400 aton
1174 4349 1292 4417 precepi
1310 4350 1358 4408 eis,
1384 4364 1469 4417 rteqce
1488 4349 1591 4402 locntns
1613 4364 1675 4403 svam

119 4443 262 4509 resistere,
276 4443 305 4494 ct
323 4436 523 4494 ecclesiastice
542 4436 621 4505 pacis
633 4441 785 4494 concutere
800 4441 938 4499 ordinem,
996 4437 1125 4491 visionem
1147 4437 1301 4490 attenderem
1323 4442 1348 4489 el
1363 4438 1558 4491 ‹liniatutionent
1576 4438 1697 4504 frondet

62 4599 69 4606 ἱ
118 4529 197 4597 Quod
211 4528 296 4586 etiam
316 4530 344 4582 et
364 4527 393 4581 in
418 4523 594 4594 temporibus
616 4525 724 4581 nostris
745 4529 871 4586 ostendit
893 4545 942 4600 per
997 4525 1177 4579 seductionem
1201 4526 1289 4579 coritis
1312 4528 1356 4580 sui
1373 4527 1561 4595 prophetizent
1582 4523 1697 4597 antisti

117 4617 342 4675 conciliabulum
356 4614 509 4687 quoddam,
525 4613 553 4668 in
568 4628 624 4684 quo
640 4615 689 4685 qui
700 4619 862 4689 congregati
874 4624 941 4675 sunt
997 4612 1090 4686 xmo).
1114 4614 1223 4669 Idcirco
1240 4619 1324 4670 erum
1339 4616 1456 4685 proiecti
1479 4617 1508 4671 in
1525 4617 1582 4673 viis
1607 4618 1697 4674 lerus‘

118 4706 252 4776 subjectas
281 4704 406 4760 materiae
429 4699 499 4776 [cm
526 4703 716 4774 expositionis
737 4713 867 4763 auctores
889 4705 938 4782 etl.
995 4710 1048 4775 est,
1064 4703 1196 4759 Ecclesia
1211 4704 1412 4775 catholicae3et
1427 4707 1606 4762 conculcatio
1619 4707 1698 4763 omni

116 4808 248 4852 suasores
272 4796 339 4849 sunt
366 4791 468 4859 effecti,
495 4796 523 4847 et
551 4793 703 4864 septimum
734 4801 821 4852 semet
853 4795 941 4853 dilia-
996 4796 1697 4867 plebeumssconotentur.torqueusentmiortisvt

117 4887 265 4941 naverunt
286 4894 347 4937 esse
366 4880 533 4949 concilium,
553 4882 674 4952 simplex
687 4888 716 4938 et
729 4885 842 4941 cunctis
853 4886 941 4957 agni·
995 4901 1056 4961 sua,
1073 4893 1101 4942 et
1114 4887 1228 4956 capitur
1242 4886 1422 4941 sermonibus
1439 4887 1499 4942 oris
1518 4887 1575 4943 sui.
1592 4888 1697 4944 lletrib·

116 4980 177 5030 tum
201 4971 275 5043 quod
294 4974 338 5026 est
358 4969 494 5025 adversus
516 4969 592 5026 idola
605 4972 715 5046 odium,
733 4975 822 5031 veluti
836 4991 941 5046 quam·
995 4983 1051 5033 tem
1064 4976 1205 5032 labiorum
1218 4975 1406 5045 eiusdabitur
1420 4975 1446 5031 ei
1464 4976 1621 5046 impietatis
1635 4991 1697 5051 argi

115 5064 179 5120 viam
196 5062 225 5117 in
241 5060 324 5116 hamo
338 5060 528 5116 seductoriam
548 5074 640 5116 escam
662 5062 840 5136 obJ'iciemtcS,
857 5081 941 5124 exse·
994 5067 1070 5122 cuim
1080 5066 1217 5131 :Argamum
1232 5070 1266 5126 fc,
1280 5069 1305 5117 et
1317 5069 1434 5117 statuunt
1450 5070 1542 5118 cvrmtrn
1561 5069 1662 5133 pirciern
1676 5071 1697 5122 tv

114 5154 290 5207 crumentum
312 5162 396 5204 suum
423 5150 606 5205 econtrario
628 5159 818 5221 proponentes
839 5163 939 5215 contra
995 5160 1056 5209 certa
1080 5159 1127 5208 tavi
1158 5151 1239 5221 (Psoi.
1276 5153 1358 5225 aava).
1383 5155 1417 5207 Et
1442 5155 1556 5222 quidem
1575 5168 1664 5224 super

114 5238 282 5312 imaginales
314 5237 420 5309 liguras
452 5233 520 5311 [Gr.‚
552 5242 580 5294 et
603 5253 637 5293 ex
658 5253 755 5296 eorum
777 5243 939 5312 rejicientes
993 5243 1102 5299 dixisse
1121 5241 1252 5298 sufficiat.
1272 5242 1311 5296 Nc
1332 5255 1397 5296 vero
1422 5242 1543 5312 prolixis
1557 5241 1697 5302 artimctih

26 5392 29 5397 ,
114 5330 144 5385 in
157 5328 325 5399 imaginales
339 5324 586 5401 ilg.],subripuere
598 5328 804 5399 simpliciores:
817 5338 845 5387 et
857 5336 939 5390 anti·
993 5333 1140 5404 iungemus
1155 5345 1322 5401 sermonem,
1335 5331 1507 5401 propositam
1519 5332 1594 5388 viam
1606 5335 1697 5391 contii

113 5416 282 5489 quissimam
297 5415 376 5471 illam
387 5420 417 5470 et
425 5423 589 5486 corruptam
599 5430 704 5488 vocem,
714 5418 938 5480 idolorumvide
991 5422 1025 5479 ad
1037 5421 1252 5495 redargutiones
1264 5436 1297 5476 cx
1311 5422 1372 5491 ipsa
1385 5422 1630 5492 superscriptione
1644 5425 1697 5481 veri

83 5510 87 5516 “
111 5505 179 5562 licet
193 5506 346 5575 culturam,
366 5504 470 5560 iterum
490 5502 672 5576 fabricantes,
686 5522 735 5578 per
750 5523 834 5579 quarn
849 5512 871 5567 ii
884 5513 933 5584 qui
991 5512 1110 5567 ciamus.
1120 5512 1216 5580 Neque
1230 5509 1306 5565 enim
1319 5510 1404 5566 aliter
1415 5510 1516 5566 horum
1529 5511 1697 5583 vaniloquia
