3876 6090
116 267 184 326 1383

556 266 702 322 ΑΡΡΕΝΙ).
720 264 767 320 ΑΙ)
778 263 858 321 SAEC.
880 265 928 321 tx.
948 293 985 306 -

1002 265 1178 323 AUCTORES
1196 268 1363 325 adoratui.
1747 265 1805 331 titi

116 406 170 463 que
192 390 334 459 expetitos
366 389 519 458 probarent
543 395 571 445 et
604 396 771 446 annuerent.
801 392 840 445 lta
868 389 1205 458 ereoanonutuuau
1240 396 1438 470 ANTIQUAE
1463 397 1521 458 DE
1562 398 1804 464 EPISCOPATU

115 464 257 518 Nicetium
294 461 419 516 Triveris
450 461 531 516 docet
562 461 719 530 Gregorius
751 461 936 542 Turonensis,

114 532 282 589 'lbeodorici
300 531 375 602 regis
387 533 482 600 jussu,
499 533 533 587 ad
549 532 744 600 episcopatum
761 529 938 613 1111111111-

115 612 186 664 tum,
203 605 326 672 datoque
340 602 436 671 populi
453 615 603 670 consensu,
617 608 644 655 et
657 603 770 656 decreto
786 616 871 726 regis.
887 616 938 657 or-

114 677 256 731 dinatum.
269 673 457 798 (puintianum
471 673 582 740 itidem,
593 679 621 726 et
632 671 684 726 boa
695 678 821 755 mortuo
836 673 936 741 allum,

114 745 276 802 arverniae
306 743 401 799 eodem
416 743 592 798 Theoderico
607 743 763 810 repedatos
778 757 936 812 episcopos.

116 817 166 879 lta,
193 822 224 871 ut
238 816 273 870 de
304 814 403 868 multis
421 825 509 882 parrca
524 825 750 874 commemorem,
766 815 936 869 Germanum

116 887 304 943 Parisiensem
330 883 517 948 Cbildeberti,
542 881 715 938 Ommatium
746 886 937 940 Turonensem

114 956 301 1020 Clodomeris,
317 954 479 1009 bladardum
492 954 750 1019 viromandensem,
767 961 794 1010 et
813 955 940 1024 Euphro-

118 1031 197 1084 niam
222 1041 323 1081 rursus
346 1026 547 1094 Turonensem,
570 1033 598 1079 et
617 1025 784 1080 bomrrolum
799 1029 939 1080 Cenoma-

115 1112 226 1155 neusem
260 1095 378 1151 clotarii
405 1096 481 1164 repis
502 1096 596 1163 jussu,
622 1095 664 1149 vel
683 1109 812 1163 assensu,
837 1098 938 1150 cutiae·

113 1170 193 1224 dram
207 1139 324 1236 adeptos
337 1172 493 1221 memorant
517 1166 674 1236 Gregorius
691 1167 764 1221 idem
783 1175 811 1222 et
833 1169 937 1222 Fortu-

115 1246 208 1295 uatus.

151 1311 310 1377 Eodemque
328 1306 410 1361 modo
424 1307 585 1377 deincepsa
603 1306 765 1375 Cbilperico
780 1306 939 1363 iratribus-

115 1394 179 1452 que,
200 1387 260 1435 turn
274 1393 289 1432 a
302 1378 428 1433 clotario
439 1379 469 1441 ll,
483 1377 650 1447 Daqoberto,
664 1377 802 1434 clodoveo
810 1380 936 1448 juniore,

113 1467 146 1506 ac
173 1449 295 1520 reliquis
320 1449 481 1503 bleroveicae
514 1448 631 1502 familiae
669 1449 795 1517 regibus,
828 1450 937 1504 delentos

115 1521 204 1578 luisse
226 1527 276 1575 aut
297 1532 446 1574 concessos
461 1519 652 1589 episcoprum,
678 1526 705 1573 et
726 1520 855 1575 historia
868 1534 938 1590 pro-

113 1593 196 1661 dunt,
212 1599 239 1646 et
255 1590 335 1644 tidem
351 1587 545 1657 iaciuntupud
561 1589 730 1643 biareullum
742 1591 862 1659 etalios,
875 1605 937 1672 quae

114 1671 174 1716 tum
202 1662 231 1715 in
248 1675 301 1714 usu
331 1665 412 1713 erant
433 1666 541 1713 ueteres
565 1657 710 1714 termulae:
728 1674 849 1729 quaram
873 1662 937 1716 alne

115 1732 212 1801 populi
236 1732 269 1784 ad
287 1743 378 1799 regem
404 1743 499 1798 preces
518 1730 676 1796 continent,
702 1730 778 1785 bunc
790 1738 841 1786 aut
854 1731 936 1810 illum

114 1802 171 1857 sibi
194 1802 359 1869 episcopum
383 1799 557 1871 daqitantis:
574 1800 649 1864 aliae,
669 1809 837 1869 praeceptum
862 1818 938 1873 regis

113 1875 148 1930 de
161 1873 265 1928 collario
275 1870 439 1940 episcopatu
451 1887 459 1936 3
470 1870 534 1924 aliae
547 1870 691 1925 indiculos
700 1871 734 1926 ad
749 1872 939 1942 metropolita·

115 1958 181 1999 num
207 1950 235 1996 et
256 1942 414 2010 episcopos,
439 1954 489 2010 pro
507 1941 633 2009 episcopi
659 1943 723 1996 novi
745 1943 936 1998 ordinatione.

114 2016 169 2070 b'ee
183 2014 322 2068 diversam
342 2025 424 2080 pierre
437 2010 490 2065 sub
502 2012 604 2080 primis
618 2013 749 2067 secundm
762 2012 879 2067 familiae
890 2028 938 2068 re-

114 2085 200 2156 gibus
217 2083 337 2152 i‘ippino
359 2087 386 2136 et
408 2082 509 2137 Carolo
534 2082 672 2137 rationem
697 2085 853 2151 exstitisse,
878 2092 937 2140 tum

114 2168 211 2210 eorum
236 2153 344 2223 quibus
369 2152 551 2222 episcopatus
565 2153 780 2218 commiserunt,
810 2156 937 2223 exempla

113 2227 318 2291 demonstrant,
341 2229 400 2277 tum
416 2222 516 2292 synodi
535 2223 649 2279 illorum
668 2225 846 2292 temporibus
861 2226 938 2280 etele-

114 2297 217 2352 bratae:
234 2295 263 2350 in
277 2293 385 2364 quibus
399 2307 462 2349 cum
481 2293 569 2348 multa
584 2295 619 2349 de
633 2295 831 2363 episcoporum
845 2295 937 2352 officio

113 2366 304 2436 etdiseiplina
317 2364 528 2433 precipiantur.
541 2364 620 2421 nulla
633 2379 751 2434 usquam
765 2366 935 2423 electionum

114 2437 320 2508 episcopalium
337 2435 367 2489 iit
383 2435 489 2489 mentio
515 2436 627 2489 Primus
639 2435 765 2505 arriiquar
780 2442 938 2492 consuetu-

113 2509 193 2564 dinis
204 2520 310 2561 memor
326 2506 488 2561 ludovicus
503 2506 581 2571 llius,
599 2518 684 2560 anun.
708 2513 737 2561 ut
757 2522 829 2572 reor,
845 2509 938 2577 impe-

115 2580 152 2635 rii
169 2579 214 2633 sui
231 2578 326 2641 tertio,
342 2576 538 2646 eligendorum
554 2576 752 2644 episcoporum
772 2585 936 2646 potestatem

114 2649 246 2705 Ecclesiae
261 2647 390 2702 restituit
410 2646 469 2699 leae
485 2646 550 2705 lata,
563 2661 625 2715 quar
637 2647 665 2700 io
688 2648 779 2714 prinm
793 2647 867 2702 libro
881 2649 938 2702 Ca-

115 2719 294 2790 pitularium,
306 2729 367 2783 cap.
382 2688 549 2784 1111111111
561 2715 706 2770 biseerbis
717 2735 745 2770 :u
758 2720 795 2770 lte
808 2721 936 2787 qniseopr'e

113 2789 255 2856 elipendis.
279 2791 428 2840 saeuorum
450 2798 601 2848 canonum,
619 2799 673 2839 non
691 2786 795 2857 ignari,
812 2795 839 2843 et
861 2796 892 2844 ut
907 2790 936 2843 in

112 2860 161 2914 Dei
191 2857 305 2911 nomine
326 2861 422 2908 satureia
446 2853 565 2909 ecciesia
584 2870 635 2910 sua
651 2855 772 2912 liberius
797 2861 937 2926 puniretur

115 2930 231 2994 bonore,
251 2926 285 2980 ad
302 2937 416 2980 sensum
432 2925 527 2980 ordini
545 2926 738 2983 ecclesiastico
751 2929 934 2996 praebuimus,
990 2936 1017 2993 a.
1040 2946 1180 2997 Decretum
1211 2944 1252 2997 ill
1292 2945 1429 2999 electionis
1455 2947 1589 3017 Aesepia-i

113 3006 145 3055 ut
164 2998 274 3054 scilieet
292 2994 418 3065 episcopi
442 3009 491 3065 per
505 2996 670 3051 electionem
690 2999 759 3052 clari
778 3006 805 3054 et
825 3001 974 3074 populna
1072 3013 1243 3067 Senonensis.

992 505 1144 578 Quarum
1160 507 1238 570 olim
1251 527 1335 572 usus
1350 509 1426 591 fuit
1440 511 1502 573 ereb
1516 512 1651 593 primis
1673 516 1805 594 repilnr.

1344 643 1460 688 rapax.

993 729 1019 786 1.
1040 733 1112 788 Cleri
1127 739 1266 809 plebisque
1285 741 1404 794 virtuale
1425 744 1545 797 ciuitatis
1560 759 1655 812 preces
1676 745 1713 798 ad
1731 762 1808 812 repen

1062 821 1111 870 pro
1126 811 1248 880 episeopo
1263 813 1438 866 instituendo.

992 872 1022 928 2.
1052 876 1218 960 Praeceptum
1256 885 1328 950 reqis
1355 884 1389 937 de
1412 886 1580 955 episcopata,
1604 886 1644 939 ad
1669 889 1809 957 qrbeopun

992 1013 1018 1069 3.
1035 947 1273 1090 lrr'elbib'rbbbbbnbbpis
1298 1025 1335 1077 ud
1357 1027 1607 1094 metropolitanum,
1637 1033 1666 1079 ut
1689 1029 1810 1095 111119111-

1063 1094 1128 1172 111111Ι
1155 1096 1306 1163 epriseopuru
1336 1097 1443 1150 ordinet
1475 1113 1536 1151 cum
1565 1101 1626 1151 suis
1649 1103 1811 1168 semproniu-

992 1223 1018 1281 i.
1032 1161 1187 1285 labbbblbbrbb
1200 1235 1269 1288 alim
1296 1238 1334 1289 ael
1362 1240 1535 1307 episcopum3
1553 1256 1606 1309 pro
1636 1241 1729 1294 eudemi
1744 1241 1812 1294 desi·

1062 1305 1141 1366 pueri
1153 1307 1270 1374 episcopi
1282 1309 1462 1362 oralirrntione.

1204 1377 1285 1446 (Vide
1304 1379 1466 1447 Puteoloqiec
1481 1391 1549 1436 tom.
1575 1382 1751 1451 cxxxiii.)

1194 1591 1405 1655 FORMULAE
1426 1595 1623 1658 DIVERSAE

953 1700 980 1761 Β
992 1680 1014 1742 I
1016 1700 1038 1742 u
1048 1683 1277 1765 episcoporum
1277 1691 1547 1769 promotionibus
1558 1698 1739 1774 usurpate
1747 1703 1809 1778 pest

1092 1768 1289 1829 restitutam
1298 1768 1498 1832 electionem
1513 1771 1722 1837 tiberialem.

995 1873 1018 1928 1.
1044 1877 1167 1946 Epistola
1190 1883 1333 1937 lliuemuri
1355 1885 1393 1937 ad
1420 1902 1518 1953 reqcnr,
1550 1892 1585 1941 ut
1619 1890 1809 1948 electionemrl

1074 1951 1240 2005 eisitutorern
1255 1955 1382 2008 corremlat
1397 1959 1513 2010 ecclesie
1521 1958 1735 2015 Silearreetensi.

992 2015 1018 2070 9.
1042 2019 1163 2087 Epistola
1189 2024 1332 2077 llinemari
1353 2026 1391 2078 ad
1416 2027 1616 2096 (ledenulfum,
1643 2038 1675 2085 ut
1697 2035 1809 2088 endale-

1076 2106 1131 2143 rern
1144 2099 1207 2158 aqut
1217 2095 1243 2145 iu
1254 2097 1363 2148 ecelesia
1372 2098 1568 2154 Cameracensi.
1662 2147 1668 2161 ,

992 2155 1018 2212 3.
1047 2160 1170 2228 Epistola
1196 2165 1338 2218 llincnrari
1356 2168 1394 2220 ad
1419 2169 1519 2222 etenum
1542 2177 1569 2224 et
1592 2173 1702 2242 plebem
1728 2175 1809 2230 01111-

1071 2247 1216 2295 recensent,
1228 2241 1257 2289 ut
1272 2237 1548 2304 electionenisaciant.

991 2299 1017 2351 1.
1038 2301 1161 2369 Epistola
1188 2307 1329 2360 llincrnari
1349 2309 1387 2361 ad
1414 2311 1603 2375 belvacenses,
1629 2315 1664 2368 de
1690 2319 1773 2383 forma
1789 2323 1809 2371 et

1075 2375 1153 2427 modo
1164 2378 1297 2437 (actarde
1310 2380 1456 2434 electionis.

991 2438 1017 2495 5.
1045 2442 1193 2498 &cresium
1213 2449 1411 2513 lttremensium,
1434 2453 1483 2520 qui
1509 2454 1671 2510 electionem
1693 2464 1754 2511 aute
1772 2462 1809 2512 ei·

1076 2518 1198 2570 situtorr's
1213 2518 1359 2573 artnentum
1368 2524 1464 2588 fecisse
1480 2523 1663 2580 dicebantur.

991 2580 1017 2636 6.
1040 2583 1176 2640 Alloeutio
1199 2591 1349 2643 visitatoris
1362 2591 1548 2647 coelectores.

990 2649 1016 2705 7.
1043 2656 1183 2711 liturarum
1221 2661 1356 2714 electionis
1395 2664 1544 2734 llerimaulfi
1594 2670 1716 2739 episcopi
1746 2671 1809 2724 bru·

1075 2729 1213 2783 dunensis.

990 2791 1016 2847 8.
1045 2796 1184 2853 Decretum

1095 2872 1100 2881 μ
1155 2873 1159 2882 ι
1209 2801 1288 2854 aliud
1313 2804 1448 2858 electionis
1475 2807 1569 2861 AEneae
1592 2811 1716 2881 episcopi
1747 2814 1810 2866 Puri·

1075 2887 1182 2924 arensis.

1628 2953 1811 3025 archiepiscopi

113 3067 870 3141 secundumstatmacanonum,deprrnpriadioeeesi,
888 3086 936 3126 re-
992 3082 1033 3140 ll).
1064 3084 1186 3153 Epistola
1210 3084 1371 3140 &turriensis
1399 3089 1516 3143 ecclesie
1539 3091 1758 3149 adllilrluinum
1778 3112 1812 3149 ar·

114 3146 187 3197 mota
199 3144 418 3210 personarumet
429 3151 576 3192 munerum
585 3139 874 3207 acceptioue,obvilae
883 3156 936 3197 me-

112 3213 211 3279 ritum,
227 3215 254 3265 et
267 3208 415 3277 sapientire
426 3208 531 3263 donum
549 3209 705 3280 eligantur,
723 3217 753 3265 ut
768 3213 896 3281 exemplo
907 3221 934 3269 et

111 3283 196 3339 verbu
207 3281 263 3337 sibi
276 3279 415 3347 subjectis
431 3292 636 3348 usquequaque
648 3283 780 3347 prodesse
795 3283 933 3339 valeant.»

146 3353 198 3408 Sed
226 3352 314 3420 bajus
337 3357 428 3404 tamen
452 3349 523 3419 lepis
545 3349 681 3405 beneticio
704 3352 743 3406 ita
762 3353 935 3410 electionum

108 3425 212 3494 iurein
230 3427 373 3491 posterum
386 3434 444 3477 usa
459 3426 528 3475 sunt
539 3421 675 3488 ecclesiae,
689 3430 720 3476 ut
733 3424 936 3494 singulaemor·

111 3503 161 3551 tuo
174 3494 317 3562 episcopo,
334 3505 458 3561 primum
474 3492 601 3546 omnium
619 3495 683 3546 novi
699 3493 824 3564 eligendi
841 3495 936 3552 iacul-

111 3572 196 3620 tatem
211 3578 258 3632 per
275 3562 554 3631 metropolitanumi
571 3576 634 3633 rege
651 3570 786 3634 peterent,
804 3580 867 3621 cum
889 3567 935 3620 ri-

111 3637 229 3691 sitatore
243 3635 292 3704 qui
317 3638 447 3702 praesset
466 3632 610 3688 electioni.
630 3633 700 3688 'lum
727 3635 876 3691 electionis
889 3635 936 3692 ia-

110 3714 162 3763 ctae
192 3706 336 3760 decretum
359 3703 392 3758 ad
415 3703 666 3772 nretropolitanum
692 3702 874 3775 referebatur,
904 3714 935 3763 ut

111 3791 142 3832 eu
159 3776 216 3846 regi
233 3773 359 3845 probata,
373 3778 401 3828 et
412 3773 501 3828 electo
516 3788 610 3828 coram
632 3774 857 3841 prrouincialibus
869 3778 936 3846 cpi-

111 3847 206 3916 scopis
216 3845 388 3902 examinato.
407 3849 464 3897 tum
481 3845 594 3898 elemum
606 3844 798 3902 ordinaretur.
815 3850 935 3904 uuanda-

111 3925 229 3987 tumque
241 3915 276 3969 ab
290 3914 506 3969 ordinatoribus
516 3914 666 3983 acciperet,
682 3919 822 3984 quomodo
840 3919 933 3988 ipsum

112 3991 141 4043 in
153 3985 307 4056 episcopali
331 3997 445 4039 muner-e
456 3985 537 4051 iuxta
552 3999 691 4040 acarnanum
706 3994 811 4043 statuta
826 3993 933 4046 uersari

111 4063 261 4127 oporteret.
287 4058 355 4124 Quae
374 4054 488 4136 singula
508 4069 571 4109 cum
593 4055 692 4111 nrultis
711 4073 783 4127 sape
808 4060 879 4116 locis
898 4062 933 4116 ab

112 4129 263 4183 ilinemaro
284 4126 435 4180 libemerrsr
451 4126 588 4194 explicari
603 4127 721 4195 soleant,
736 4136 796 4184 tum
812 4132 841 4184 in
858 4132 932 4188 libro

111 4205 209 4253 contra
235 4197 419 4251 liincmarum
449 4202 576 4265 nepotem
606 4195 664 4252 iere
688 4200 784 4254 omnia
810 4201 933 4258 breviter

110 4281 241 4339 expressa
255 4273 331 4334 suut,
350 4265 397 4321 ubi
409 4266 443 4321 de
456 4268 666 4336 metropolitani
683 4284 738 4339 qrrae
753 4273 932 4343 1111111111-

110 4339 247 4397 scorisdi

109 4356 196 4468 aab:
223 4354 281 4463 ibn
309 4408 459 4464 llbemensi
486 4409 642 4479 prrovincia,
665 4411 770 4481 iuquit,
795 4415 818 4467 si
845 4414 933 4471 luerit

110 4482 262 4538 defunctus
274 4479 504 4549 episcopuseeo,
514 4486 542 4533 et
557 4494 612 4535 non
628 4487 669 4548 tu,
683 4482 858 4538 visitatorem
876 4487 931 4553 ipsi

111 4553 233 4608 uiduata
249 4549 405 4617 designabo
417 4519 553 4617 ecciesiae,
575 4558 603 4605 et
621 4551 786 4607 electionem
802 4569 865 4609 cum
880 4558 934 4611 dc-

111 4631 187 4678 crelo
208 4621 345 4676 canonico
371 4620 532 4690 precipiam
554 4620 623 4676 lieri.
642 4623 675 4676 iit
697 4623 721 4678 si
748 4624 776 4678 iu
792 4633 883 4693 partes
903 4642 933 4681 se

110 4693 277 4762 eligentium
294 4698 356 4746 rota
368 4691 531 4755 diviserint,
545 4706 647 4758 merim,
660 4700 688 4748 et
704 4707 757 4749 non
771 4701 862 4762 taratra,
876 4700 933 4753 erit

112 4763 227 4832 eligere,
241 4763 289 4832 qui
308 4762 467 4831 majoribus
481 4764 514 4817 ad
532 4765 721 4820 ordinandum
736 4767 844 4823 studiis
856 4770 933 4837 jure·

113 4841 160 4889 tur
174 4841 201 4887 et
212 4833 333 4898 meritis,
345 4840 373 4889 et
384 4847 474 4889 meum
487 4840 539 4900 est,
552 4835 741 4891 ordinandum
758 4841 930 4908 examinare,

113 4917 167 4959 non
188 4910 278 4959 trium.
295 4906 385 4960 i'uurn
401 4911 443 4959 est
454 4911 546 4960 aautem
563 4920 625 4960 curn
642 4906 710 4960 :iliis
726 4922 833 4963 mecum
849 4911 933 4966 ordi-

112 4987 179 5029 nare
191 4974 366 5045 episcopum,
388 4982 416 5029 et
430 4976 535 5030 litteris
552 4977 709 5044 canonicis,
726 4982 933 5047 1111111111-

112 5054 158 5101 tus
174 5044 209 5098 ab
224 5044 438 5099 ordinatoribus
453 5047 515 5100 suis
527 5046 645 5115 jubetur
656 5052 784 5118 acccipere
812 5059 875 5120 post
888 5066 931 5108 me

114 5120 141 5172 in
171 5122 221 5172 tuo
247 5113 308 5168 leco
332 5114 521 5171 subscribere.
541 5136 553 5166 1
573 5118 814 5186 eremadmodum
837 5129 930 5179 autem

112 5188 171 5258 peri
197 5186 256 5241 bne
277 5183 390 5254 singule
413 5187 544 5254 solerent,
563 5195 594 5242 ut
613 5190 742 5257 apertius
763 5192 931 5264 pleniusque

111 5257 243 5330 cognosci
258 5270 290 5311 ae
305 5254 412 5325 percipi
429 5257 522 5323 liceat,
543 5273 634 5326 oprerar
658 5261 779 5328 pretium
794 5263 931 5322 tinuimus

110 5332 238 5386 diversus
264 5341 297 5382 eo
323 5328 511 5395 spectantium
539 5330 725 5396 epistolarum
750 5334 931 5406 {aliarumque

109 5403 255 5457 actionum
276 5397 423 5460 iormulas,
449 5412 511 5466 quac
540 5400 568 5452 in
593 5414 693 5457 arianus
709 5413 820 5460 illustras
844 5420 930 5462 neue-

110 5480 187 5536 runt,
204 5471 256 5525 boc
274 5470 332 5524 loco
352 5467 512 5536 subjicere:
525 5471 680 5537 praemissis
700 5475 796 5542 etiam,
811 5478 845 5532 de
860 5479 931 5547 qui-

109 5542 281 5598 busdictum
298 5547 350 5604 est,
366 5539 582 5609 antiquioribus
593 5538 738 5613 termulis,
751 5547 930 5616 quibusaute

110 5612 259 5671 restitutas
275 5609 428 5668 electiones
446 5609 608 5668 utebantur.

271 4338 359 4393 nitate
374 4351 406 4392 uc
422 4339 585 4406 prestantia
606 4345 708 4394 tractat
725 4341 753 4394 iu
777 4343 851 4398 bunc
868 4359 972 4433 mojD

1074 3154 1298 3223 clrieupellanum,
1316 3172 1367 3226 pro
1388 3159 1491 3213 tuenda
1515 3163 1651 3218 electione
1682 3183 1761 3235 quam
1782 3170 1811 3234 tc

991 3294 1032 3351 11.
1061 3230 1235 3384 {bibbbreao
1265 3298 1416 3353 willeberti
1439 3299 1660 3360 Certerluunensis
1676 3309 1811 3362 ordinandi

990 3436 1032 3492 11.
1047 3370 1341 3506 erbbbbbbb’bamtern
1351 3442 1442 3508 futuri
1454 3447 1576 3516 episcopi
1592 3449 1767 3505 blorinensis.

991 3506 1033 3563 la.
1050 3510 1186 3575 Professio
1198 3510 1284 3562 ultera
1296 3513 1388 3577 surturi
1402 3515 1614 3586 eircbiepiseopi.

991 3577 1002 3634 1
1009 3577 1034 3633 i.
1059 3582 1199 3632 Trnetoriu
1233 3581 1376 3635 Prudentii
1409 3587 1529 3656 episcopi
1567 3592 1736 3652 tricassini.
1760 3610 1807 3646 run

1073 3651 1195 3704 electioni
1208 3652 1297 3705 AErieae
1310 3653 1404 3707 adesse
1418 3671 1472 3710 nou
1479 3666 1583 3727 posset.

991 3717 1032 3775 td.
1047 3722 1239 3845 Dpicrrlmenturn
1261 3723 1294 3775 de
1319 3724 1490 3781 ordinatione
1513 3731 1684 3788 Electrannr’
1709 3737 1810 3806 episcopi

1091 3806 1242 3844 reomenses.

991 3859 1032 3916 ta.
1057 3863 1198 3916 terrenae
1226 3863 1321 3917 litterar
1340 3867 1375 3914 ab
1403 3869 1616 3926 ordinatoribus
1638 3876 1713 3930 deute
1732 3877 1810 3930 tiede-

1077 3933 1155 3998 nalso
1171 3935 1292 4003 episcopo
1307 3936 1494 3994 Lauelunensi.

1343 4008 1423 4074 (tide
1436 4010 1484 4064 ubi
1507 4015 1626 4085 supra.)

1379 4164 1413 4175 ..-

1182 4243 1384 4310 aristote
1404 4249 1622 4320 Fortunas.

1140 4372 1167 4412 11
1196 4372 1260 4414 nou.
1287 4360 1445 4418 iinTI‘itb'
1469 4381 1502 4422 ur
1530 4369 1661 4428 cirilli.

1024 4467 1059 4520 lia
1085 4479 1195 4519 (accan
1208 4467 1328 4522 Domino
1351 4472 1537 4531 saeratissimo
1550 4483 1644 4547 atque
1662 4485 1812 4539 veneratis·

988 4554 1060 4608 simo
1075 4560 1103 4607 ct
1121 4565 1137 4605 a
1152 4550 1235 4607 nobis
1255 4568 1364 4611 surrrma
1379 4573 1443 4613 cum
1465 4560 1631 4620 dilectione
1647 4570 1811 4626 riorninandu

986 4643 1027 4694 ill.
1041 4641 1173 4709 episcopo
1189 4641 1227 4693 ill.
1247 4643 1392 4709 prnrirrcia
1409 4645 1491 4703 tratri
1507 4650 1536 4704 in
1550 4652 1675 4711 Cbristo
1694 4659 1809 4714 ilomiur.

987 4733 1042 4801 ligo
1060 4730 1099 4782 ill.
1114 4728 1266 4797 episeopus
1286 4745 1383 4788 seruus
1397 4734 1517 4808 diunisii,
1533 4749 1646 4798 sancia
1664 4747 1708 4799 ill.
1728 4748 1811 4803 Eccle-

987 4819 1037 4874 siae
1055 4815 1176 4870 numilis
1190 4817 1351 4887 episeopus,
1368 4829 1459 4881 uester
1480 4827 1635 4887 confrater
1648 4848 1684 4890 ac
1706 4837 1810 4892 deuotus

987 4912 1092 4972 orator,
1111 4903 1262 4974 paciferam
1284 4911 1458 4968 transitoriae
1473 4916 1541 4971 ritae
1556 4926 1650 4991 atque
1666 4921 1770 4982 lutare
1788 4925 1808 4978 in

986 4996 1106 5059 nomino
1133 5003 1264 5059 salutem.
1286 5006 1442 5072 Cognoscat
1464 5004 1608 5077 denique,
1635 5012 1755 5068 almitas
1771 5026 1808 5066 re

985 5095 1054 5159 stra,
1067 5092 1136 5160 quia
1150 5091 1350 5158 istcClericuS,
1368 5092 1483 5147 nornine
1504 5094 1545 5147 ill.
1567 5105 1671 5154 noster
1687 5107 1807 5156 tousura-

986 5183 1043 5244 tus,
1062 5179 1143 5247 petiit
1154 5186 1257 5234 nostrae
1273 5178 1449 5237 numilitatis
1461 5179 1683 5256 dimissoriam,
1696 5190 1756 5245 site
1767 5187 1807 5242 im·

986 5273 1099 5338 rnatum,
1118 5274 1148 5323 at
1161 5282 1176 5323 a
1188 5269 1269 5324 vobis
1281 5269 1315 5323 ad
1331 5281 1443 5324 sacrum
1453 5271 1589 5329 ordinem
1606 5284 1803 5345 promereatur.

986 5357 1133 5424 Propterea
1156 5372 1216 5424 nos,
1244 5359 1306 5426 ejus
1332 5357 1465 5427 precibus
1491 5360 1643 5427 inclinati,
1660 5367 1804 5424 secundun

985 5449 1092 5501 statuta
1108 5449 1270 5501 sanctorum
1287 5447 1400 5502 latrum
1415 5446 1524 5504 blicani
1540 5453 1668 5509 concilii
1683 5453 1804 5510 bencdi-

985 5533 1158 5603 missoriam,
1176 5533 1235 5589 sive
1251 5539 1283 5591 ut
1296 5534 1436 5600 diximus,
1453 5533 1619 5609 formalem,
1637 5550 1739 5600 restrae
1753 5541 1803 5598 ira·

983 5619 1113 5679 tenuitati
1126 5625 1211 5693 atque
1229 5621 1375 5679 sanctitati
1390 5622 1565 5698 emittimus,
1582 5634 1700 5702 uteuur
1710 5632 1745 5688 ad
1759 5632 1803 5686 sr-
