3876 6090
125 256 193 316 liat

154 383 220 438 Saul
247 388 344 454 regnat
359 395 504 437 annosiii.
800 449 806 460 ¹
938 449 944 459 ‘

153 454 276 509 hDavid
305 468 396 523 usque
420 455 453 509 ad
488 452 606 507 initium
624 450 825 507 aedificationis
847 448 946 518 templi

119 539 283 664 angipffiql.
304 596 493 652 adificatlone
518 595 616 719 temqli
631 607 722 662 usquc
748 592 781 646 aii
808 590 947 645 transmi-

119 668 277 737 grationem
301 668 329 722 in
357 667 550 737 Babyloniam,
590 678 656 720 nere
681 676 833 764 reges'per
856 675 947 716 annos

119 752 328 864 (miffiiibtnaiiteni
347 809 500 878 captivitas
514 806 612 877 populi
639 821 671 861 ac
693 804 832 861 desolatio
848 803 945 872 teinpli

119 881 187 936 anni
201 894 267 944 iii,
285 885 312 934 et
327 887 533 935 restauraturi
547 877 731 932 zorobabele
900 945 906 956 .

156 953 219 1007 Post
235 952 470 1006 restaurationem
487 949 586 1018 templi
611 962 701 1018 usque
717 949 751 1003 ad
765 947 947 1002 incarnatio-

119 1035 181 1077 nem
197 1022 306 1078 Christi
319 1022 387 1076 anni
401 1035 465 1075 nin.
859 1087 864 1098 Ι

153 1088 946 1164 ColligituromnetempusabhdamusqueadChristum

118 1177 406 1290 Ὴιᾱιὺῦῗιξιξείιτιιξειίοηε
419 1236 451 1288 b.
467 1237 499 1289 N.
512 1235 577 1289 iesu
592 1233 701 1289 Christi
718 1247 808 1305 usque
823 1232 858 1286 ad
883 1229 947 1311 pri7

120 1319 196 1361 mum
216 1305 368 1361 wambani
390 1306 533 1376 principis
549 1305 628 1377 regni
644 1318 751 1359 annum
771 1303 850 1360 luere
876 1313 945 1355 anni

118 1389 308 1518 DCfflmtlclmpre
337 1448 465 1503 Wambac
489 1462 580 1519 usqne
610 1462 696 1518 nunc,
725 1460 788 1517 quaa
813 1449 856 1500 est
890 1456 946 1498 aera

119 1532 256 1588 necesarii,
274 1520 380 1575 liniunt
392 1521 459 1575 anni
481 1534 552 1574 ccii.
917 1585 922 1596 Ι

154 1592 236 1646 blodo
259 1604 325 1646 vero
346 1590 496 1661 colligitur
522 1604 604 1646 omne
625 1594 738 1658 tenipus
760 1588 796 1643 ab
825 1586 944 1642 exordio

120 1662 219 1716 mundi
232 1675 322 1731 usque
336 1661 365 1716 in
382 1668 547 1730 praesentem
558 1675 642 1716 aram
653 1673 791 1724 nuceium,
803 1664 831 1713 et
845 1663 943 1713 octavo

118 1730 228 1787 declino
243 1746 318 1788 anno
334 1733 414 1803 regni
433 1731 569 1788 ildefonsi
585 1732 736 1802 principis,
754 1730 808 1785 lilii
822 1727 942 1798 gloriosi
959 1707 985 1767 Β

118 1802 232 1858 Ordinii
244 1803 437 1873 regisomnes
451 1804 519 1858 anni
530 1803 584 1858 sub
600 1816 681 1858 uuor
698 1815 745 1857 iii.
759 1813 857 1855 ninaii
870 1797 901 1869 [b
916 1803 945 1854 et

118 1872 153 1928 ab
163 1874 359 1929 incarnatione
367 1875 481 1929 Domini
496 1887 586 1944 usque
598 1885 866 1929 nuncnccciiixiiiii.
879 1867 888 1944 l

310 1982 378 2034 Itein
393 1981 425 2034 de
443 1996 491 2034 scm
505 1980 630 2034 aetatibus
646 1980 747 2033 saculi.

153 2085 201 2140 ix.
216 2084 311 2141 Prima
320 2091 388 2140 atas
402 2085 438 2140 ab
453 2086 541 2141 Adam
557 2085 698 2156 usquead
714 2083 858 2140 diluvium
874 2081 943 2137 anni

117 2169 361 2283 nnscgqqudaaems
382 2227 524 2284 adilurio
546 2242 635 2298 usque
658 2227 692 2284 ad
717 2225 859 2281 Abraham
874 2223 943 2278 anni

118 2312 942 2441 ”ffifflmmmmmuwmmmmn

118 2454 259 2580 necocgqqa
272 2518 371 2569 atasa
399 2514 487 2569 David
505 2513 645 2584 usquead
662 2509 943 2581 transmigrationem

119 2583 148 2638 in
165 2582 346 2653 Babyloniam
362 2586 430 2640 anui
445 2598 622 2639 dccccxxiiii.
856 2651 862 2663 ι

152 2653 257 2723 Quinta
273 2662 340 2710 artas
352 2669 367 2710 a
381 2656 633 2727 transmigratione
643 2669 734 2725 usque
746 2654 780 2709 ad
797 2652 944 2733 Christum

117 2731 146 2780 et
157 2726 343 2781 Octavianum
357 2726 566 2796 imperatorem,
577 2727 662 2796 cujus
673 2735 798 2795 tempore
808 2737 842 2779 ex
853 2725 943 2777 blarru

118 2796 236 2866 Virgine
251 2803 279 2851 ct
290 2797 401 2864 Spiritu
423 2804 522 2852 sancto
539 2804 622 2853 natus
637 2806 680 2852 est
691 2797 846 2851 Christuse
864 2835 869 2846 .

152 2867 235 2921 Sexta
259 2873 336 2933 aetais,
361 2882 424 2936 quaa
455 2869 606 2923 aChristo
635 2869 732 2938 coepit,
757 2865 841 2921 babet
867 2877 943 2919 nunc

117 2950 391 2992 annosnccctiiiiiiiii
405 2941 433 2994 in
454 2954 508 2994 arii
523 2953 662 2994 beccensi.
680 2942 824 3008 Quantum
849 2936 944 2990 adhuc

118 3009 314 3078 protendatur,
340 3010 393 3065 soll
424 3013 480 3066 Deo
500 3018 542 3066 est
559 3013 716 3082 cognitum,
744 3008 830 3088 nobis
849 3012 982 3098 autemc

117 3087 211 3134 manet
225 3080 375 3149 incertum,
391 3082 634 3138 dicentebomino
654 3083 683 3136 iu
700 3078 869 3149 Evangelio:
883 3078 944 3133 Non

116 3155 155 3204 cst
169 3156 286 3205 castroni
304 3168 381 3206 nosse
407 3159 526 3223 temporit
552 3155 594 3207 uri
620 3157 753 3206 inomeaiu
778 3165 838 3218 quac
863 3149 944 3201 Pater

113 3223 207 3291 posuit
220 3225 250 3276 iri
261 3239 311 3276 suu
324 3229 455 3293 potestate
469 3224 546 3295 (Act.
560 3239 579 3295 i,
594 3221 637 3298 T).

238 3332 305 3384 Iiem
329 3333 475 3399 anquiritan
501 3331 822 3384 niiliiuri'iintcivitatum.

151 3435 185 3488 Χ.
211 3437 248 3489 be
261 3434 349 3491 Gadis
369 3435 504 3505 usquead
518 3435 675 3491 Cordubam
693 3433 830 3488 milliaria
842 3444 884 3485 cc.

150 3506 189 3560 Dc
203 3507 331 3562 cordoba
345 3521 435 3576 nsque
450 3507 483 3561 id
498 3507 627 3561 Toletum
649 3504 787 3559 milliaria
801 3515 870 3583 ccix
882 3503 903 3553 d.

151 3578 190 3631 De
203 3578 299 3632 Toleto
317 3578 456 3646 usquead
471 3577 717 3647 Caesaraugustam
734 3574 872 3628 milliaria
886 3584 939 3624 coc.

150 3694 165 3723 ¹²
178 3682 265 3741 adult
281 3683 328 3736 hic
346 3681 496 3737 l’cllicerii.
510 3683 611 3741 editio.
623 3684 690 3735 {inni
701 3677 726 3735 l.
912 3748 917 3759 ,

151 3753 264 3808 bUncis
285 3753 397 3807 inclusa
424 3754 529 3808 desunt
548 3754 621 3821 apud
650 3753 828 3822 Berganzam,
846 3749 893 3804 sed
911 3762 941 3803 in

115 3824 227 3879 duabus
242 3824 310 3878 aliis
322 3828 435 3877 exstant
449 3822 637 3895 editionibus.
932 3891 937 3902 ¹

151 3896 296 3948 cbesunt
325 3894 447 3964 numeri,
477 3895 524 3949 sed
559 3893 743 3950 exsectione
769 3891 939 3962 iiimcedenti

117 3964 240 4033 petendi.

150 4035 161 4071 ι
176 4035 222 4088 sic
232 4034 361 4090 Pellieer.
381 4037 531 4106 Berganza,
546 4050 599 4090 ccc.

148 4106 293 4160 “llerdiim
305 4107 444 4178 Berganza
458 4109 597 4164 emendat.
625 4109 744 4166 Pellieer
765 4107 853 4162 didio
871 4118 937 4161 iiia.

150 4172 286 4247 facille,
304 4191 372 4232 xxx.

150 4249 262 4317 iidem,
283 4262 369 4304 nonii.

149 4318 161 4356 ¹¹
174 4321 260 4390 Ideni,
274 4333 384 4375 nocenti.
876 4392 881 4403 Ι

149 4387 235 4447 ih'on
266 4392 325 4447 haec
358 4407 469 4450 summa
506 4400 550 4450 est
583 4409 645 4465 qua
671 4409 704 4449 eii
740 4391 940 4462 superioribus

32 4460 36 4465 '
113 4462 256 4519 coalescit.

147 4532 205 4604 egid
221 4540 273 4606 est,
287 4535 418 4602 Ocelum·

537 255 682 310 nnnbnb.
703 255 749 309 AD
768 253 848 307 SAEC.
869 253 918 308 lX.
933 281 969 290 —
982 250 1159 308 iudicans
1174 254 1259 310 ANNI
1281 256 1418 313 iacenti
1463 235 1467 241 ι

959 378 988 436 Α
1036 379 1075 431 De
1088 378 1304 449 Caesaraugusta
1317 382 1351 436 ad
1367 380 1467 436 Oscum
1482 381 1625 437 milliaria
1642 394 1688 434 iii.

1765 254 1826 313 liat

1037 450 1075 503 lle
1089 450 1161 504 Osca
1175 452 1209 506 ad
1225 453 1337 507 Eldrnm
1349 461 1360 488 ⁰
1372 452 1510 508 milliaria
1525 466 1614 507 niun.

1037 520 1075 573 be
1089 521 1172 575 Eldra
1184 522 1217 576 ad
1235 524 1389 578 Gersonam
1412 524 1551 578 milliaria
1568 539 1592 578 i.

1036 592 1074 644 bc
1089 592 1214 647 Gersona
1229 595 1263 648 ad
1288 596 1449 649 (larundam
1474 595 1614 650 milliaria
1639 609 1726 651 cxii.

1036 663 1222 718 beCerunda
1235 667 1269 720 ad
1284 664 1435 721 Clausulas
1450 667 1590 722 milliaria
1604 680 1651 721 xi.

1036 733 1075 786 De
1089 733 1238 790 Clausulas
1254 737 1287 790 ad
1304 737 1498 794 lluscilionem
1515 737 1658 792 milliaria
1674 751 1712 791 iix
1727 736 1738 777 s
1753 779 1759 791 .

1036 803 1074 858 De
1089 804 1255 861 Ruscilione
1269 808 1303 862 ad
1316 807 1475 863 Narbonam
1489 808 1630 863 milliaria
1642 823 1689 863 st.

1035 875 1075 928 lle
1088 876 1217 931 Narbona
1232 877 1265 932 nil
1283 879 1399 933 bitteris
1412 879 1550 934 milliaria
1565 893 1614 933 riv.

1035 945 1074 998 De
1089 946 1206 1002 bitteris
1227 949 1261 1003 ad
1284 952 1423 1005 Ncumase
1449 951 1589 1005 milliaria
1614 964 1702 1005 iius.

1036 1017 1074 1071 De
1089 1019 1227 1074 Noumase
1242 1020 1276 1075 ad
1291 1021 1461 1076 ilrenionem
1476 1022 1616 1077 milliaria
1637 1035 1708 1076 nur.

1035 1088 1074 1142 De
1089 1091 1232 1146 hrenione
1245 1091 1278 1146 ad
1305 1092 1459 1147 valentiam
1489 1093 1631 1148 milliaria
1656 1106 1693 1147 cii
1706 1105 1742 1147 s.

1036 1158 1075 1213 De
1090 1158 1218 1216 'valentia
1231 1163 1392 1234 adflTurnos
1406 1163 1543 1219 milliaria
1557 1177 1614 1219 cci.

1036 1229 1075 1283 De
1090 1231 1196 1286 Turnis
1209 1233 1242 1287 ad
1258 1234 1449 1290 Mediolanum
1466 1235 1607 1290 milliaria
1620 1249 1704 1291 anxa.

1036 1300 1075 1354 De
1090 1303 1249 1359 blediolano
1262 1305 1296 1359 ad
1309 1305 1424 1360 hornam
1441 1305 1581 1360 milliaria
1597 1319 1706 1361 cccxvi.

1036 1371 1076 1426 De
1094 1373 1177 1428 homa
1198 1374 1233 1429 ad
1255 1375 1485 1432 Thessalonicam
1510 1376 1651 1433 milliaria
1673 1391 1790 1433 ccccxiii
1804 1383 1821 1433 i.

1036 1443 1075 1497 bc
1089 1443 1289 1501 Thessalonica
1300 1448 1334 1503 ad
1347 1448 1503 1503 heracliam
1518 1448 1661 1503 milliaria
1672 1462 1775 1504 munifi.

1036 1514 1075 1568 De
1090 1516 1218 1571 Heraclia
1231 1519 1265 1572 ad
1278 1518 1557 1588 Constantinopolim
1582 1520 1726 1577 milliaria
1744 1534 1822 1576 caii.

1035 1584 1123 1641 Fiunt
1134 1586 1225 1642 niillia
1243 1588 1438 1646 milliariorum
1452 1604 1516 1645 nin.
1532 1603 1655 1645 connixi
1671 1591 1687 1645 ί.

1088 1696 1155 1748 Item
1171 1697 1268 1750 leutitia
1281 1699 1464 1767 episcoporum
1474 1715 1535 1752 cum
1550 1699 1742 1754 srdlbassais.

1035 1799 1083 1853 Xl.
1114 1801 1288 1873 Regiumque
1320 1803 1457 1875 sedemi',
1485 1803 1727 1878 hermenegildus
1756 1811 1823 1863 tenet

1000 1869 1054 1940 (uit
1075 1869 1137 1942 88l,
1160 1873 1226 1927 Vide
1243 1891 1270 1928 n.
1287 1872 1343 1988 253.

1036 1943 1171 1999 Pinianus
1184 1945 1309 2001 Bracara
1350 1949 1447 2004 :Luco
1468 1949 1625 2019 episcopus
1637 1963 1704 2006 arce
1724 1950 1821 2005 Recci-

930 2064 935 2073 .
1000 2015 1086 2069 redus
1100 2014 1115 2069 ¹.

1034 2087 1205 2143 Tudemirus
1218 2096 1237 2123 ¹¹¹
1249 2089 1362 2157 Damio,
1383 2092 1567 2148 Mendunieto
1579 2105 1592 2133 ε
1602 2094 1722 2164 degens.

1034 2157 1194 2214 sisnandus
1211 2161 1272 2215 iriae
1285 2169 1382 2216 saneta
1405 2163 1508 2219 Jacobo
1528 2164 1652 2233 pollens.

1033 2230 1188 2286 Nausticus
1202 2239 1214 2265 ⁰
1230 2237 1328 2287 tenens
1338 2234 1510 2289 Conimbrim
1523 2236 1629 2291 sedem.

1034 2300 1224 2356 Brandericus
1239 2314 1252 2356 n
1268 2318 1381 2374 quoque
1403 2304 1496 2361 locum
1512 2308 1722 2363 lamecensem.

1034 2370 1219 2429 Sebastianus
1243 2375 1358 2443 quidem
1381 2376 1475 2431 sedern
1500 2377 1684 2433 auriensem.

1034 2443 1189 2513 iustusque
1202 2445 1340 2501 similiter
1355 2446 1384 2501 in
1401 2448 1612 2511 Portncalense,

1034 2513 1155 2569 hlvurus
1177 2515 1320 2588 l'elegiaei
1336 2559 1343 2586 ,
1361 2517 1500 2574 i'elmirus
1514 2519 1632 2575 Uxomae
1646 2528 1666 2573 r.

1034 2586 1151 2640 blaurus
1166 2587 1296 2657 legione,
1309 2589 1451 2645 Ilanullus
1463 2591 1611 2646 astorica.

1033 2699 1199 2768 Piasctiquc
1213 2702 1344 2756 Prasodes
1359 2705 1388 2757 in
1411 2705 1537 2759 Ecclesia
1548 2705 1629 2775 plebe
1653 2722 1687 2759 ea
1710 2701 1777 2773 repis

1224 2775 1376 2843 qai-udentia
1391 2777 1593 2830 emicunteiiiri.

1035 2877 1092 2932 nei
1108 2892 1221 2949 quoque
1234 2880 1330 2936 clarus
1345 2882 1423 2937 omni
1435 2883 1542 2939 mundo
1556 2882 1651 2939 lactus

1032 2949 1092 3002 lam
1118 2951 1284 3018 suprafatus
1307 2951 1467 3010 ildefonsus
1482 2962 1611 3020 vocatus,

1035 3019 1124 3089 Regni
1138 3021 1264 3077 culmine
1279 3023 1373 3092 datus,
1387 3025 1454 3080 beili
1469 3025 1556 3082 titulo
1569 3034 1666 3097 aptus,

1034 3090 1135 3146 Clarus
1148 3093 1177 3147 in
1187 3093 1316 3164 Astures,
1328 3093 1412 3151 lortis
1427 3096 1455 3150 in
1467 3098 1620 3164 Vascones,

1034 3160 1180 3219 Ulcisccus
1194 3164 1310 3233 Arabes,
1324 3171 1352 3220 ει
1368 3173 1517 3239 protegens
1541 3170 1628 3224 cives.

1032 3233 1084 3287 Cui
1102 3234 1225 3304 principi
1241 3250 1321 3292 sacra
1337 3238 1376 3293 sit
1390 3238 1588 3295 victoriadata

1033 3303 1148 3360 Christo
1160 3306 1232 3361 duce
1245 3306 1370 3379 juvatus,
1396 3323 1507 3379 semper
1530 3310 1718 3369 clarificatus.

1033 3375 1140 3431 Palleat
1150 3377 1242 3432 victor
1257 3379 1372 3447 sarculo,
1389 3379 1496 3451 fulgeat
1513 3383 1576 3451 ipso
1590 3383 1682 3439 coelo:

1032 3446 1152 3503 Deditus
1166 3448 1214 3504 hic
1228 3450 1385 3523 triumpho,
1409 3453 1549 3521 praeditus
1564 3453 1606 3510 ibi
1622 3468 1718 3526 regno.

1172 3555 1270 3612 Amen.

1031 3658 1046 3700 k
1058 3661 1181 3714 Liuianus
1194 3662 1322 3719 Pellieer.

1031 3731 1099 3788 ¹Sic
1125 3732 1280 3789 Pollicita
1307 3737 1385 3804 qu.
1422 3742 1447 3792 et
1473 3737 1534 3792 Soz.
1561 3739 1636 3796 hsce
1676 3757 1728 3813 pro
1751 3757 1808 3799 arro

995 3803 1130 3874 deestque
1144 3805 1320 3861 Recciirediis.

1031 3901 1050 3926 ¹¹¹
1066 3891 1174 3955 Pellio,
1207 3894 1390 3950 iludcziiidiis.
1424 3898 1486 3970 Saz,
1514 3901 1703 3957 Taeleriadus.
1732 3904 1808 3974 berg..

997 3965 1166 4018 Tridentinus.

1030 4046 1045 4075 ¹¹
1060 4034 1140 4105 Pell,
1155 4037 1328 4093 blonduaeto.

1030 4106 1136 4176 ⁰Pell.,
1152 4106 1322 4178 Austrisque.
1334 4112 1492 4183 SampirnS,
1508 4116 1643 4171 haustus.

1030 4189 1044 4229 Ρ
1059 4177 1139 4244 neit,
1155 4177 1330 4247 Cuitderieiis,

1030 4248 1144 4317 iYepes
1159 4254 1227 4304 toni.
1244 4253 1279 4306 ll'
1303 4255 1427 4311 scritura
1448 4269 1498 4320 iiii,
1526 4257 1626 4313 Aibur.
1645 4263 1713 4332 Epi.
1744 4261 1811 4316 Teli-

994 4294 1810 4403 mmmmmmmmmnmm

994 4391 1109 4445 Ftcubz.
1121 4391 1202 4445 iidie.
1214 4410 1263 4450 ins

1030 4463 1135 4534 ‘Peil.,
1163 4464 1324 4522 Veiiemiiais
1339 4468 1449 4524 Ocima.
1466 4471 1527 4542 Saz,
1553 4474 1718 4530 Feieini‘ms.

1007 4638 1805 4664 Ἣ

631 4717 922 4790 canonicali
962 4715 1291 4788 ninntbtitsn,

864 4836 1063 4851 μ

272 4911 371 4982 incipit
389 4912 455 4967 cralo
473 4915 655 4969 Romanorum
672 4931 774 4983 repeirri.

149 4993 174 5049 l.
190 4997 220 5050 ln
230 4996 316 5054 iloma
330 4991 459 5071 regnarit
472 5003 551 5072 prior
564 5003 703 5060 Romulus
718 5018 784 5060 ann.
810 5018 934 5060 xxxviii.

112 5067 168 5122 Iste
176 5066 328 5125 aeditlcaiiit
348 5071 509 5144 nomana,

147 5187 162 5217 a
177 5174 217 5231 ild
229 5189 307 5231 oram
318 5179 428 5235 codicis
439 5179 553 5236 Gothlci
576 5183 756 5240 hibeldensis
773 5188 912 5257 scriptum
927 5204 933 5240 ι

114 5268 126 5296 a
141 5248 208 5303 item
219 5248 253 5303 de
272 5247 392 5304 Romulo
407 5257 433 5304 et
446 5251 541 5318 llernn,
566 5255 699 5310 Numitor
729 5271 827 5325 procer
848 5274 937 5330 snpe-

113 5319 200 5374 rioris
214 5319 289 5390 regis
301 5320 390 5388 major
399 5320 477 5376 lilius
489 5336 504 5375 a
514 5322 601 5378 tratre
611 5325 726 5382 hmulio
739 5342 823 5398 regno
839 5333 936 5401 expul-

112 5406 161 5446 sus
177 5391 285 5463 inagro
314 5390 387 5445 vixit
414 5405 475 5446 sno.
500 5393 572 5448 Filia
587 5396 650 5463 ejus
673 5397 817 5455 adimendi
836 5410 935 5470 partus

111 5463 203 5533 qratia
215 5463 296 5534 virgo
313 5462 433 5518 Vestalis
444 5461 515 5518 lecta
529 5481 534 5517 :
549 5479 688 5534 quaecum
702 5469 824 5539 septimo
837 5475 932 5543 patrui

110 5532 933 5612 annogeminoscdidissetinfantesjuntaiegeminterra

1028 4908 1110 4965 Titus
1119 4910 1222 4967 Tacius
1237 4926 1286 4968 ren
1306 4913 1476 4973 Sabinorum
1491 4931 1559 4975 ann.
1576 4935 1605 4975 r.

1028 4997 1123 5079 Numa¹
1132 4999 1293 5069 Pompilius
1305 5005 1433 5074 regnavit
1448 5019 1515 5062 ann.
1528 5022 1625 5082 xxxii,
1642 5013 1704 5069 iste
1714 5013 1813 5084 primus

992 5080 1099 5123 annum
1116 5084 1146 5124 in
1159 5084 1212 5125 xii·
1230 5086 1340 5129 menses
1353 5077 1511 5133 ordinavit.

991 5194 1054 5249 viia
1067 5193 1178 5252 defossa
1195 5201 1248 5251 est.
1265 5199 1333 5254 Nam
1351 5202 1484 5270 parvulos
1497 5219 1585 5276 prope
1602 5209 1699 5279 ripam
1713 5210 1815 5268 Tiberis

990 5267 1146 5334 expositos,
1162 5269 1317 5325 Faustulus
1330 5273 1401 5343 regii
1414 5280 1511 5343 pastor
1524 5282 1652 5337 armenti
1675 5284 1711 5339 ail
1722 5287 1813 5340 Accam

991 5337 1171 5392 laurentiani
1186 5354 1301 5395 uiiorein
1316 5357 1396 5398 suam
1420 5345 1535 5402 detulit.
1565 5351 1635 5419 Quae
1652 5354 1813 5422 pulchritu-

989 5407 1057 5462 dine
1069 5415 1097 5463 et
1110 5416 1224 5479 propter
1237 5413 1419 5481 rapacitatem
1433 5420 1565 5488 corporis
1578 5430 1732 5492 questuosi
1745 5429 1820 5496 Lupa·

987 5478 1125 5534 ariciiiis
1135 5481 1339 5550 appellabatur.
1356 5485 1434 5542 Unde
1446 5489 1480 5544 ad
1504 5498 1634 5550 nostram
1652 5511 1746 5568 usque
1760 5511 1814 5552 me·

988 5550 1108 5606 moriam
1134 5553 1315 5611 meretricum
1343 5556 1455 5615 cellula
1479 5559 1636 5632 lupanaria
1670 5567 1812 5626 dicuntur.
