3876 6090
517 272 564 331 DE
581 271 661 331 ura
678 273 707 330 S.
727 271 945 333 WALPURGIS.
965 306 1002 318 -
1020 278 1121 335 LIBER
1139 284 1159 337 1.
1528 228 1531 233 Ι
1639 287 1694 352 870

92 401 258 460 iluistrante
274 404 319 460 illi
339 404 496 461 viredinem
517 405 685 478 evangelicae
704 405 811 460 lluento
822 397 852 456 A
868 404 944 463 baldi
955 409 1035 465 mira
1045 408 1282 483 sanctitatisviri,
1295 414 1464 487 walpurgis
1476 418 1555 489 virgo
1567 420 1697 478 imitabi-

92 505 136 549 lae.
152 494 191 548 Ex
206 493 258 548 bac
273 494 370 549 multae
390 494 537 550 subductae
551 495 590 550 lta
606 507 727 562 crevere,
742 501 813 549 utsc
869 495 907 552 lis
919 498 965 566 pie
975 497 1147 572 viventibus,
1165 503 1309 559 universis
1320 504 1449 561 collectis
1461 507 1694 567 sanctimoniali-

105 580 224 653 pelagus
236 586 463 653 transponentes,
479 587 507 638 et
523 583 595 640 miro
605 582 733 654 germine
745 581 814 652 pul·
868 585 923 642 bus
933 589 1111 659 verequibus
1121 591 1335 660 potuitcbristo
1343 592 1463 660 devotis,
1474 594 1503 648 in
1517 594 1578 652 loco
1590 611 1696 666 praeno

92 683 114 725 av
127 670 236 725 nostris
249 668 428 726 allicerentur
442 672 565 727 saltibus
581 672 709 728 altiores.
723 670 814 740 Hujus
870 674 979 732 minato
988 677 1164 733 lleideulteim
1172 680 1332 736 Dominicis
1348 681 1559 738 instantissime
1572 683 1692 755 incoepit

92 757 143 815 rtis
158 758 273 814 arboris
289 772 385 815 ramus
399 760 501 816 beatus
519 761 631 816 exstitit
650 758 815 815 Bonilacius
871 763 1009 821 inhaerere
1022 768 1173 839 mandatis,
1186 769 1400 840 redictisatque
1412 770 1530 827 calcatis
1544 773 1697 830 mundiali-

92 858 167 903 oxus
188 848 320 918 antistes,
337 847 387 918 qui
407 848 443 904 ob
457 848 522 904 lidci
538 849 652 904 cunctis
674 847 816 903 imitabile
869 848 924 906 bus
938 852 1072 910 omuibus
1085 855 1348 927 rebuscaeterisque
1364 856 1500 927 plurimis
1512 871 1545 914 ac
1559 859 1697 917 innume-

92 948 125 991 :nt
145 935 216 991 lines
237 937 356 1006 patrios,
377 941 405 992 et
426 937 523 993 dulcia
543 951 612 993 rura
632 941 813 1007 postponens,
871 939 1013 997 rabilibus
1025 942 1112 1000 istius
1122 944 1412 1002 muuditransltoriis
1422 946 1544 1016 pompis.
1557 947 1696 1006 Noctibus

92 1027 204 1097 quotum
220 1026 378 1082 exsulando
393 1026 467 1082 adiit
481 1025 591 1095 callem,
609 1025 713 1081 summi
727 1024 818 1095 ponti·
872 1027 963 1098 igitur
976 1034 1062 1100 atque
1078 1031 1181 1089 dicbus
1199 1033 1229 1089 in
1245 1035 1374 1090 oratione
1392 1036 1558 1107 persistens,
1581 1036 1694 1109 vigiliis
1755 1051 1756 1055 ’

92 1114 215 1187 agontiae
239 1113 365 1171 intulatu
388 1120 530 1184 suscepto,
547 1114 671 1171 alienam
687 1114 717 1169 in
733 1113 817 1170 nobis
871 1122 957 1186 atque
968 1118 1090 1189 jejuniis
1105 1135 1215 1192 semper
1227 1122 1406 1192 incumbens,
1415 1127 1551 1183 castuma
1562 1126 1696 1194 primaeva

95 1202 243 1273 propriam
264 1203 352 1273 coepit
376 1203 479 1260 babere
508 1203 649 1260 tellurem.
683 1202 817 1273 Ejusdem
872 1205 996 1276 originis
1012 1208 1141 1265 vireriine
1155 1225 1262 1281 corpus
1279 1212 1445 1268 custodiens
1467 1213 1590 1283 seipsam
1609 1220 1694 1270 totaru

92 1296 197 1361 ratque
217 1291 357 1348 frondosa
371 1291 485 1349 arboris
505 1292 677 1348 Britannicae
697 1291 768 1347 rami
782 1290 816 1346 ad
871 1293 993 1351 Domino
1007 1298 1223 1354 commendabat
1236 1300 1387 1370 attentius,
1406 1305 1437 1356 ut
1452 1314 1536 1371 quam
1554 1303 1698 1359 munierat

92 1394 144 1453 que
153 1380 277 1437 existere
288 1381 414 1451 protensi
424 1381 482 1437 duo
493 1381 568 1437 beati
580 1395 644 1439 cum
656 1380 816 1437 castissima
872 1381 927 1437 tide
939 1385 1017 1439 casto
1032 1391 1211 1442 conservaret
1223 1393 1251 1442 et
1270 1401 1406 1457 corpore:
1424 1389 1523 1459 sicque
1543 1389 1695 1446 Dominum

100 1469 214 1541 virgine
225 1469 333 1525 Christi
351 1469 508 1541 walpurga
518 1470 626 1526 Christi
641 1469 818 1526 consessores
872 1474 1059 1538 protectorem
1072 1486 1183 1543 semper
1195 1475 1224 1529 in
1236 1476 1350 1531 cunctis
1362 1475 1498 1546 operibus
1510 1490 1543 1533 ac
1559 1477 1696 1547 praalum

92 1556 220 1615 alduset
235 1557 444 1630 wunebaldus,
465 1559 516 1630 qui
536 1558 721 1615 similiterob
735 1571 818 1615 amo-
873 1557 985 1632 habuit,
1006 1565 1035 1616 et
1053 1563 1246 1634 quodcunque
1267 1564 1350 1634 petiit
1371 1565 1544 1636 impetravit.

92 1647 196 1705 electis
214 1647 314 1718 patriae
336 1648 511 1720 peregrinari
541 1648 700 1718 cupientes,
722 1648 816 1718 ipsum

94 1748 176 1809 regre
199 1736 343 1806 proiectus
357 1743 400 1792 est
416 1737 446 1793 in
465 1738 609 1809 regionem
630 1737 815 1808 longinquam
831 1713 858 1775 Β
1199 1703 1309 1761 CAPUT
1322 1707 1368 1762 ¹¹¹·

92 1838 119 1883 ro
138 1825 196 1881 sibi
219 1840 337 1897 reguum
359 1833 387 1883 et
407 1828 520 1897 reverti,
542 1832 571 1882 et
590 1827 645 1896 ipsi
669 1826 815 1897 praecincti
905 1825 1034 1898 Contigit
1049 1841 1171 1898 namque
1186 1834 1227 1901 ut,
1241 1830 1269 1885 in
1283 1831 1346 1901 ipso
1361 1832 1436 1902 quod
1449 1831 1538 1889 irater
1551 1836 1614 1905 ejus
1629 1834 1697 1890 cdi-

92 1915 258 1971 scastitatis
269 1915 393 1986 tegmine
406 1916 537 1971 lucernas
548 1915 686 1973 bonorum
698 1928 815 1984 operum
870 1915 914 1971 dil
927 1917 1100 1974 monasterio
1119 1919 1295 1973 Heidenbcim
1309 1921 1378 1977 dum
1395 1921 1456 1990 ipsa
1466 1922 1580 1978 cbristo
1596 1923 1696 1979 sedulo

92 2002 173 2061 albus
192 2009 347 2074 portantes,
368 2005 458 2060 secrui
481 2008 547 2060 sunt
567 2018 669 2076 regem.
688 2004 815 2074 Quorum
871 2004 998 2060 servieus
1020 2009 1189 2074 moraretur,
1214 2012 1242 2062 et
1265 2012 1378 2076 paracta
1404 2010 1566 2079 vespertina
1593 2010 1694 2080 synaxi

94 2096 160 2163 post
182 2092 302 2148 multam
324 2093 421 2148 tenuis
443 2093 575 2162 corporis
599 2093 816 2148 macerationem
872 2098 1027 2149 revertente
1045 2093 1107 2162 ipsa
1125 2095 1161 2150 de
1180 2095 1300 2151 eeclesia
1318 2096 1352 2152 nd
1369 2097 1486 2153 solitum
1504 2097 1696 2155 diversorium

92 2181 277 2252 apermulta
301 2182 478 2237 diversarum
507 2182 653 2254 regionum
678 2181 818 2237 atilixerat
872 2188 981 2237 noctem
1007 2183 1166 2252 proximam
1198 2198 1278 2240 caecae
1307 2185 1428 2241 tenebre
1457 2187 1697 2256 minarentur,ac

92 2269 816 2343 ,obedientialinormasibiingesta,ordinanteeum
874 2270 990 2340 quidam
1007 2278 1105 2327 custos
1119 2273 1245 2341 ciusdem
1265 2274 1392 2330 ecclesiae
1410 2275 1524 2332 nomine
1537 2277 1696 2332 Goumara-

92 2359 203 2430 atopiae
214 2360 356 2416 memoriae
364 2360 495 2415 antistite
506 2359 662 2431 bonifacio,
674 2357 816 2429 pontidcii
871 2358 927 2415 dus
937 2359 1032 2416 lumen
1049 2361 1185 2430 praevium
1201 2363 1325 2419 stolidus
1342 2369 1454 2436 negaret
1464 2365 1581 2435 petenti,
1597 2364 1649 2420 illa
1665 2368 1697 2419 ut

92 2448 122 2507 lt
138 2449 174 2504 ad
191 2449 315 2517 culmen,
333 2453 362 2504 et
379 2448 551 2504 Eistatensis
570 2448 702 2503 Ecclesiae
723 2453 818 2518 pastor
872 2453 916 2503 est
928 2462 988 2505 mos
1003 2456 1166 2506 senatuum
1185 2451 1334 2519 mentium,
1356 2453 1492 2523 injuriam
1509 2452 1567 2508 sibi
1584 2453 1693 2509 illatam

105 2538 228 2595 sortitus
240 2543 283 2592 cst
297 2550 407 2609 gregem
424 2536 545 2607 :ibique
563 2535 706 2591 coelestem
723 2541 818 2591 etan·
873 2535 993 2604 patienti
1002 2538 1229 2610 animogestans,
1239 2539 1519 2611 sanctimonialibus,
1530 2547 1615 2609 prout
1623 2539 1698 2595 ratio

92 2640 113 2682 u
129 2625 205 2683 inter
219 2626 350 2682 homines
365 2626 451 2680 vitam
467 2625 584 2694 ducens,
601 2624 731 2680 veniente
748 2624 818 2680 bora
872 2625 1030 2682 dictaverat
1040 2627 1187 2696 temporis,
1204 2642 1329 2684 mensam
1340 2629 1470 2685 annuendi
1482 2628 1700 2700 gratiaadeun-

92 2714 149 2772 lcae
169 2715 337 2782 vocationis,
354 2728 420 2771 oves
435 2727 506 2785 quas
522 2720 632 2769 rexerat
646 2727 757 2769 summo
774 2726 820 2782 pa·
874 2713 964 2786 tibus,
980 2715 1122 2772 incoenata
1137 2717 1314 2773 lectisternia
1337 2717 1430 2787 petiit.
1447 2718 1519 2773 Tum
1542 2717 1646 2772 mirum
1669 2715 1698 2771 in

92 2802 201 2861 alatari
214 2804 333 2859 Domino
344 2803 534 2875 consignavit,
545 2809 572 2858 et
583 2804 617 2858 ad
633 2803 727 2872 ipsum
741 2816 819 2857 mer·
874 2804 990 2859 modum
1012 2803 1041 2859 in
1063 2805 1209 2860 communi
1238 2807 1402 2865 earumdem
1430 2804 1696 2862 sanctimonialium

117 2898 284 2962 recepturus
313 2892 368 2947 dne
391 2890 558 2948 beatissimo
584 2891 714 2947 evolavit.
739 2889 819 2946 Alter
873 2891 1044 2948 dormitorio
1065 2898 1142 2947 tanta
1161 2893 1210 2948 lux
1230 2893 1368 2964 usquead
1385 2894 1499 2963 pulsum
1517 2892 1700 2949 matutinalis

92 2986 165 3039 atum
180 2996 210 3038 se
223 2981 332 3036 Cbristi
352 2981 471 3037 servitio
490 2981 655 3050 mancipans
675 2979 819 3036 mundana
874 2978 961 3036 odicii
975 2982 1147 3051 coruscavit,
1160 2987 1191 3037 ut
1206 2983 1301 3037 cadem
1318 2996 1374 3052 prae
1392 2982 1540 3037 nimietate
1552 2982 1598 3038 sui
1610 2981 1702 3053 luigo·

99 3070 186 3128 corde
201 3070 399 3142 liquidissimo
415 3070 536 3139 respuit,
553 3077 580 3125 et
593 3070 686 3125 locum
703 3067 752 3139 qui
767 3041 857 3123 di-G
875 3070 917 3125 ris
936 3075 1018 3125 terrae
1039 3069 1141 3125 intima
1165 3076 1313 3139 penetrare
1335 3071 1488 3125 videretur.
1510 3070 1699 3140 Stupentibus

92 3160 257 3217 leidenber'm
270 3160 326 3216 sibi
340 3160 374 3215 ad
390 3159 570 3216 incolendum
585 3159 702 3231 delegit,
719 3157 818 3227 ibique
878 3159 974 3229 itaque
987 3173 1050 3230 quae
1070 3158 1201 3217 viderant
1222 3159 1344 3214 sacratis
1362 3160 1419 3215 ileo
1431 3158 1577 3214 universis
1595 3163 1623 3213 et
1641 3171 1698 3228 prae

92 3262 165 3307 nese
180 3250 313 3320 munivit,
335 3263 384 3320 spe
404 3248 559 3317 roboravit,
577 3248 631 3303 tide
645 3246 777 3317 armavit,
790 3251 818 3302 ct
873 3247 1373 3321 gaudioexsultantibuscunetis,ad
1384 3250 1501 3303 matrem
1511 3245 1697 3316 walpurgem

92 3354 119 3397 m
143 3354 226 3412 quam
244 3353 309 3395 cum
332 3338 420 3395 lratre
439 3342 602 3407 susceperat
622 3336 817 3393 monachicam
872 3338 1135 3395 convenercdevote
1150 3341 1179 3392 et
1192 3336 1286 3391 visum
1303 3335 1378 3391 lucis
1393 3335 1524 3391 territicae
1537 3347 1696 3391 narravere.

102 3432 219 3486 strenue
230 3428 380 3499 bajulavit,
395 3428 557 3498 multosque
569 3426 604 3482 ad
620 3425 691 3482 bene
704 3425 817 3481 vivendi
872 3429 909 3485 nt
923 3428 974 3484 illa
992 3440 1022 3483 se
1041 3430 1128 3482 totam
1147 3429 1315 3481 convertens
1334 3424 1369 3480 ad
1389 3425 1542 3479 Dominum
1562 3422 1697 3493 lacrymis

93 3530 121 3575 m
134 3518 258 3589 praevius
275 3517 416 3573 invitavit.
432 3516 549 3584 Deinde,
561 3529 626 3571 cum
640 3520 752 3585 tempus
765 3528 819 3569 su·
873 3517 948 3575 lusis
970 3517 1052 3573 istam
1074 3515 1208 3586 prorupit
1231 3515 1260 3571 in
1277 3528 1372 3571 vocem
1386 3532 1392 3568 a
1407 3512 1483 3584 Tibi,
1498 3513 1627 3580 Domine,
1649 3512 1698 3567 cui

99 3606 343 3665 remunerationis
365 3605 490 3675 advenit,
507 3605 571 3661 coeli
583 3605 688 3674 januas
701 3604 759 3672 jam
771 3615 820 3658 se-
872 3607 979 3664 ancilla
991 3604 1264 3663 bumilisdeservire
1273 3603 1384 3659 decrevi
1397 3602 1580 3672 acunabilis,
1594 3601 1699 3658 colluto

91 3697 220 3764 intravit,
233 3696 392 3767 molemque
406 3695 560 3751 exterioris
573 3694 699 3751 bominis
711 3692 740 3748 in
752 3706 820 3762 prae
873 3696 909 3751 de
919 3708 1036 3751 munere
1050 3694 1158 3766 gratim
1168 3691 1268 3763 refero,
1281 3692 1331 3762 qui
1345 3692 1380 3748 ad
1392 3690 1558 3747 excitandos
1572 3688 1700 3746 lamula-

97 3785 347 3843 lleidenlreimensi
365 3784 427 3841 loco
443 3783 618 3840 condendam
639 3781 768 3854 reliquit,
789 3781 818 3836 iu
875 3789 1061 3841 rumtuarum
1074 3783 1146 3838 mibi
1157 3781 1361 3838 cohaerentium
1371 3780 1484 3836 animos
1495 3777 1698 3851 meludignam

92 3875 255 3933 rDominici
278 3875 421 3930 examinis
441 3873 490 3929 die
505 3873 596 3943 ipsam
616 3878 644 3928 et
659 3887 714 3927 non
732 3871 818 3927 aliam
875 3873 997 3929 luminis
1012 3872 1055 3929 tui
1079 3871 1219 3929 solamine
1237 3869 1359 3926 visitare
1379 3868 1516 3940 dignatus
1530 3882 1571 3931 cs,
1584 3873 1613 3922 ct
1631 3867 1699 3922 tetri

92 3964 179 4023 luctis
190 3965 259 4021 aliis
270 3971 446 4034 recepturus.
461 3964 530 4019 Tum
546 3963 605 4033 ille,
619 3975 702 4032 quem
715 3973 821 4031 super-
875 3961 1005 4018 horroris
1014 3960 1166 4033 caliginem
1183 3972 1307 4015 crassam
1322 3956 1527 4014 misericordiae
1538 3961 1594 4012 tue
1607 3955 1701 4012 radiis

103 4054 156 4111 laec
170 4054 285 4110 dimisit
296 4054 326 4109 in
338 4054 407 4125 vita,
423 4051 613 4108 willibaldus
628 4051 740 4106 scilicet
753 4063 820 4121 pre
874 4049 1022 4108 evacuasti
1047 4069 1053 4104 :
1076 4054 1105 4105 et
1127 4048 1155 4105 id
1183 4062 1238 4105 non
1269 4047 1381 4103 meritis
1407 4047 1481 4103 valet
1504 4046 1622 4117 ascribi,
1648 4060 1700 4102 ve-

92 4144 194 4219 ·egius‚
205 4157 289 4214 quem
302 4149 417 4214 propter
432 4143 606 4198 sacrosancti
620 4142 665 4197 sui
678 4139 820 4212 presula—
876 4154 939 4197 rum
954 4139 1087 4214 gratuite
1101 4145 1156 4195 tuae
1167 4136 1371 4193 munificentiae
1385 4136 1511 4208 pictatis,
1525 4141 1554 4191 et
1566 4134 1700 4205 precibus

93 4234 165 4290 icem
187 4233 269 4289 tratri
289 4234 318 4289 in
338 4233 440 4289 ordine
460 4231 604 4288 scribendi
629 4230 818 4301 pretulimus,
875 4230 931 4286 mei
951 4235 980 4286 et
999 4228 1043 4285 tui
1062 4227 1157 4284 devoti
1178 4224 1279 4281 lamuli
1302 4224 1412 4281 fratris.

92 4328 138 4381 ost
146 4321 246 4378 fratris
256 4321 455 4378 beatissimum
467 4321 549 4375 linem
560 4320 725 4390 aliquantos
737 4318 821 4375 vixe-

94 4425 157 4481 uos,
183 4412 310 4483 germani
336 4411 448 4482 proprii
473 4424 577 4479 corpus
601 4408 730 4464 exanime
750 4397 860 4464 curaD
1199 4368 1310 4426 CAPUT
1327 4369 1370 4426 Ν·

92 4500 219 4557 ntlssima
234 4501 355 4556 condere
370 4499 492 4570 curavit,
507 4503 544 4567 et,
560 4505 592 4554 ut
605 4497 724 4569 dignum
741 4502 820 4553 tanto
911 4501 1048 4556 Praeterea
1074 4496 1155 4569 virgo
1177 4500 1331 4551 memorata
1355 4498 1383 4550 et
1404 4506 1514 4563 semper
1535 4492 1562 4547 in
1583 4506 1632 4549 ore
1654 4496 1700 4550 te-

92 4594 161 4647 xerat
172 4590 352 4662 peregrinum
365 4591 422 4659 jam
436 4603 452 4644 a
468 4587 572 4644 seculo
587 4593 614 4643 et
626 4588 716 4642 civem
731 4600 820 4659 auge-
876 4590 969 4647 nenda
986 4586 1155 4658 walpurgis
1171 4585 1280 4641 exitum
1295 4581 1395 4639 fratris
1409 4581 1457 4638 sui
1471 4580 1654 4653 wunibaldi,
1668 4588 1700 4639 ut

105 4693 170 4736 aum
193 4679 307 4751 hymnis
325 4684 353 4735 et
373 4679 496 4734 canticis
517 4677 658 4748 sepelivit.
876 4677 958 4735 sexui
975 4675 1116 4732 morisest
1127 4672 1307 4739 laminarum,
1324 4671 1449 4744 graviter
1464 4675 1576 4740 pectore
1588 4684 1698 4745 gerens,

875 4766 999 4838 contigit
1012 4769 1045 4820 ut
1059 4763 1181 4835 quadam
1197 4774 1323 4833 vespera,
1335 4760 1415 4817 nullo
1426 4773 1460 4815 ex
1473 4759 1646 4817 monasterio
1656 4760 1699 4817 vel

326 4819 436 4877 CAPUT
455 4821 487 4876 Π·
877 4856 981 4912 leniter
989 4852 1139 4919 sentiente,
1153 4850 1302 4922 egrediens
1311 4849 1346 4905 ad
1359 4849 1475 4905 domum
1486 4848 1637 4919 cujusdam
1650 4848 1701 4905 di-

92 4946 349 5003 leuusmemoriam
365 4945 511 5001 beatorum
526 4957 736 5017 germanorum,
749 4942 822 4998 wil·
877 4945 946 5000 vitis
968 4942 1114 4999 deveniret
1130 4944 1158 4996 ct
1178 4943 1244 4995 ante
1265 4938 1340 4994 iores
1360 4938 1489 5008 ejusdem
1509 4937 1593 5008 quasi
1616 4951 1701 5008 pere-

92 5034 441 5105 lscllieetethncbaldi,
453 5034 602 5105 paululum
612 5034 823 5104 exarandcper-
877 5031 1099 5107 grinaquedam
1118 5035 1146 5086 ct
1159 5028 1256 5100 ignota
1270 5028 1331 5084 sola
1351 5027 1533 5083 consisteret.
1551 5025 1613 5096 Quo
1631 5026 1699 5082 dum

92 5138 152 5191 uus,
167 5131 199 5180 ut
211 5125 298 5180 sciret
313 5125 391 5194 plebs
403 5124 519 5180 Cbristo
532 5124 631 5180 devota
645 5124 723 5179 viros
733 5124 822 5180 coelc-
877 5137 937 5180 earn
949 5120 1085 5178 dominus
1099 5119 1202 5175 domus
1212 5117 1271 5173 sive
1286 5116 1404 5172 familiae
1417 5115 1593 5173 intrinsecus
1613 5114 1701 5171 lamu-

92 5213 177 5271 illtiaa
191 5214 366 5286 etangelicae
379 5215 445 5269 vitae
461 5214 549 5270 unlus
564 5214 748 5283 ejusdemque
760 5227 821 5268 me·
878 5214 954 5268 latus
976 5209 1068 5268 ollicia
1093 5208 1221 5277 praebens
1241 5207 1379 5262 sensisset
1403 5211 1554 5277 astantem,
1580 5216 1701 5274 queque

93 5304 193 5361 baisse
201 5305 532 5375 sororem,walpurgam
544 5303 678 5359 videlicet
688 5317 820 5373 sponsam
877 5301 950 5357 lorct
965 5311 1085 5370 persona
1104 5297 1237 5363 nesciret,
1254 5300 1393 5352 aestuante
1414 5291 1619 5366 patrefamilias
1633 5303 1698 5345 cunr

91 5393 101 5449 l
117 5398 146 5450 et
159 5393 309 5465 virginem.
325 5395 415 5463 Nunc,
432 5393 501 5463 quia
513 5392 547 5447 ad
560 5393 687 5447 eamdem
700 5393 761 5462 ipsa
776 5405 822 5462 pa·
876 5389 1043 5446 domesticis
1055 5386 1199 5443 universis
1210 5400 1245 5440 nc
1256 5386 1356 5441 rabida
1366 5398 1469 5441 canum
1483 5393 1599 5438 suorum
1613 5377 1698 5433 auda-

92 5486 157 5539 aute
189 5481 474 5537 calamumllecterc
503 5481 590 5551 nitor,
622 5481 657 5537 de
681 5480 728 5536 bis
749 5482 820 5537 satis
876 5462 1696 5550 cia,qualiscunqueessevidereturpersona,dilaniando

92 5570 250 5630 esullioiat.
267 5572 333 5628 Post
347 5571 506 5628 discessum
521 5569 697 5642 igiturbcati
711 5570 822 5627 wuni-
876 5569 1096 5639 discerperetur,
1108 5565 1196 5636 lussit
1208 5569 1241 5621 ut
1252 5577 1313 5636 qua
1324 5555 1611 5633 quidemessetocius
1623 5551 1700 5609 indl-
