3876 6090
68 285 141 351 isat
745 277 1098 341 munnicouruio.
1701 252 1773 339 4444

66 413 140 484 4444,
158 410 229 485 quia
246 407 282 469 44
294 411 375 470 boris
394 424 527 470 444444
544 410 625 468 nocte
643 405 812 479 completur,
829 391 1101 464 ideoAtardtoiem
1119 405 1343 480 babetcursum,
1355 423 1440 480 qnam
1455 409 1498 467 soi
1510 408 1578 481 qnia
1589 407 1642 478 soi,
1655 413 1771 480 propter

68 501 185 561 4444446
199 502 386 574 quadrantem
401 515 502 559 vocare
516 500 650 559 solemus.
667 500 761 571 Quare
778 497 895 555 bissex·
949 495 1126 554 velocitatem
1141 497 1188 555 sui
1203 512 1308 555 cursus
1321 497 1357 554 ab
1369 512 1401 554 ea
1417 499 1566 572 prolongat
1579 495 1716 570 spatium.

67 598 117 652 tus
128 605 156 649 ni
170 591 232 649 4444.
249 593 330 649 ilari.
349 590 775 661 intercaleturiiiespondetur,
791 588 827 646 ob
840 588 894 646 boc
1242 590 1281 643 444
1295 588 1368 644 lunae
1383 603 1473 644 cursu.

67 682 189 740 bissexti
204 681 281 738 diem
298 682 327 739 iii
341 694 437 738 mense
451 680 585 738 Februar.
603 679 713 752 placuit
727 676 892 734 intercalari
983 675 1089 732 444444.
1114 675 1218 733 04444
1240 677 1332 750 igitur
1352 678 1468 735 lunares
1488 693 1593 735 cursus
1613 679 1771 736 secundnm

67 773 215 840 Romanis,
241 771 310 841 quia
334 770 381 827 bie
401 770 515 827 breuior
536 768 640 826 ceteris
658 772 802 824 extremus
824 764 892 821 anni
947 765 1128 823 liebraeoruin
1148 766 1403 838 AEgyptiorumque
1424 768 1656 839 supputationem
1680 771 1773 838 potest

68 861 176 919 mensis
191 866 260 918 erat.
273 861 376 917 ilerum
388 860 452 916 ideo
467 861 592 916 nondum
606 856 735 927 4444444·
745 868 777 912 eo
790 854 894 926 quem-
948 856 1039 912 444444
1050 857 1132 926 juxta
1148 858 1306 914 naturalem
1322 872 1438 915 cursum
1455 873 1505 929 per
1516 856 1647 930 singulos
1662 871 1773 914 menses

68 942 222 1009 a'dinodum
247 950 383 1024 AEgyptii,
405 954 433 1006 44
451 949 542 1014 Graeci
564 948 685 1005 decurso
709 945 800 1002 totius
822 943 892 1000 anni
947 947 1011 1003 dies
1022 945 1066 1016 49,
1083 952 1111 1003 44
1125 948 1282 1021 semissem,
1296 954 1324 1004 44
1336 948 1492 1005 44444444
1505 949 1594 1017 borae,
1607 951 1636 1004 et
1650 946 1682 1004 40
1695 945 1776 1019 paene'

68 1040 180 1098 circuio
194 1039 287 1097 iacere
305 1038 448 1110 volebant,
467 1042 495 1095 et
510 1039 627 1097 omnino
641 1035 738 1093 decisa
759 1034 820 1107 iege
840 1045 893 1090 sua
948 1042 1100 1094 momenta.
1123 1037 1224 1095 Omnis
1245 1052 1367 1110 namque
1387 1038 1451 1095 dies
1471 1045 1498 1096 et
1520 1039 1596 1095 lunae
1619 1041 1771 1108 computa-

68 1135 154 1188 veter.
174 1128 291 1186 initium
306 1129 403 1185 4444444
418 1126 647 1184 mensisalebr.
663 1125 718 1181 tine
732 1124 890 1194 sejungere,
949 1127 1036 1197 tione,
1061 1142 1117 1185 non
1141 1129 1238 1185 eodem
1262 1143 1381 1186 numero
1405 1142 1470 1185 cnm
1497 1143 1577 1186 marie
1601 1130 1715 1199 incipit,
1736 1127 1770 1184 ad

69 1219 134 1277 ideo
147 1231 204 1276 non
219 1230 274 1273 avi
287 1218 349 1274 4444.
366 1220 447 1273 idart.
461 1216 509 1272 die
524 1228 607 1288 quero
622 1213 777 1271 4444444444
792 1211 893 1268 colen·
933 1230 1091 1287 vuesperam
1107 1217 1181 1287 0444,
1199 1233 1262 1290 quae
1277 1219 1339 1275 dies
1353 1223 1437 1290 quae'
1453 1233 1533 1276 mane
1547 1219 1576 1275 in
1593 1219 1660 1277 iuna
1675 1219 1772 1274 minus

67 1312 110 1364 tes
138 1305 312 1364 Terminalia
339 1319 476 1377 sacraque
502 1302 538 1362 43
563 1303 670 1361 mensis
691 1301 819 1373 eiusdem
843 1299 892 1356 die
945 1307 1108 1378 ad'seiiia,
1125 1313 1152 1364 et
1166 1309 1322 1365 dimidium
1339 1309 1415 1367 liorae
1433 1310 1533 1366 horam
1550 1306 1582 1364 44
1596 1308 1772 1365 adnumera·-

67 1395 153 1453 semei
178 1396 373 1466 instituerant,
394 1400 422 1452 et
438 1394 527 1451 aiium
546 1393 622 1450 diem
643 1398 753 1448 mutare
773 1403 891 1461 prorsus
945 1399 1003 1450 tui.
1019 1397 1094 1452 Idem
1110 1410 1253 1466 vesperam
1266 1399 1277 1422 *
1291 1395 1324 1453 44
1337 1399 1492 1455 invenitur.
1507 1400 1537 1454 in
1552 1412 1608 1470 quo
1622 1395 1771 1454 manifeste

67 1498 124 1542 non
139 1485 292 1542 audebant.
310 1485 362 1540 Sed
383 1484 413 1541 bi
429 1490 497 1541 sunt
510 1487 520 1508 ·
535 1484 591 1540 4444
610 1481 786 1539 celebrantes
800 1492 890 1536 unum
944 1483 1040 1540 dicere
1059 1486 1173 1542 videtur
1191 1487 1219 1542 in
1231 1485 1267 1543 49
1282 1487 1394 1556 diebus,
1408 1494 1436 1543 44
1448 1489 1576 1556 semisse,
1590 1488 1619 1542 id
1635 1490 1678 1543 est
1689 1485 1707 1542 6
1717 1486 1774 1543 bo-

67 1574 255 1650 quadrautem
275 1573 493 1645 interponebant
511 1572 597 1630 diem.
947 1575 999 1645 iis,
1021 1580 1048 1630 et
1067 1576 1192 1632 dimidio
1208 1577 1294 1644 hora,
1309 1577 1337 1634 id
1356 1582 1399 1632 est
1413 1574 1448 1632 40
1463 1577 1625 1643 44444444,
1643 1577 1771 1633 4444444

946 1679 1064 1723 444444
1086 1665 1176 1734 04444,
1193 1666 1302 1722 4444444
1317 1670 1421 1730 tamen,
1439 1670 1573 1734 utsupra
1589 1666 1699 1722 dictum
1718 1672 1771 1737 est,

290 1809 296 1823 ,
315 1809 321 1822 ,
581 1809 587 1821 ,
949 1753 981 1812 40
995 1768 1072 1826 4444
1085 1755 1248 1824 44444444,
1261 1759 1290 1810 44
1301 1758 1370 1811 4444
1380 1756 1414 1811 44
1427 1755 1544 1811 4444444
1557 1755 1653 1811 44444
1668 1755 1773 1826 4444444

101 1809 184 1867 XLV·
211 1810 342 1867 3⁰¹⁵t¹¹¹²
364 1809 422 1867 ‘¹¹¹⁰
442 1812 518 1866 sunt·
542 1809 670 1865 prmum
693 1807 820 1878 hyemale
839 1819 890 1863 V¹¹¹
948 1844 1050 1915 prima.
1061 1842 1433 1899 Kaleudeacolendodictae
1443 1843 1589 1911 velaeoio,
1602 1843 1630 1899 id
1640 1850 1683 1900 444
1692 1858 1770 1901 voco.

66 1900 129 2004 ¹43¹·
148 1901 296 2001 ³³¹¹Iifl¹¹⁰
311 1899 358 2000 ⁵⁰¹,
369 1903 435 2001 sfat'
451 1903 480 1955 et
493 1900 627 2002 ‚mmm
643 1897 716 1999 (Ῐὶ,θῆ
732 1903 760 1952 ⁸¹
774 1900 817 1952 est
830 1896 892 1965 ipsa
946 1933 1116 2004 astrologus
1131 1930 1249 1988 vocabat
1263 1931 1413 2001 nennium,
1431 1935 1464 1987 ut
1478 1930 1608 1987 viderent
1622 1933 1772 1989 ascensio-

65 1990 130 2046 dies
143 1991 263 2045 Nativit.
278 1990 394 2045 Domini
411 1993 503 2045 nostri
523 1989 589 2043 lesu
609 1986 717 2043 Christi
734 1984 890 2042 secundum
947 2035 1010 2079 nem
1027 2021 1111 2088 lm,
1128 2020 1157 2075 ,d
1173 2025 1216 2075 es,
1229 2019 1346 2076 inm
1364 2019 1463 2089 prim
1478 2018 1553 2074 ,Μ
1566 2019 1610 2075 ve,
1622 2018 1771 2076 stellarum

65 2091 190 2135 earnem.
205 2076 333 2134 Alterum
348 2076 475 2133 aestiiale
487 2090 538 2132 viii
552 2075 613 2132 4444.
627 2074 684 2131 444.
699 2088 755 2145 quo
768 2073 810 2130 soi
824 2077 890 2143 stat,
947 2123 1063 2168 cursum

64 2173 95 2223 et
113 2170 249 2224 crescunt
269 2171 374 2235 noctes,
399 2169 491 2221 otest
514 2166 544 2221 in
566 2163 713 2235 provincia
733 2162 892 2219 Palaestina

66 2255 162 2313 natale
180 2256 272 2312 sancti
293 2255 412 2311 loannis
432 2253 575 2324 Baptistae.
596 2253 648 2310 llis
668 2251 814 2308 contraria
834 2250 893 2306 duo

240 1703 307 1757 lteru
322 1701 356 1757 de
371 1701 486 1756 solstitio
503 1704 528 1756 et
545 1702 714 1770 aequinoctio.

1067 2152 1074 2180 ,
1099 2122 1161 2180 quae
1180 2112 1245 2165 ante
1261 2109 1303 2165 vei
1326 2123 1389 2180 quae
1405 2114 1480 2165 retro
1500 2114 1658 2165 currerent.
1674 2111 1772 2180 Nouae,

947 2200 1031 2256 idest
1045 2199 1192 2268 nundinae,
1211 2199 1366 2270 negotium,
1386 2203 1551 2255 mercatum.
1568 2199 1645 2254 lntei·
1657 2211 1685 2254 iv
1698 2200 1770 2255 Non.

64 2344 240 2417 aequinoctia
258 2349 334 2400 sunt.
355 2343 448 2399 Unum
470 2342 584 2398 vernale
605 2341 760 2398 secundum
776 2339 893 2395 Latinos

64 2448 119 2491 viii
140 2432 201 2489 4444.
222 2432 302 2502 apr„
326 2431 481 2487 secundum
497 2431 609 2487 Graecos
630 2429 666 2485 ab
680 2443 709 2484 ii
725 2428 786 2484 Kal.
810 2437 891 2499 444,

64 2523 137 2594 quia
151 2525 248 2578 sancta
268 2521 394 2592 synodus
409 2533 464 2576 non
480 2519 622 2590 permittit
637 2522 670 2574 ut
684 2518 729 2574 ilii
746 2523 804 2573 tres
818 2518 890 2588 dies,

66 2611 95 2668 id
113 2614 157 2667 est
170 2609 272 2681 quinta
288 2607 369 2678 44444,
386 2609 416 2664 44
434 2621 490 2678 qua
509 2607 649 2664 Dominus
662 2606 796 2663 4444444
810 2618 892 2663 444-

65 2700 225 2772 prehensus
244 2704 297 2769 est,
318 2701 346 2752 et
366 2700 455 2766 seila,
478 2695 507 2752 in
529 2709 586 2767 qua
609 2695 767 2752 crucifixus
790 2699 842 2764 est,
862 2697 891 2752 44

64 2788 188 2859 septima
202 2785 283 2853 ieria,
297 2785 411 2857 quando
424 2784 518 2854 jacuit
532 2785 562 2839 in
579 2784 721 2854 sepulcro,
740 2781 818 2839 ionas
828 2789 891 2838 444-

65 2876 177 2933 44444
186 2875 385 2932 enciudantui.
398 2875 432 2929 Et
443 2877 511 2928 tune
522 2872 668 2943 incipiunt
679 2884 806 2928 crescere
815 2872 887 2927 dies.

947 2287 990 2344 iel
1005 2301 1033 2342 ni
1048 2288 1119 2343 Non.
1138 2287 1202 2343 ideo
1215 2270 1438 2356 diviserunt,'ut
1454 2300 1508 2344 non
1525 2287 1632 2343 scirent
1647 2287 1773 2343 latrones

948 2381 1102 2432 mercatum
1119 2375 1247 2446 iliorum,
1261 2376 1376 2445 quando
1389 2389 1451 2431 esse
1465 2374 1589 2446 deberet,
1606 2377 1675 2446 quia
1686 2389 1773 2446 repo-

948 2465 1051 2521 nebant
1061 2479 1091 2520 se
1105 2465 1134 2521 in
1148 2464 1242 2535 siliis,
1256 2470 1283 2519 et
1295 2466 1325 2521 in
1339 2464 1459 2524 secretis
1471 2464 1543 2521 locis
1553 2465 1636 2533 juxta
1646 2464 1732 2532 iiam,
1743 2469 1772 2519 et

946 2553 1092 2610 venientes
1110 2554 1145 2610 ad
1166 2558 1321 2610 mercatum
1343 2552 1510 2611 occidebant
1533 2552 1576 2609 vei
1596 2551 1768 2621 praedaoant.

946 2642 1023 2712 idus,
1048 2642 1076 2698 id
1103 2647 1147 2698 est
1167 2642 1203 2698 ab
1227 2643 1330 2696 edendo
1353 2641 1438 2697 dicta
1463 2641 1505 2697 vei
1526 2640 1636 2712 species
1664 2640 1772 2697 mensis

946 2732 1103 2802 sequentis.
1124 2732 1175 2786 Per
1193 2744 1260 2786 ann.
1277 2728 1296 2785 8
1312 2731 1341 2786 in
1360 2730 1475 2786 Nicaena
1493 2731 1601 2802 synodo
1620 2734 1772 2800 computa-

945 2827 1047 2876 verunt
1063 2816 1096 2875 44
1111 2820 1172 2876 lun.
1186 2826 1216 2876 et
1230 2820 1334 2876 iterum
1351 2832 1521 2891 perannum
1538 2816 1572 2874 48
1586 2825 1772 2889 444444444-

945 2912 1014 2964 4444
1025 2907 1089 2963 4444
1104 2897 1273 2978 quadrante,
1284 2912 1311 2963 et
1325 2920 1380 2963 non
1393 2907 1607 2964 revertebantur
1623 2908 1653 2963 in
1669 2920 1698 2963 44
1711 2906 1770 2962 4444

64 2966 96 3020 ¹¹¹
119 2963 182 3034 Π)Βῖι
198 2963 338 3019 D⁰¹¹¹¹¹¹¹¹⁸
357 2967 453 3018 ΜΒΓ
470 2963 552 3017 'esus
569 2959 702 3017 emtus
721 2959 888 3029 crucififfl’
944 2998 975 3053 in
985 2997 1311 3065 annum'addidissent,
1324 3009 1375 3052 nec
1384 2995 1574 3052 concordabat
1585 2996 1656 3052 solis
1666 3009 1770 3052 cursus

62 3052 304 3123 etestconceptio
317 3056 422 3108 sancte
431 3051 481 3107 Dei
494 3049 762 3122 genetricisilariae,
775 3049 888 3120 quando
902 3051 926 3116 c

63 3142 189 3200 salutata
206 3146 250 3199 444
270 3141 305 3198 44)
324 3141 435 3214 angelo.
456 3140 585 3197 liliorum
606 3144 701 3196 autem
722 3138 889 3195 autumnale

29 3244 118 3286 ovili
141 3230 202 3286 4444.
222 3229 320 3288 044444.
340 3243 375 3286 ex
396 3243 453 3302 quo
474 3230 537 3286 dies
556 3229 739 3300 minuuntur,
759 3227 837 3284 4404
857 3227 888 3283 iu

63 3318 248 3376 ldacberuute
259 3318 376 3376 castello
390 3318 539 3388 conceptio
551 3317 643 3374 sancti
655 3317 773 3374 loannis
788 3316 889 3386 Bapti-

944 3100 1009 3142 cum
1025 3086 1099 3142 lunae
1113 3098 1212 3155 cursu,
1224 3089 1252 3140 et
1266 3083 1331 3141 ideo
1346 3083 1376 3140 in
1389 3083 1543 3155 ogdoadem
1556 3088 1584 3138 44
1599 3084 1768 3139 endecadem

944 3170 1767 3232 diviseruntcirculumdecemnoiennaiem.indictiodicta

940 3267 1023 3335 Juxta
1052 3276 1168 3320 censum
1197 3261 1400 3331 Romanorum,
1432 3266 1461 3316 et
1492 3273 1548 3317 non
1568 3261 1650 3330 juxta
1668 3257 1686 3316 5
1704 3259 1768 3316 dies

943 3353 1129 3409 intercalares
1140 3350 1346 3424 egyptiorum.
1363 3349 1540 3406 indictiones
1551 3362 1602 3405 viii
1620 3347 1681 3404 4444.
1698 3347 1765 3418 lipr.

63 3411 117 3464 4444
128 3412 157 3462 44
172 3408 315 3479 martyris.
332 3410 363 3464 in
380 3408 446 3465 istis
459 3408 536 3463 enim
555 3412 680 3478 quatuor
698 3404 885 3476 temporibus,
941 3442 1089 3514 incipiunt
1103 3441 1134 3497 in
1158 3440 1250 3511 capi„
1274 3452 1414 3497 ,mmmm
1428 3442 1438 3463 α
1453 3436 1480 3496 5,
1496 3438 1612 3494 pomam
1638 3437 1769 3492 ,evenie-

64 3495 95 3553 id
116 3500 251 3564 estsere,
272 3502 378 3568 estate,
399 3504 548 3560 autumno,
568 3503 596 3552 44
615 3496 713 3568 hyeme
735 3495 887 3551 universus
941 3531 1010 3588 bam
1029 3544 1140 3602 sempe,
1160 3542 1226 3586 cm„
1245 3543 1341 3600 sensu,
1363 3528 1456 3600 capp„
1475 3532 1569 3583 autem
1591 3523 1625 3582 45
1641 3529 1768 3582 reverte.

62 3598 205 3643 ³⁰ss⁰¹¹¹¹¹¹
225 3586 295 3643 ⁰fd⁰
315 3586 418 3656 culmi
439 3600 490 3657 W
508 3600 582 3656 ‘¹⁰⁰⁸
599 3585 760 3642 cestifflme
778 3584 888 3642 ⁰⁰⁰⁰*
942 3621 1046 3679 bantur
1061 3622 1091 3676 iii
1107 3621 1232 3692 primum
1245 3618 1386 3676 ordinem.
1404 3618 1433 3674 Si
1454 3621 1547 3673 autern
1561 3616 1597 3672 de
1608 3628 1679 3672 auro
1692 3620 1768 3671 esset

64 3673 186 3746 W⁰¹¹i⁵=
204 3679 233 3731 θῑ
250 3675 416 3776 Nafi'm‘is
431 3676 547 3777 ⁰⁰¹J¹i¹¹i
567 3681 595 3731 ⁰²
608 3674 737 3776 ‚5³¹m0s
739 3675 886 3776 1⁵,¹¹⁰⁸¹¹,i’
942 3711 1033 3770 44444
1049 3711 1179 3780 Caesaris,
1196 3723 1298 3766 aurum
1314 3707 1430 3779 dabant,
1447 3707 1472 3762 si
1485 3710 1645 3779 argentum,
1661 3718 1767 3776 arqen-

63 3776 189 3821 necnon
211 3769 303 3820 sancti
320 3779 506 3836 precursoris
520 3767 638 3821 loannis
658 3764 826 3835 plenissime
837 3763 888 3821 di·
942 3806 1013 3874 tum,
1030 3802 1056 3858 si
1072 3815 1120 3872 ωε,
1136 3815 1174 3857 aes
1188 3806 1258 3856 effi,

63 3858 255 3925 mmm·
1064 3892 1102 3945 lie
1121 3890 1332 3958 interroqcli'one
1354 3883 1388 3942 49
1408 3866 1543 3941 annorum
1564 3884 1642 3954 44444.

977 3979 1097 4035 44444444.
1115 3979 1210 4034 Prima
1230 3978 1323 4050 igitur
1341 3977 1453 4033 ratione
1466 3974 1569 4031 debeas
1590 3974 1767 4044 interrogare

99 4065 193 4123 XLili.
217 4066 327 4126 Saltum
348 4067 424 4125 iuna
443 4082 518 4126 anno
533 4067 545 4125 4
562 4067 812 4126 44444444444444
833 4082 889 4139 po-
942 4067 978 4126 de
994 4066 1027 4123 49
1044 4080 1185 4123 4444444
1205 4068 1284 4138 cyclo
1297 4085 1305 4139 3
1320 4067 1445 4124 secundo
1467 4064 1610 4136 quomodo
1630 4062 1698 4120 iuna
1717 4075 1767 4132 per

64 4158 140 4213 nunt
154 4169 205 4228 pro
219 4169 252 4213 eo
268 4157 342 4229 quod
359 4157 424 4215 ideo
440 4157 561 4215 ultimus
574 4171 668 4216 annus
681 4158 889 4215 decemnoveu-
942 4157 1005 4215 4444.
1028 4157 1169 4214 4444444
1183 4175 1191 4227 ;
1205 4155 1291 4212 tertio
1310 4154 1434 4225 qualiter
1454 4153 1523 4209 luna
1545 4153 1575 4208 iii
1597 4166 1650 4209 suo
1672 4163 1768 4207 mense

65 4245 143 4303 nalis
156 4252 254 4316 epacta
269 4246 382 4304 lunaris
396 4248 662 4305 decemnovennalis
678 4252 745 4304 tunc
761 4249 889 4307 retinens
944 4247 1047 4304 babeat
1069 4259 1219 4303 numerum
1239 4265 1247 4316 3
1268 4249 1371 4317 quarto
1396 4243 1475 4314 quali
1501 4241 1550 4298 die
1571 4245 1600 4298 et
1625 4240 1694 4297 luna
1727 4237 1767 4292 sit

62 4347 139 4391 anno
155 4332 167 4391 4
183 4336 434 4395 decemnovennali
456 4352 512 4395 non
532 4335 562 4393 44
584 4338 657 4408 4444,
678 4344 711 4395 44
726 4338 756 4394 44
778 4340 890 4396 ceteris
945 4336 1089 4410 pasebaiis
1104 4336 1271 4394 solemnitas
1285 4352 1293 4406 3
1307 4333 1410 4405 quinto
1425 4329 1567 4401 quomodo
1581 4327 1688 4385 Pascha
1703 4338 1766 4381 44-

62 4426 151 4482 annis
160 4426 233 4484 solet
246 4427 318 4498 deri,
333 4430 381 4485 sed
395 4427 501 4486 lanies
514 4429 718 4487 accommodat.
731 4432 765 4486 Et
776 4430 844 4501 quia
854 4409 930 4487 3οὓ
945 4428 1064 4484 4444444
1084 4424 1307 4498 computandum
1323 4439 1331 4494 3
1345 4425 1425 4478 sento
1445 4419 1480 4474 de
1502 4417 1577 4473 iunae
1599 4415 1766 4472 ascensione

62 4513 177 4570 dierum
201 4515 257 4572 due
276 4516 440 4588 uoluuntur,
459 4517 546 4575 uuiiae
567 4523 671 4589 444444
688 4519 719 4574 44
745 4518 890 4589 principio
943 4524 971 4574 44
992 4517 1063 4574 44444
1082 4515 1267 4573 descensione
1284 4532 1292 4585 3
1311 4512 1432 4584 septimo
1454 4519 1621 4578 responsum
1644 4505 1691 4561 liis
1713 4503 1765 4574 qui

63 4602 159 4675 ipsius
174 4611 343 4677 ponuntur3
359 4609 484 4665 secundo
503 4613 598 4666 autem
618 4622 693 4666 anno
709 4613 823 4680 epactas
836 4623 890 4666 su·
943 4607 1112 4665 discordant
1133 4606 1162 4661 iii
1182 4604 1296 4661 Pasebae
1317 4605 1458 4672 compoto.
1479 4598 1556 4654 Licet
1571 4595 1665 4651 omnis
1680 4593 1765 4650 bomo

63 4692 159 4764 444444.
184 4693 263 4751 Unde
288 4699 383 4753 autem
409 4703 525 4754 sumant
548 4699 709 4770 exordium,
734 4699 888 4756 dicendum
944 4698 1036 4771 quoad
1063 4693 1310 4766 compunctionem
1336 4691 1433 4748 cordis
1460 4688 1639 4757 salutemque
1663 4682 1767 4740 animae

61 4787 116 4840 est.
131 4782 186 4841 Fac
199 4784 235 4841 de
249 4799 324 4844 anno
340 4787 438 4861 solari,
455 4789 506 4860 qui
523 4787 608 4845 babet
621 4788 684 4845 dios
700 4786 762 4857 305,
781 4803 888 4848 annum
944 4788 1077 4860 pertinet,
1094 4785 1153 4841 baec
1171 4782 1254 4840 debet
1274 4776 1418 4839 meditari.
1439 4780 1495 4851 Qui
1511 4781 1672 4848 compotum
1693 4773 1767 4829 scire

62 4885 253 4945 communem,
277 4877 328 4948 qui
349 4877 434 4934 babet
453 4879 517 4935 dies
535 4875 599 4945 354,
615 4879 668 4935 boc
684 4879 787 4935 modo:
806 4879 888 4950 prius
943 4876 1014 4946 vuit,
1035 4874 1117 4932 debet
1134 4874 1241 4929 instare
1260 4871 1385 4942 qualiter
1405 4868 1496 4925 sancti
1512 4867 1569 4924 viii
1586 4867 1616 4921 iii
1639 4861 1766 4936 paseiiaii

361 3962 400 4017 Dc
416 3962 491 4017 44444
509 3962 589 4017 luna.

62 4960 201 5019 subtrabe
222 4961 284 5034 300,
301 4972 447 5024 remanent
466 4965 510 5024 65.
531 4969 637 5024 lterum
651 4967 719 5024 tolie
733 4965 777 5039 50,
793 4980 889 5024 rema-

62 5056 130 5106 nent
143 5046 186 5121 45,
204 5051 328 5127 itemque
340 5055 476 5114 subtrahe
491 5053 518 5137 4,
532 5061 678 5115 remanent
693 5053 722 5113 44
728 5099 734 5112 .
752 5058 819 5116 4444
834 5072 888 5113 su-

63 5144 146 5196 munt
164 5142 325 5216 exordium,
345 5145 458 5202 444444
480 5147 676 5218 multiplicant
696 5152 796 5204 ceterae
816 5159 888 5217 epa-

942 4965 1091 5023 Dominica
1106 4960 1335 5020 Resurrectionis
1351 4958 1452 5016 iestiio
1476 4955 1578 5014 ordine
1593 4953 1765 5012 celebranda

943 5054 1122 5126 inquirentes
1136 5050 1325 5124 pervenerint,
1341 5052 1403 5106 Non
1415 5052 1459 5104 444
1469 5047 1562 5120 igitur
1573 5046 1628 5104 boc
1639 5045 1764 5103 otiosum

942 5144 1016 5200 scire
1030 5143 1073 5200 vel
1089 5140 1326 5214 quemadmodum
1342 5139 1387 5197 iiii
1403 5137 1514 5210 cyciuni
1534 5136 1721 5209 scripserunt,
1737 5140 1766 5187 44

60 5233 122 5286 444.
144 5230 240 5289 Saltus
260 5239 355 5291 autem
376 5235 451 5293 lunae
473 5236 537 5294 ideo
559 5236 590 5293 in
610 5234 644 5293 49
664 5237 749 5293 44444
768 5244 888 5308 444444-
941 5235 977 5290 44
996 5233 1088 5304 ipsam
1106 5230 1328 5304 intelligentiam
1351 5234 1550 5302 pervenerunt.

61 5319 152 5393 ditur,
167 5322 236 5393 quia
248 5323 325 5382 44444
337 5325 409 5382 44444
421 5327 521 5383 cursui
533 5325 675 5383 adcrescit
688 5326 761 5398 dies,
778 5340 840 5398 quae
855 5327 887 5383 tit
1251 5322 1290 5376 De
1307 5321 1452 5378 mensibus·

62 5423 112 5481 per
134 5416 251 5484 puncta,
267 5419 296 5470 et
315 5419 467 5487 momenta,
489 5418 518 5472 et
538 5415 721 5488 quadrantes,
745 5411 887 5487 quaint
976 5413 1074 5470 444444.
1086 5411 1197 5483 Quibus
1210 5410 1303 5469 modis
1319 5410 1459 5469 dicuntur
1476 5418 1585 5464 menses
1597 5398 1613 5456 4
1624 5397 1766 5473 quomodo

59 5499 147 5557 annis
162 5499 233 5559 lacit
244 5500 414 5576 bissextum,
428 5504 468 5562 ita
480 5517 529 5577 per
540 5503 616 5560 iunae
627 5517 744 5562 cursum
759 5501 888 5562 4044444
942 5504 995 5563 sub
1006 5503 1105 5573 idolis,
1121 5501 1175 5560 snb
1187 5501 1283 5572 rebus,
1294 5501 1349 5560 sub
1359 5499 1486 5573 regibus,
1498 5492 1552 5553 sub
1564 5487 1766 5550 4444444444-

58 5589 202 5649 decrescit
223 5605 290 5665 noi,
313 5606 377 5664 quae
395 5592 466 5652 44444
487 5593 562 5653 lunse
581 5593 794 5666 saltum31una
813 5595 903 5654 enini·
943 5593 1064 5654 nuarins
1076 5591 1183 5664 quibus
1193 5582 1569 5655 modisdicituriiinobus,
1582 5580 1636 5639 sub
1649 5577 1727 5638 idolo
1736 5586 1766 5637 et
