3876 6090
70 183 182 292 ’444
505 223 885 286 neumanensis.
912 220 1412 283 -uncronssnnmrucsnu
1748 219 1814 282 raso

51 428 53 432 .
111 358 245 431 tavsrint,
255 369 327 429 quos
338 353 561 415 cccmuunioue
567 352 648 425 iubet
658 349 806 423 suspendi.
816 346 843 405 4.
853 347 934 422 ium,
949 347 980 408 Α
995 349 1072 419 item,
1089 346 1228 405 interius:
1242 347 1412 404 Generaliter
1424 361 1487 402 uero
1510 342 1573 418 (lb,
1586 359 1614 416 q.
1639 341 1665 399 4.
1691 358 1717 401 4.
1738 342 1816 400 dene·

111 449 217 506 viduas
231 444 292 521 (ul,
318 464 345 520 q.
371 444 396 519 l,
412 461 437 503 c.
452 443 568 515 Neque),
583 457 647 516 que
667 442 697 499 in
714 440 853 512 religioso
875 451 938 509 prc-
992 439 1121 509 4444444),
1133 440 1289 510 quicunque
1304 453 1347 494 res
1364 438 1481 492 ecclesie
1497 438 1657 507 4444444444,
1677 437 1728 490 aad
1747 450 1816 490 com·

112 538 320 609 pusitodiurna
333 530 758 604 obseruationepernsanserint,
770 527 936 585 transiread
990 527 1310 598 patereampercaaere
1328 526 1485 597 4444444444
1504 528 1554 581 aut
1571 540 1624 580 sua
1648 525 1817 592 intestatione

112 628 229 698 nuptias
250 626 391 697 prohibet.
409 623 552 681 Similiter
565 624 595 678 et
614 619 752 693 virgines,
767 631 839 690 quas
854 617 939 674 annis
990 620 1203 688 presumpserit,
1225 619 1281 673 nisi
1300 632 1328 672 se
1343 617 1472 672 citissime
1485 631 1537 688 per
1551 614 1681 687 ecclesie,
1712 614 1747 669 de
1769 631 1816 685 qua

114 715 248 787 plurimis
263 715 293 771 in
306 713 489 772 monasteriis
499 710 594 783 egisse
606 713 715 765 4444444
731 706 897 779 contigerit.
909 704 937 763 b·
994 709 1098 774 444444,
1109 709 1325 776 satisfactionem
1339 707 1497 769 correccrit,
1507 710 1642 777 perpetuo
1652 704 1817 761 anatbemate

113 808 179 863 44444
192 818 226 862 44
241 804 320 862 ullus
333 817 383 875 per
395 802 534 859 ambitum
550 800 585 857 ad
602 798 785 870 episcopatus
803 796 938 854 honorem
993 797 1122 864 44444444.
1148 795 1280 852 similiter
1299 800 1325 851 et
1343 795 1381 866 bi,
1404 797 1453 865 qui
1475 809 1520 850 res
1544 795 1664 849 44444444
1679 793 1765 863 jussu
1783 795 1817 849 444

113 895 297 965 permittatur
309 887 497 963 accederell,
513 905 541 962 q.
567 887 592 960 l,
609 904 633 947 c.
649 886 771 960 Nullus),
788 889 817 944 et
836 887 940 957 poten-
994 885 1140 954 largitione
1149 887 1319 958 principum,
1339 885 1382 940 cel
1403 883 1585 956 quorumdam
1607 887 1817 954 passurumne

113 988 156 1040 tes
168 996 303 1055 personas
318 981 437 1039 minime
452 978 665 1051 suffragatrices
677 976 823 1047 adhibeat,
837 988 888 1031 nec
902 972 937 1030 ad
994 974 1115 1044 quadam
1134 976 1287 1039 invasione,
1307 978 1356 1030 aul
1378 975 1525 1043 mecanica
1535 977 1674 1044 potestate
1701 974 1818 1028 retinue-

111 1073 257 1130 decretum
270 1071 327 1129 sibi
343 1067 506 1127 iaciendum
522 1067 643 1125 ciericos
657 1065 701 1122 vel
716 1065 793 1122 ciues
807 1061 940 1122 subscri·
993 1065 1061 1126 rint,
1075 1067 1101 1119 et
1120 1063 1186 1134 tiliis
1209 1065 1252 1119 uel
1270 1062 1423 1119 heredibus
1444 1063 1503 1117 suis
1531 1060 1730 1117 haereditarias
1756 1062 1818 1117 reli-

113 1162 189 1232 bere,
204 1160 338 1218 adhibito
352 1157 511 1230 cuiuslibet
522 1156 637 1230 generis
647 1155 760 1226 timore,
776 1151 937 1224 compellat,
995 1154 1114 1222 querint,
1124 1154 1180 1208 uisi
1194 1155 1246 1208 cito
1257 1167 1300 1208 res
1313 1154 1374 1216 bei,
1389 1153 1546 1223 4444444444
1557 1150 1711 1213 admoniti,
1733 1152 1816 1220 44444

113 1250 156 1306 vel
169 1248 297 1321 premiis
309 1244 491 1319 quibuslibet
504 1241 684 1316 bortulutii,
696 1258 723 1316 q.
735 1242 762 1304 6.
779 1257 804 1299 4.
816 1242 847 1298 Si
856 1239 939 1314 quis).
995 1244 1108 1300 44444444
1123 1243 1305 1312 reddiderint,
1320 1246 1453 1315 perpetuo
1476 1242 1652 1297 4444444444
1675 1243 1816 1310 fericulus.

112 1339 263 1395 Decretum
279 1337 342 1394 sinc
357 1335 505 1394 testatoris
521 1331 716 1410 [visitatoris]
730 1331 880 1404 presentia
895 1342 941 1389 ne.
995 1334 1076 1387 Ferro
1097 1333 1169 1388 enim
1183 1332 1370 1389 abscindenda
1388 1335 1454 1387 sunt
1472 1331 1601 1402 4444444,
1620 1346 1685 1400 quae
1707 1331 1818 1398 tomento

113 1420 940 1499 uoconiciet,cujustestimoniumclerusetairinupo-
995 1437 1051 1477 non
1071 1423 1192 1477 sentiunt
1211 1419 1266 1493 (46,
1288 1437 1318 1493 q.
1345 1419 1371 1486 l,
1400 1435 1426 1478 c.
1450 1419 1551 1494 Ferro).
1566 1418 1649 1490 lteru,
1683 1416 1817 1477 inierint:

114 1520 169 1573 test
184 1516 363 1573 unanimitas
374 1514 530 1572 declarare.
996 1509 1079 1565 Omne
1103 1510 1178 1581 quod
1196 1510 1435 1582 irreprehensibile
1458 1514 1520 1574 est..
1542 1509 1684 1565 4444444444
1705 1508 1819 1578 depuis

147 1606 228 1675 ltenu
241 1604 317 1662 idem
329 1604 358 1660 in
374 1602 432 1660 alia
446 1602 554 1674 synodo
570 1599 712 1672 (Romana
723 1600 760 1675 4)
774 1600 810 1657 de
821 1597 942 1656 oblatio·
995 1599 1125 1654 Ecclesiu
1140 1600 1203 1655 Nou
1217 1600 1279 1655 licet
1300 1614 1363 1668 4444
1378 1599 1538 1670 imperatori
1550 1594 1638 1669 (dist
1657 1593 1705 1661 444,
1726 1611 1750 1654 4.
1767 1598 1819 1653 iim

113 1693 201 1751 nibus
211 1694 350 1764 fidelium,
362 1697 390 1749 et
399 1693 434 1750 de
445 1693 546 1749 multis
557 1695 695 1763 praecepta
703 1689 858 1747 decretalia
867 1702 942 1745 corn·
956 1689 982 1752 B
996 1687 1086 1760 lieet),
1100 1689 1147 1743 oei
1156 1690 1287 1760 cuiqnam
1303 1690 1434 1761 pietatem
1448 1687 1627 1750 custodienti,
1643 1686 1757 1758 aliquid
1767 1702 1819 1741 oon·

114 1783 221 1854 posuit,
245 1783 286 1839 iia
311 1782 432 1839 dicens:
466 1780 595 1837 Omnibus
627 1794 794 1849 summopere
817 1777 941 1834 conuenit
995 1778 1181 1833 4444444444
1195 1778 1291 1833 diuina
1306 1792 1482 1849 4444444444,
1494 1792 1544 1832 444
1566 1776 1739 1847 quidquam,
1756 1777 1819 1847 quod

115 1874 267 1935 obuersare,
280 1875 311 1926 ut
323 1871 472 1926 oblationes
490 1870 612 1940 4444444444
626 1871 762 1924 anemius
773 1881 942 1939 presumun-
995 1867 1158 1936 euanpelicis
1168 1869 1390 1939 propheticisque
1399 1867 1591 1938 etupostolicis
1605 1866 1818 1934 manicabant,

116 1967 171 2025 lur,
188 1965 213 2016 44
225 1961 328 2029 absque
340 1974 472 2014 cmuensu
484 1963 510 2014 44
524 1959 662 2014 uoluntate
684 1959 811 2028 episcopi,
821 1958 852 2011 in
861 1956 940 2026 44444
995 1972 1085 2026 apere.
1102 1957 1239 2027 4444444444
1248 1960 1320 2014 enim
1329 1956 1469 2027 judicium
1478 1956 1489 2028 4
1496 1953 1542 2029 44,
1552 1971 1582 2029 q.
1603 1953 1630 2020 3,
1642 1968 1670 2011 c.
1681 1954 1818 2028 4444444444

102 2051 313 2120 'dipnosountur
327 2063 383 2104 esse
392 2047 536 2118 parocbia,
552 2047 690 2118 possideri
716 2047 759 2102 uel
771 2045 866 2101 haberi
877 2050 942 2101 teu-
996 2050 1021 2102 et
1040 2046 1171 2117 diffinitio
1187 2048 1293 2117 444444
1307 2049 1381 2116 regio
1395 2051 1467 2102 metu
1485 2047 1528 2101 uel
1545 2046 1636 2116 jussu
1649 2061 1671 2101 α
1684 2045 1819 2115 judicibus

113 2143 217 2202 444444,
235 2140 366 2209 44444444
389 2137 471 2193 444444
497 2151 625 2193 memores
649 2137 694 2192 sui
712 2150 766 2206 444
783 2137 941 2190 remissione
995 2136 1134 2207 ordinata,
1149 2137 1355 2202 nonnalet,nec
1370 2136 1523 2208 quidquam
1539 2136 1616 2207 quod
1631 2138 1820 2203 4444444444-

112 2233 287 2300 peccalorum
312 2243 434 2292 suorum,
451 2232 539 2298 etpro
562 2231 670 2282 4444444
691 2227 755 2281 ude
766 2226 938 2288 4444444444,
995 2224 1121 2296 aelisam,
1133 2225 1176 2280 uei
1187 2226 1385 2296 propheticam,
1398 2230 1448 2281 cut
1468 2226 1653 2296 apostolicam
1675 2223 1822 2280 doctrinm

114 2319 147 2375 dc
162 2319 359 2388 facultalcsua
381 2322 437 2373 4444
458 2332 550 2372 rerum
562 2316 704 2371 mobilium
715 2331 798 2387 44444
816 2315 939 2371 immobi·
995 2316 1243 2370 constitutionemue
1256 2330 1359 2380 eorum,
1373 2316 1430 2370 siue
1454 2319 1614 2371 4444444444
1627 2315 1756 2382 Puteum,
1775 2329 1818 2368 cc·

115 2408 183 2463 lium
198 2407 323 2478 quedam
334 2423 385 2477 per
405 2407 558 2476 scripturas
582 2405 700 2461 ecclesiis
715 2404 901 2467 4444444444,
915 2406 941 2459 et
996 2408 1053 2459 lum
1061 2406 1159 2473 4444444,
1170 2406 1254 2461 stabit
1266 2425 1275 2474 i
1286 2411 1312 2463 44
1320 2406 1394 2477 quad
1402 2405 1437 2460 ab
1451 2405 1612 2477 infidelibus
1623 2409 1678 2462 aut
1695 2405 1818 2461 4444444444

114 2498 168 2550 ileo
191 2497 307 2552 44444444
332 2511 382 2552 suo
407 2495 606 2566 perpetualiter
641 2493 768 2550 babendo
794 2492 938 2550 4444444444.
994 2495 1099 2562 sactum
1108 2496 1204 2567 4444444,
1217 2497 1326 2551 omnino
1345 2496 1508 2552 cassabitur.

117 2583 181 2650 Qua
194 2589 220 2639 et
233 2588 331 2639 caetera
340 2599 359 2638 4
373 2584 489 2639 diuersis
500 2585 592 2638 minus
614 2584 700 2638 Deum
720 2582 877 2638 timentibus
889 2596 941 2638 cc-

113 2676 193 2727 tenus
207 2673 350 2740 mortisera
364 2671 516 2726 calliditate
531 2675 667 2735 teneotm,
682 2675 714 2726 ul
727 2671 845 2726 aliorum
859 2671 940 2726 obla-
1225 2640 1291 2697 HV·
1303 2670 1341 2681 “
1358 2638 1386 2696 s·
1402 2638 1591 2696 Honfflsm·

113 2764 152 2818 iio
165 2762 224 2819 illis
237 2763 375 2831 pertineat
391 2760 429 2816 cd
448 2761 571 2824 ruinam,
596 2775 645 2814 444
657 2761 759 2814 intueri
772 2760 852 2815 444444
869 2776 940 2831 pos-
1243 2748 1343 2819 (Anno
1361 2747 1463 2804 0444444
1478 2746 1541 2806 544.
1559 2749 1572 2818 l

113 2856 179 2907 sunt
192 2851 263 2906 diem
270 2848 385 2919 judicii,
406 2848 472 2903 dum
486 2850 577 2904 nimie
593 2848 753 2919 cupiditatis
769 2849 940 2905 (4444444444
1030 2855 1192 2929 Hormisda,
1218 2856 1335 2914 natione
1358 2857 1529 2928 campanus,
1557 2869 1592 2913 εχ
1627 2860 1711 2930 paq-g
1737 2859 1820 2930 juggo,

113 2939 231 2995 ardore:
251 2938 324 2995 unde
344 2939 400 2995 tale
415 2938 557 3008 iudicium
579 2952 662 3009 super
687 2953 730 2993 cos
753 2941 812 3008 444,
836 2943 868 2994 ul
889 2945 940 2995 aut
995 2945 1070 3002 sedit
1083 2958 1174 3003 annos
1187 2959 1295 3020 uorem,
1311 2946 1375 3004 dics
1388 2946 1619 3018 quatuordecim.
1644 2949 1713 3006 Fuit
1734 2954 1821 3008 auten

115 3031 261 3097 444πὶ44844
280 3029 409 3093 bellilei·
424 3029 492 3098 44444
514 3027 663 3083 4444444444
683 3029 733 3084 Dei
756 3029 897 3094 saniant,
915 3033 940 3085 ti
955 3023 979 3085 G
995 3034 1173 3106 temporibus
1183 3036 1260 3108 regis
1269 3035 1440 3093 Theudorici
1451 3041 1479 3093 et
1497 3036 1648 3095 Anastasii
1661 3037 1822 3112 Angustia

112 3119 350 3180 anathematizati,
370 3121 454 3188 atquo
468 3116 503 3171 44
524 3117 646 3172 Ecclesia
670 3119 720 3173 Dei
741 3121 863 3173 44444444
886 3119 941 3174 44-
996 3125 1147 3182 consulatu
1158 3125 1313 3195 senatoris,
1324 3137 1416 3196 usque
1425 3125 1459 3181 ad
1469 3125 1656 3184 consulatum
1665 3126 1821 3199 Symmachi

115 3206 941 3277 44444444444444444444440444144344δὶ44444444444-
995 3217 1023 3270 44
1044 3213 1145 3270 boetii.
1173 3213 1225 3269 iiic
1251 3212 1397 3270 ordinarit
1429 3213 1580 3286 episcopos
1613 3215 1823 3290 quinquaginta

114 3297 181 3351 tiam
202 3300 228 3352 el
244 3295 361 3359 demum
381 3295 468 3364 jacto
488 3296 598 3363 44444444
622 3295 816 3351 ecclelia-ilicet
833 3297 872 3352 ad
891 3312 941 3353 rt·
996 3302 1134 3374 quinque,
1153 3301 1332 3373 presbyteros
1345 3301 1450 3374 uiginti
1468 3308 1497 3359 el
1516 3317 1619 3361 unum.
1637 3304 1723 3362 Obiit
1736 3311 1822 3363 auten

113 3386 387 3451 mnciliationemret,
403 3383 517 3452 “dibni
531 3383 764 3453 inveneramus,
775 3385 814 3441 ad
826 3401 942 3442 commu·
995 3391 1145 3448 catholice
1158 3392 1224 3449 idei
1239 3391 1436 3450 defensorum
1453 3392 1521 3450 Idus
1532 3392 1673 3468 Augusti.
1690 3395 1746 3452 iiio
1758 3409 1824 3453 cou-

114 3475 405 3545 tionemrecipiantur,
427 3474 516 3529 ilem:
534 3472 586 3538 Qui
604 3488 648 3528 rel
660 3475 789 3530 eccesiae
801 3475 940 3548 delegatas
996 3494 1083 3539 sensu
1095 3484 1123 3538 st
1135 3481 1259 3540 consilio
1273 3481 1351 3554 regis
1363 3481 1545 3553 Theoderici,
1561 3483 1676 3556 legatos
1697 3485 1822 3543 suosdi·

24 3560 27 3565 ’
113 3569 140 3622 44
150 3566 263 3620 Domino
276 3565 381 3620 oblatas
391 3563 493 3634 ubsque
507 3565 618 3634 proprii
632 3565 749 3635 episcopi
757 3565 841 3634 jussu
849 3567 939 3637 possi·
997 3571 1072 3628 rexit
1086 3571 1116 3627 in
1137 3571 1286 3643 Graeciam,
1300 3572 1373 3629 dans
1386 3570 1450 3628 iltis
1470 3573 1640 3631 mandatum
1657 3580 1692 3632 ul
1705 3575 1821 3641 (444444

114 3654 192 3718 dens.
200 3654 407 3725 presumpserit
415 3652 541 3729 44444444
553 3656 642 3708 tenere
652 3668 819 3722 quocumque
827 3655 858 3709 in
873 3655 938 3719 looo,
997 3664 1115 3730 propter
1139 3661 1254 3718 Petrum
1280 3660 1505 3718 Alexandrinum
1519 3666 1548 3718 et
1570 3663 1734 3722 4444444444
1754 3664 1822 3722 cou-

114 3747 141 3798 et
152 3744 266 3798 ueritate
285 3745 421 3812 comperta
436 3740 659 3804 dissimulaverit,
675 3745 725 3797 aat
745 3743 868 3798 renuerit
890 3759 941 3799 re
995 3748 1297 3820 stantiuopolitanum,
1314 3749 1421 3821 quihus
1434 3751 1698 3822 participaverunt,
1718 3754 1823 3810 anathe

113 3832 244 3899 tmmare,
258 3846 276 3884 a
292 3828 432 3884 liminibus
446 3826 568 3897 ejusdem
580 3824 684 3900 [limin.
698 3829 815 3885 ecclesie
831 3831 866 3885 ab
878 3833 941 3902 epi-
996 3836 1205 3895 matisuincuio
1214 3837 1356 3911 obligatos
1363 3837 1419 3895 sub
1426 3837 1631 3896 satisfactione
1638 3839 1820 3900 susoinrem

114 3931 193 3986 scopo
209 3913 316 3990 ejusd]
342 3917 392 3969 loci
403 3917 485 3985 prius
507 3919 643 3971 arceatur.
665 3917 748 3973 Debet
773 3933 829 3975 esse
849 3924 940 3977 tomen
995 3925 1047 3982 sed
1062 3925 1137 3982 nihil
1149 3932 1278 3998 egerunt,
1292 3926 1361 3998 quia
1374 3927 1544 3985 Anastasius
1562 3928 1723 4002 Angustus
1734 3931 1822 3988 iiheiio

111 4007 243 4077 44444444,
257 4008 288 4060 ut
297 4003 447 4060 uindictam
461 4004 610 4060 admonitio
628 4009 777 4076 manifesta
792 4011 939 4085 praemdal,
996 4019 1080 4071 rectae
1094 4015 1160 4072 idei
1175 4017 1338 4073 commutire
1353 4017 1459 4089 noluit,
1474 4018 1601 4089 eoquod
1617 4025 1647 4076 et
1660 4020 1727 4091 ipoe
1741 4022 1822 4092 lintr-

114 4100 191 4151 44444
201 4093 460 4165 usurpatasinjuste
470 4094 650 4163 quiabstulil,
664 4098 941 4167 eulinjuslcableilli
996 4105 1119 4161 cilianus
1135 4110 1206 4162 crat.
1221 4107 1320 4177 ltaque
1344 4105 1486 4164 Romanos
1507 4107 1620 4180 legatos
1636 4109 1673 4166 ad
1692 4109 1760 4168 idei
1773 4122 1822 4168 sne

114 4186 223 4248 relinet,
234 4185 363 4254 equitate
366 4184 559 4252 patrocinante
572 4185 675 4252 lapibus
684 4188 820 4242 restituat.
833 4188 942 4254 Quodsi
995 4207 1121 4251 errorem
1137 4194 1279 4251 inclinare
1287 4195 1464 4267 desiderans,
1477 4197 1654 4256 muneribus
1663 4199 1773 4258 oblatu
1782 4214 1822 4257 eus

114 4274 275 4343 nephoerit,
289 4277 315 4328 et
329 4274 474 4328 necessitas
486 4275 654 4345 compulerit,
670 4276 777 4330 4444444
784 4279 941 4347 medonem
995 4297 1177 4355 corrumpere
1191 4283 1347 4342 nitebatur.
1361 4285 1407 4342 illi
1422 4292 1528 4359 autern,
1544 4290 1729 4362 4444444444
1739 4303 1823 4348 nnnc·

113 4364 292 4420 smerdotalis
305 4363 440 4419 4444444444
467 4367 608 4419 maturata
627 4365 769 4434 percellat.
792 4368 871 4436 4444,
891 4368 981 4444 in-1)
995 4371 1088 4443 ribus,
1103 4373 1139 4430 de
1155 4372 1354 4432 haereticorum
1370 4375 1596 4447 participatione
1611 4379 1752 4437 Romane
1769 4379 1820 4437 sodi

114 4450 220 4512 terius:
251 4453 337 4508 Valde
362 4453 491 4523 iniquum
520 4455 661 4522 otingam
684 4454 858 4523 suentepinm
890 4463 939 4523 est,
995 4459 1221 4521 satisfactionem
1236 4462 1339 4521 debere
1357 4462 1420 4520 heri
1436 4464 1622 4523 insistebant.
1639 4466 1726 4525 Unde
1739 4469 1822 4541 inne·

113 4544 144 4597 ul
158 4555 332 4612 quaecumque
344 4542 447 4612 uelprc
464 4541 582 4597 remedio
600 4547 780 4615 4444444444,
791 4545 834 4601 444
853 4547 942 4604 salute
996 4557 1076 4609 rator
1089 4550 1188 4610 lurore
1202 4566 1349 4625 aecensus
1369 4555 1482 4612 eosdem
1497 4568 1548 4626 per
1566 4558 1753 4626 msmrnisn
1771 4559 1821 4630 ele·

112 4632 162 4683 aut
177 4631 272 4698 requie
286 4632 442 4685 animarum
457 4644 571 4685 suorum
588 4635 775 4703 unusquisque
791 4637 942 4703 4444444444
996 4645 1102 4712 ctos,et
1109 4643 1276 4713 periculosae
1282 4644 1515 4717 aerumnosius,
1522 4646 1652 4720 remisit3
1660 4649 1820 4722 precipiens

113 4715 230 4771 eccesia
243 4719 398 4789 contulerit,
412 4722 461 4774 aut
476 4721 545 4773 certe
558 4719 711 4792 reliquerit,
723 4722 759 4778 ab
772 4723 825 4789 lis,
841 4727 941 4796 quibus
996 4735 1030 4788 ut
1040 4730 1149 4789 nullam
1160 4733 1305 4791 ciuitatem
1317 4734 1544 4807 ingrederentur,
1558 4749 1596 4793 ne
1609 4736 1682 4794 iidci
1694 4739 1819 4811 epistolis

115 4803 171 4859 baec
188 4807 308 4861 macione
327 4809 433 4862 seruari
451 4809 584 4872 44444444,
596 4809 628 4864 id
652 4815 702 4876 est,
726 4812 941 4880 destestari
996 4818 1096 4879 saltem
1113 4821 1143 4878 in
1156 4823 1282 4879 transitu
1295 4823 1448 4882 catholicis
1462 4824 1616 4883 ostendere
1631 4835 1764 4898 4444444.
1776 4827 1817 4884 soi

113 4895 199 4995 Deum
209 4895 366 4952 timentibm
380 4896 544 4961 bominibus,
562 4903 588 4954 et
601 4914 684 4970 super
697 4905 816 4959 omniaa
828 4907 942 4975 princi-
996 4911 1065 4983 qnia
1079 4924 1126 4969 eas
1140 4925 1190 4984 per
1201 4926 1300 4970 omues
1321 4913 1455 4972 civitates
1467 4915 1617 4986 expositas
1640 4930 1660 4975 a
1675 4917 1817 4991 44444444-

112 4982 205 5054 prbus,
228 4987 258 5087 'el
278 4987 378 5054 4444444
403 4988 554 5056 4444444444,
575 4991 607 5044 44
625 4990 706 5047 allud
732 4996 880 5063 transferri
897 4996 940 5052 uel
995 4999 1050 5057 bus
1075 5001 1139 5058 suls
1154 5008 1250 5072 pbstea
1265 5003 1414 5076 comperit,
1430 5005 1642 5063 conmotusin
1659 5007 1818 5080 ipsunlic·

114 5074 474 5175 nominenominee·
493 5077 548 5134 baec
561 5094 617 5134 non
630 5082 799 5150 4444444444,
818 5089 845 5141 44
858 5085 940 5142 aliter
995 5104 1109 5148 manum
1137 5093 1299 5162 pontiuaeu
1325 5090 1419 5150 lectur
1436 5094 1464 5150 ci
1492 5093 1663 5170 scripsisse,
1686 5099 1730 5156 ita
1756 5099 1817 5156 44444

113 5177 197 5233 quam
214 5165 347 5264 44444444
368 5170 417 5228 est,
437 5167 542 5235 predia
560 5169 677 5226 ecclesis
696 5172 801 5228 4444444
816 5177 937 5245 petierit,
994 5181 1814 5261 caeoeradiceuszlubereuosvolnuus,uunuobisinbsri.

112 5252 155 5308 uel
178 5257 321 5354 44444444,
337 5253 379 5307 444
392 5344 398 5355 .
403 5255 565 5355 possederit,
588 5260 632 5314 444
649 5260 752 5328 injuste
773 5262 937 5330 detmderit,
992 5272 1046 5329 sed
1059 5272 1155 5329 eodeni
1168 5277 1294 5344 4444444
1314 5273 1459 5331 divinitus
1470 5272 1597 5332 ininius
1612 5290 1772 5348 percussus
1783 5280 1816 5336 in

112 5345 163 5398 aut
186 5345 341 5444 4444444444,
366 5357 423 5398 unse
441 5359 477 5445 *se
505 5348 558 5401 cilo
581 5351 738 5421 consumit,
763 5367 818 5421 quo
848 5355 938 5411 uatus
993 5361 1084 5419 teriit.
1097 5361 1227 5434 sumpsit
1239 5368 1335 5421 antem
1347 5368 1412 5435 post
1426 5363 1509 5421 ilium
1522 5363 1816 5436 imperiumlnstiuns

112 5433 320 5534 4444444444
340 5432 468 5535 percule
499 5435 670 5493 anathemate
690 5440 819 5506 feriatur,
850 5446 938 5516 444444
992 5450 1253 5524 orthodoxumque
1261 5452 1424 5524 adiurante,
1438 5455 1624 5524 4444444444
1634 5457 1734 5518 Greci
1742 5456 1818 5532 pusi-

113 5524 268 5594 etcipitnb,
293 5525 318 5577 et
344 5520 435 5588 444444
466 5524 510 5580 uel
530 5518 595 5598 [ci]
610 5527 765 5597 possidenti
792 5534 937 5594 44444444
989 5540 1127 5601 mutinae
1140 5543 1344 5601 errorsicacii
1357 5544 1548 5616 4444444444
1563 5547 1815 5623 sedisapostolloe
