3876 6090
112 249 163 311 ibi
499 250 772 310 ndfflnrhunnnlo
790 247 915 308 snuobl
938 247 985 306 vll
1003 246 1250 307 chunutus-
1267 247 1369 307 ACTIO
1389 249 1444 306 vll.
1767 247 1821 308 lats

111 378 200 448 sium,
226 374 335 433 Basilio
362 375 498 446 episcopo
522 374 768 449 Dionyslopoleos,
796 374 981 446 StephanoA
997 373 1150 431 sibussuls
1168 373 1311 445 pellectos,
1323 372 1492 430 calumniati
1501 375 1820 434 suntsanctamchristi

111 466 247 539 episcopo
258 464 378 537 Synnai,
388 464 719 537 Constantinoepiscopo
729 465 832 537 Andri,
844 466 942 520 Eusta·
996 463 1046 519 bei
1063 463 1154 519 nostri
1167 462 1332 534 Ecclesiam,
1345 475 1408 533 quae
1424 461 1480 532 ipsi
1494 466 1538 519 est
1551 462 1731 533 desponsata,
1747 470 1775 521 et
1791 466 1819 522 in

111 553 941 626 thioepiscopoTeni,Joanneepiscopcbecateron,Joanne
997 557 1040 609 ter
1052 557 1181 609 sanetum
1200 556 1228 608 et
1249 550 1399 624 profanum
1425 566 1480 609 non
1497 552 1817 625 distinxeruntidzcod.

110 645 246 718 episcopo
253 642 939 716 NicaeaeThraciae,Theophaneepiseopobebedi,
997 643 1075 713 uun)
1092 643 1244 715 imaginem
1264 643 1378 698 Domini
1391 647 1419 698 et
1432 646 1594 700 sanctorum
1608 643 1671 714 ejus
1685 644 1823 701 similiter

109 736 218 792 Joanne
239 733 375 804 episcopo
396 731 611 803 lithoprosopi,
631 733 792 804 Nicephoro
807 732 941 802 episcopo
999 735 1029 788 ut
1041 735 1152 789 statuas
1162 731 1372 789 diabolicorum
1385 732 1528 790 idolorum
1543 733 1732 790 nominantes.
1748 735 1822 790 Pro-

111 823 350 894 arcadiupoleos,
374 822 521 879 Theodoro
544 823 678 893 episcopo
700 821 940 894 lleracliopoleos,
999 824 1060 892 pter
1076 822 1151 892 quod
1165 821 1392 878 Dominuslleus
1409 835 1463 877 non
1477 821 1572 879 lenens
1592 821 1747 895 intueri—ah
1764 821 1823 879 hu-

111 913 140 971 id
162 916 208 970 est
219 912 369 969 Thldatoae
382 907 941 986 [Pidachthoael.Constantinoepiscopo
995 910 1122 980 jusmodi
1134 915 1212 982 peste
1223 910 1604 983 corrumpi-subditossuos,
1618 910 1822 984 nos'jsacerdo-

111 1003 281 1072 latrorum,
301 1003 421 1072 Lycasto
441 1001 576 1072 episcopo
591 999 798 1071 Philadelphiae
813 998 943 1070 [Phylla-
998 999 1032 1056 til
1045 1001 1190 1072 principes
1200 1001 1377 1072 beneplacito
1387 1014 1440 1058 suo
1453 1001 1581 1074 undique
1592 1002 1760 1059 conuocauit
1772 1002 1825 1059 di-

110 1089 942 1163 don],llichaelepiscopoTrailensium,loanneepiscopo
997 1090 1064 1146 rino
1083 1090 1143 1147 zelo
1160 1090 1236 1162 [Gr.,
1258 1090 1358 1147 divino
1385 1091 1446 1147 zelo
1469 1096 1498 1147 et
1517 1090 1606 1162 nutu]
1629 1090 1780 1162 feruentes,
1795 1095 1823 1148 et

114 1182 224 1254 lemni,
237 1183 329 1238 leone
340 1181 473 1252 episcopo
485 1180 587 1250 dmisi,
602 1181 721 1237 iiiohael
737 1180 870 1252 episcopo
884 1178 941 1252 Til,
997 1179 1261 1238 nntnConstantini
1277 1185 1305 1237 et
1317 1182 1404 1237 lrenae
1429 1181 1634 1252 imperatorum
1659 1184 1822 1239 nostrorum
1891 1175 1894 1180 ’

112 1271 279 1343 Epiphanio
304 1271 439 1341 episcopo
461 1270 649 1342 portensium,
678 1272 785 1327 toannc
808 1268 942 1340 episcopo
996 1269 1151 1327 adductos:
1166 1271 1415 1342 quatenusdeihca
1426 1271 1575 1329 catholicae
1587 1270 1720 1328 Ecclesia
1735 1271 1824 1328 tradi-

114 1359 389 1431 iinrbriadensium,
404 1360 549 1431 Stephano
563 1360 697 1431 episcopo
709 1358 940 1431 orymnensium,
997 1358 1191 1415 tioeommuni
1205 1359 1317 1415 decreto
1335 1359 1456 1430 recipiat
1467 1360 1639 1417 llrmitatem.
1651 1361 1744 1434 igitur
1758 1374 1822 1418 cnm

116 1449 247 1508 lieraclio
258 1449 393 1520 episcopo
407 1448 494 1520 Sami,
509 1451 616 1507 loanne
627 1450 762 1521 episcopo
774 1447 905 1505 Praeneti.
997 1447 1075 1506 omni
1088 1443 1240 1521 diligentia
1252 1452 1463 1520 perscrutantes
1476 1453 1504 1507 et
1517 1449 1717 1517 discutientes,
1731 1455 1760 1507 et
1773 1450 1824 1508 in-

150 1538 415 1612 llesidentibusque
428 1545 494 1596 ante
508 1538 655 1597 ambonem
669 1539 860 1596 sacratissimi
876 1545 943 1594 tem·
998 1538 1154 1595 tentionem
1167 1537 1298 1595 ueritatis
1313 1542 1462 1612 sectantes,
1483 1539 1558 1596 nibil
1569 1539 1735 1610 adimimus,
1749 1540 1824 1596 nibil

120 1629 157 1702 pli
170 1628 365 1687 sanctissimae
381 1639 488 1700 magne
502 1628 630 1684 ecclesia
644 1642 707 1700 quae
721 1627 943 1701 cognominatur
999 1627 1149 1699 addimus3
1164 1628 1212 1685 sed
1234 1628 1330 1685 omnia
1349 1643 1413 1701 quae
1433 1630 1582 1687 catholicae
1603 1635 1671 1687 sunt
1693 1629 1826 1687 Ecclesia

120 1719 220 1790 Sophia
237 1737 244 1773 :
263 1716 452 1789 presentibus
467 1731 581 1789 quoque
595 1723 623 1775 et
638 1717 826 1775 audientibus
838 1716 944 1789 glorio-
957 1697 984 1761 Β
1001 1717 1175 1774 immutilata
1191 1731 1353 1776 servamus:
1370 1724 1399 1776 et
1415 1725 1566 1788 sequentes
1581 1724 1679 1777 saneta
1692 1734 1741 1776 sex
1755 1722 1825 1777 uni-

123 1809 234 1865 cissimo
244 1814 274 1865 et
286 1807 573 1879 magnificentissimo
586 1808 727 1879 principe,
739 1809 858 1863 Petrona
869 1806 944 1861 ride
999 1806 1120 1863 versalia
1135 1806 1270 1878 concilia,
1286 1807 1315 1864 in
1325 1809 1428 1878 primis
1438 1810 1511 1880 quod
1525 1810 1553 1864 in
1568 1809 1718 1880 splendida
1731 1810 1827 1867 Nicen-

126 1899 184 1954 licet
197 1896 434 1954 laudabilissimo
446 1911 480 1953 eu
494 1898 699 1954 exconsulibus
712 1897 844 1968 patricio,
861 1901 889 1951 et
901 1909 945 1952 co
1000 1908 1035 1951 na
1061 1895 1210 1965 metropoli
1226 1897 1374 1967 convenit,
1391 1898 1485 1954 adhuc
1505 1898 1591 1953 etiam
1614 1903 1642 1953 et
1668 1898 1743 1967 quod
1764 1902 1827 1970 post

126 1988 259 2043 nimheo
281 1986 415 2042 servandi
437 1987 598 2057 imperialis
613 1985 756 2058 obsequii,
772 1999 805 2042 ac
819 1998 945 2041 reveren·
1000 1983 1031 2040 ln
1071 1985 1215 2041 diuinitus
1248 1986 1441 2042 conservanda
1478 1987 1555 2058 regia
1581 1987 1650 2043 urbe
1676 1988 1827 2044 collectum

126 2075 249 2133 dissimls
269 2075 519 2132 archimandritis.
542 2075 711 2147 hegumenis
733 2080 761 2131 et
786 2073 942 2146 monachis,
999 2075 1052 2129 est.

128 2166 274 2222 meandum
290 2164 422 2221 ordinem
439 2170 504 2221 ante
520 2171 645 2222 taxatum
663 2165 692 2220 in
709 2165 800 2235 prima
813 2164 943 2220 actione:
1035 2163 1185 2219 Credimus
1201 2163 1231 2219 in
1250 2175 1338 2221 unum
1362 2164 1574 2221 beumPatrem
1590 2165 1825 2236 omnipotentem,

130 2253 275 2326 propositis
293 2254 381 2311 etiam
404 2254 513 2311 sanctis
532 2258 562 2311 ct
583 2254 761 2311 intemeratis
782 2254 832 2310 liei
859 2255 946 2309 Eran-
1001 2251 1135 2308 iactorem
1146 2251 1211 2309 coell
1229 2257 1258 2308 et
1272 2257 1364 2323 terrae,
1378 2252 1540 2309 visibilium
1554 2254 1683 2311 omnium
1696 2259 1725 2310 et
1747 2254 1826 2310 invi-

131 2344 212 2416 gcliis.
1001 2340 1145 2398 sibilium.
1154 2342 1228 2398 Etin
1237 2355 1326 2398 unum
1339 2342 1492 2398 bominum
1505 2344 1599 2399 Jesunr
1614 2342 1762 2400 Christum
1776 2343 1829 2398 Fi-

131 2432 285 2491 lbcodorus
301 2432 509 2490 sanctissimus
528 2434 681 2505 episcopus
699 2435 849 2492 Tauriana
866 2434 945 2491 Sicu·
999 2431 1073 2499 lium
1081 2431 1131 2487 bei
1144 2431 1337 2504 unigenitum,
1348 2431 1398 2503 qui
1408 2444 1442 2488 ex
1456 2433 1536 2488 Patre
1545 2437 1630 2489 natus
1637 2437 1680 2490 cst
1689 2437 1755 2489 ante
1763 2446 1830 2489 om-

133 2522 211 2579 lorum
227 2521 336 2580 insulae
348 2526 494 2593 acceptum
511 2537 567 2594 prae
581 2523 715 2580 manibus
729 2523 848 2596 librum,
863 2538 946 2597 expo-
1000 2520 1049 2576 nia
1062 2519 1184 2577 saecula:
1202 2520 1298 2578 lumen
1315 2533 1349 2576 en
1363 2521 1481 2591 lumine,
1497 2524 1586 2579 mum
1600 2535 1698 2579 rerum
1713 2523 1749 2578 de
1772 2523 1829 2581 beo

134 2611 206 2668 situm
216 2610 558 2683 terminumlexposilam
577 2613 789 2685 definitionem]
802 2613 889 2687 legit:
1001 2623 1086 2678 ver03
1101 2614 1211 2668 natum.
1225 2623 1281 2667 non
1302 2609 1418 2683 iactum,
1444 2610 1717 2668 consubstantialem
1738 2612 1827 2685 Patri,

173 2750 314 2794 ,mm
326 2750 433 2792 mm
446 2750 544 2792 mm
557 2751 589 2793 AC
603 2751 785 2794 mmm
797 2751 892 2794 mom
1004 2713 1145 2771 perquem
1157 2699 1254 2757 omnia
1265 2696 1339 2756 iacta
1349 2704 1427 2756 sunt.
1437 2700 1492 2770 Qui
1505 2706 1622 2771 propter
1632 2714 1684 2758 nos
1696 2701 1829 2760 homines

319 2821 439 2865 sgnum
454 2822 482 2865 ,g
498 2822 585 2865 m,
600 2823 749 2865 comem
1002 2793 1031 2844 et
1044 2794 1159 2861 propter
1181 2795 1307 2846 nostram
1329 2788 1451 2846 salutem
1466 2789 1614 2847 descendit
1634 2789 1669 2846 de
1687 2790 1779 2863 coelis,
1802 2794 1830 2847 el

464 2937 469 2948 ,
564 2940 569 2949 ,
938 2876 949 2952 ζ
1004 2878 1171 2935 incarnatus
1186 2882 1228 2934 est
1243 2878 1277 2935 de
1293 2878 1405 2949 Spiritu
1429 2882 1528 2936 sancto
1542 2893 1575 2935 ex
1589 2879 1677 2936 biaria
1699 2880 1828 2953 Virgine,

78 2964 80 2999 ι
136 2935 225 2992 Suada
246 2950 350 3005 magne
368 2951 400 2990 ac
419 2937 582 2991 unrvmsubs
601 2937 732 3006 synodus,
755 2940 948 3023 compariles

78 3004 82 3119 Ι
159 3010 285 3076 muham,
310 3012 336 3062 et
360 3009 526 3062 sanctionem
548 3011 658 3078 piorum
680 3015 705 3065 et
731 3009 989 3106 Christrunorumss

1004 2972 1031 3023 et
1047 2967 1131 3023 homo
1146 2965 1239 3024 lactus
1251 2972 1309 3024 est:
1334 2967 1492 3026 crucifixus
1507 2970 1593 3026 etiam
1609 2984 1660 3040 pro
1676 2970 1760 3027 nohis
1775 2970 1829 3028 sub

159 3083 351 3151 mmm
368 3079 539 3134 Constantini
554 3085 580 3135 θ,
591 3082 677 3135 pm„
690 3083 786 3136 mam-3
801 3082 871 3151 eju„
887 3096 947 3136 con,
1005 3056 1105 3114 Pontio
1121 3056 1222 3129 Pilato,
1237 3070 1339 3128 passus
1361 3062 1389 3114 ct
1408 3057 1538 3128 sepultus
1552 3062 1604 3130 est,
1629 3064 1657 3115 et
1673 3062 1831 3118 resurrexit

158 3151 268 3221 gregato
289 3156 329 3205 ast
347 3151 465 3205 secundo
488 3152 518 3205 iu
535 3153 693 3207 Nicensium
713 3153 790 3208 ctera
808 3154 949 3224 metropoli
1004 3146 1089 3202 tertia
1104 3146 1152 3203 die
1169 3146 1325 3204 secundnm
1340 3146 1522 3218 Scripturas:
1540 3148 1669 3204 ascendit
1680 3150 1714 3206 ad
1731 3150 1827 3222 coelos,

158 3223 377 3292 buupnensium
387 3224 537 3292 prouincia
551 3225 580 3277 in
592 3229 689 3279 sancta
700 3226 750 3279 Dei
764 3225 875 3280 ecclelia
888 3240 949 3295 dila
1004 3235 1083 3293 sedet
1096 3236 1130 3291 ad
1160 3236 1304 3292 dexteram
1331 3237 1442 3293 Patris:
1459 3242 1487 3293 et
1510 3237 1613 3294 iterum
1635 3242 1773 3297 venturus
1787 3243 1831 3297 est

158 3295 368 3428 fflffffl
384 3293 506 3434 {wi}
519 3298 637 3435 affl}
650 3295 835 3421 ,swam
861 3296 950 3351 mm
1004 3338 1069 3381 cum
1084 3324 1176 3397 gloria
1195 3324 1326 3395 judicare
1348 3326 1427 3382 viros
1446 3331 1474 3382 et
1493 3334 1631 3389 mortuos.
1654 3328 1829 3401 cnjusregnl

1005 3426 1061 3469 non
1075 3413 1133 3469 erit
1145 3413 1221 3468 linis.
1235 3415 1270 3469 Et
1291 3414 1321 3470 iu
1337 3413 1477 3484 Spiritum
1493 3419 1624 3472 sanctum
1636 3416 1789 3474 Dominum
1802 3422 1831 3475 et

157 3489 210 3562 Qui
222 3491 319 3548 lucem
331 3489 492 3564 agnitionis
502 3505 561 3548 suae
575 3491 657 3548 nobis
666 3492 795 3567 donarit,
808 3496 836 3549 et
848 3507 864 3549 a
877 3498 952 3551 tene
1004 3502 1205 3575 vivificantem,
1229 3502 1280 3573 qui
1293 3516 1327 3559 ex
1346 3503 1428 3559 Patre
1450 3503 1605 3575 Filioque·
1617 3506 1754 3577 procedit,
1779 3506 1829 3578 qui

128 3577 183 3638 bris
195 3577 344 3637 idolorum
359 3592 392 3636 ac
408 3579 521 3637 insania
537 3594 589 3638 nos
604 3581 734 3655 redemit,
749 3582 884 3639 Christus
898 3582 952 3639 sci·
1005 3605 1070 3649 curn
1080 3593 1162 3648 Patre
1173 3597 1202 3648 ct
1213 3591 1288 3649 Filio
1301 3592 1389 3649 simul
1400 3593 1536 3650 adoratur
1548 3598 1576 3649 et
1586 3593 1831 3670 conglcrtdcatur,
1889 3624 1893 3631 «

128 3667 191 3727 licet
202 3672 281 3727 bens
296 3673 406 3742 noster,
420 3668 592 3741 desponsata
605 3671 662 3728 sibi
677 3675 775 3729 sancta
790 3685 842 3730 sua
857 3672 952 3730 calbo
1007 3682 1057 3753 qui
1069 3679 1235 3737 locutusest
1249 3694 1298 3752 per
1313 3681 1474 3752 prophetas.
1492 3683 1526 3738 Et
1541 3696 1627 3739 unam
1638 3687 1765 3740 sanctam
1778 3698 1831 3741 ca-

128 3758 180 3817 lice
206 3759 339 3818 Ecclesia
367 3773 424 3817 non
453 3760 574 3818 habente
602 3762 741 3821 maculam
771 3777 822 3821 seu
851 3776 951 3836 rugam
1006 3770 1142 3827 tholicam
1157 3775 1185 3828 et
1198 3770 1385 3842 apostolicam
1404 3771 1569 3829 Ecclesiam.
1590 3771 1732 3830 Confiteor
1742 3788 1831 3832 unum

128 3848 230 3922 (Epist
242 3848 282 3922 a),
294 3849 368 3906 hanc
379 3863 409 3906 se
420 3857 655 3909 conservaturum
668 3853 821 3925 promisit,
834 3853 953 3912 sanetis·
1006 3860 1147 3933 baptisma
1163 3862 1194 3919 in
1209 3861 1407 3919 remissionem
1425 3867 1621 3933 peccatorum:
1636 3869 1768 3935 exspecto
1783 3879 1833 3922 re-

130 3952 180 4011 dii
193 3938 356 4010 (libili)ulis
377 3940 441 3997 ⁸⁰¹⁸
462 3940 651 4013 asseifflbil,
670 3942 787 4001 diffluit
809 3943 952 4000 V⁰bf³⁶ltm
1006 3953 1213 4011 surrectionem
1239 3957 1427 4025 mortuorum,
1446 3958 1475 4010 et
1496 3954 1584 4010 vitam
1600 3952 1691 4013 iuturl
1720 3955 1830 4014 saeculi.

131 4029 953 4101 mmmmmdtetusmqueadconsummauonemsaecuu
1006 4043 1105 4100 Amen.
1140 4043 1347 4100 Abominamur
1383 4047 1477 4100 autern
1503 4049 1532 4100 et
1559 4045 1833 4104 anathematizamus

132 4116 231 4190 (Mb
261 4118 374 4193 ¹¹V¹11)·
402 4119 489 4177 P⁰il⁰
517 4119 590 4177 hinc
617 4123 868 4193 repromissionem
895 4135 951 4180 ⁰⁰11
1006 4132 1108 4191 Arium
1121 4139 1150 4190 et
1171 4138 1377 4190 consentaneos
1397 4138 1425 4189 et
1450 4134 1708 4193 communicatores
1723 4150 1833 4194 vesanae

134 4209 220 4267 tulum
247 4209 311 4266 illis
337 4209 465 4280 donavib
493 4211 541 4268 sed
570 4213 717 4286 eluditis,
748 4214 798 4286 dui
828 4229 878 4286 per
903 4229 952 4271 ³0³
1007 4223 1246 4296 opinionisejus3
1262 4222 1517 4294 Macedoniamque
1531 4228 1559 4280 et
1571 4238 1619 4280 eos
1631 4226 1679 4296 gui
1688 4225 1834 4298 lurtaip-

136 4299 306 4359 credidimus
330 4300 361 4356 in
389 4300 504 4357 nomine
532 4301 634 4374 ipsius·
664 4304 738 4376 Ergo
765 4302 872 4361 donum
899 4304 952 4362 110⁰
1007 4328 1070 4371 sum
1080 4311 1835 4376 henePneumatomachinominalisunt.Conlltcmur

77 4426 81 4457 -,
138 4391 246 4461 midam
270 4403 328 4450 uon
354 4390 522 4464 cogitantes,
547 4405 563 4449 a
590 4398 705 4451 versuto
734 4394 853 4454 inimico
879 4392 994 4459 vola-D
1008 4408 1101 4462 autem
1117 4407 1146 4459 et
1165 4401 1310 4458 dominam
1334 4406 1457 4458 nostram
1476 4409 1601 4460 sanctam
1623 4404 1742 4461 Mariam
1763 4420 1834 4477 pro-

77 4480 81 4527 ἶ-
139 4478 183 4537 lici
209 4480 421 4554 quodammodo
448 4480 529 4554 lacti,
557 4497 574 4540 a
602 4490 678 4542 recta
707 4484 819 4544 ratione
847 4486 954 4544 cecide·
1009 4495 1071 4567 prie
1087 4506 1120 4548 ac
1137 4491 1275 4548 veraciter
1294 4491 1344 4546 llei
1365 4491 1543 4564 genitricem,
1566 4493 1700 4565 quoniam
1724 4494 1835 4566 peperit

77 4596 81 4655 ἑ
140 4574 215 4642 runl;
238 4569 392 4628 traditioni
419 4571 506 4628 etiarn
532 4573 681 4630 catholice
705 4575 840 4634 Ecclesia
866 4578 955 4636 resul·
1009 4595 1194 4641 carmennum
1213 4595 1246 4637 en
1261 4583 1358 4638 sancta
1372 4582 1523 4653 Trinitate,
1538 4581 1684 4640 Christum
1699 4584 1835 4641 uidelicet

77 4662 101 4747 {f
142 4660 223 4716 lantes
238 4659 390 4718 intellectu
406 4661 540 4719 veritatis
556 4661 689 4722 frustrati
708 4671 794 4723 sunt:
812 4672 850 4739 et,
868 4673 900 4725 ut
913 4669 956 4726 ait
1009 4676 1098 4730 Deum
1111 4676 1254 4744 nostrum,
1265 4670 1422 4728 secundum
1434 4673 1509 4744 quod
1523 4677 1551 4728 et
1561 4673 1735 4743 Ephesinum
1750 4675 1834 4746 prius

144 4749 320 4817 prorerhialis
341 4764 445 4822 sermo,
469 4751 498 4809 in
512 4766 564 4809 axe
579 4754 641 4826 agri
655 4756 702 4811 sui
718 4755 956 4829 [agricolationis
1009 4762 1213 4836 dogmatizarit
1231 4760 1388 4818 concilium
1413 4763 1487 4833 quod
1515 4762 1661 4821 indrmum
1679 4763 1834 4839 [impium]

84 4902 92 4913 .
143 4838 398 4911 suelerrarerunt,
414 4844 443 4898 el
455 4841 633 4915 collegerunt
649 4845 782 4902 manibus
797 4846 860 4902 suis
875 4849 957 4905 steri·
1010 4851 1173 4909 Nestorium
1189 4864 1253 4906 curn
1273 4849 1392 4922 collegis
1411 4851 1483 4912 suis.
1507 4856 1642 4924 tanquam
1659 4856 1834 4926 personalem

145 4923 253 4989 litatem.
265 4929 336 5002 quia
351 4943 498 4989 sacrorum
514 4939 762 4993 monumentorum
770 4937 827 4993 beo
836 4937 955 4994 decibili
1011 4941 1180 4999 dualitatem
1196 4938 1434 5012 introducentem,
1447 4941 1482 4998 ab
1492 4942 1618 5000 Ecclesia
1630 4945 1749 5016 pepulit.
1767 4946 1837 5002 Cum

145 5025 299 5097 memento
321 5021 471 5079 detrahere
497 5031 752 5097 praesumpserunt,
777 5039 842 5083 cum
869 5041 959 5085 saeer-
1013 5032 1060 5088 his
1072 5035 1166 5088 auten
1179 5031 1415 5087 etduasnaturas
1428 5032 1668 5104 confitemurcjus
1683 5035 1733 5107 qui
1747 5035 1840 5091 incar·

145 5104 213 5166 dots
223 5110 341 5181 quidem
354 5110 531 5186 dicerentur,
546 5128 602 5171 non
615 5119 710 5172 essent
721 5120 834 5188 autem3
849 5117 884 5173 de
897 5117 959 5189 qui·
1014 5124 1099 5178 natus
1122 5123 1165 5176 est
1191 5124 1306 5191 propter
1325 5131 1376 5175 nos
1390 5132 1424 5176 ex
1444 5119 1611 5178 intemerata
1625 5123 1676 5179 lici
1699 5123 1838 5196 genitrice

145 5193 189 5256 bus
200 5201 276 5257 heus
288 5213 339 5272 per
353 5202 519 5273 prophetam
532 5204 637 5262 clamat
649 5224 655 5261 :
669 5207 795 5262 Pastores
808 5207 889 5263 multi
903 5223 958 5262 eor
1014 5223 1125 5281 semper
1134 5208 1251 5281 Virgine
1266 5209 1365 5280 llaria,
1382 5208 1536 5279 perlectum
1547 5225 1612 5270 eum
1626 5214 1714 5269 Deum
1727 5217 1755 5269 el
1771 5226 1839 5283 per-

144 5296 266 5361 rrpcrrms
285 5293 394 5347 maram
416 5309 513 5358 meum,
536 5298 790 5353 contaminaverunt
806 5300 959 5368 portionem
1013 5299 1117 5357 lectum
1134 5299 1277 5357 hominem
1307 5307 1518 5375 cognoscentes,
1545 5303 1781 5374 quemadmodum
1811 5306 1841 5358 et

143 5391 218 5438 nuos
232 5379 298 5455 (Jcr.
319 5381 381 5455 ιιι).
397 5382 554 5443 sceleratos
569 5386 676 5457 quippe
693 5388 784 5444 secuti
804 5387 882 5446 viros
899 5402 961 5445 sen-
1012 5389 1252 5446 chalcedonensis
1262 5391 1388 5461 synodus
1398 5392 1600 5464 promulgavit,
1614 5391 1796 5462 Eutychetem
1810 5393 1838 5445 et

77 5518 79 5523 ,
170 5488 299 5548 ·luiian.
325 5491 403 5548 card.
420 5495 474 5550 act
495 5508 520 5552 r.
538 5506 616 5552 conc.
640 5494 714 5553 Eion.
741 5500 863 5554 testatur
882 5496 959 5569 apud
1013 5511 1054 5553 un
1070 5496 1182 5570 synodi,
1199 5499 1229 5556 in
1252 5512 1308 5570 quo
1327 5497 1474 5571 legebatur
1493 5514 1527 5553 ec
1551 5499 1632 5552 Putre
1646 5498 1777 5567 Filioque.
1805 5495 1835 5551 ln

140 5560 250 5622 latium
257 5567 373 5622 exstare
380 5567 449 5622 tunc
456 5567 961 5639 temporiscodiccmretustissimum
1015 5568 1077 5627 cod.
1088 5568 1159 5627 toi:
1177 5571 1226 5641 qui
1239 5585 1273 5626 ea
1284 5570 1365 5626 Putre
1374 5570 1508 5640 procedit,
1523 5567 1632 5624 omisso
1646 5567 1730 5623 Filio.

332 5672 453 5731 Persou.
475 5673 603 5733 cxxix.
1701 5672 1736 5732 ⁴5
