3876 6090
193 207 264 268 vat
626 251 630 257 .
806 207 984 264 mmrnsn
1002 205 1273 264 nmnvonvnonnn
1840 218 1891 278 tes

188 341 239 408 ris,
260 340 510 412 lrancmagnamet
530 339 720 420 universalem
731 337 909 395 celebrantes
928 334 1052 408 syna-A
1068 335 1186 410 polluta,
1197 343 1225 394 et
1236 340 1327 413 rami3
1344 340 1368 397 si
1394 340 1563 400 termentum
1580 345 1735 414 pollutum,
1754 353 1783 404 et
1796 323 1890 409 massa

190 429 269 500 dum,
281 434 308 485 et
318 443 381 485 cum
393 429 483 485 multo
498 429 640 485 scrutinio
659 434 688 484 et
698 427 865 498 probatione
876 440 939 496 qua
949 430 1011 480 acta
1068 426 1211 483 modicum
1227 442 1348 501 namque
1358 428 1527 489 termentum
1543 439 1630 490 totam
1642 437 1892 497 massamiermen·

191 525 259 575 sunt
277 518 481 580 examinantes,
503 517 663 588 reperimus
682 522 710 574 et
727 516 913 586 advertimus,
935 514 1010 584 quod
1068 519 1117 570 tat.
1135 517 1221 572 Porro
1239 517 1401 588 coabjectus
1415 524 1458 576 est
1467 521 1502 577 ab
1513 521 1565 578 hac
1576 527 1672 580 sancta
1691 530 1720 581 et
1732 527 1890 586 universali

190 605 306 677 injuste,
329 612 357 662 et
375 606 616 678 enumerationem,
640 611 780 678 etpraeter
803 605 918 660 divinas
938 603 1014 675 leges
1068 606 1176 674 synodo
1194 605 1280 660 etiam
1304 608 1478 680 Theodorus,
1505 612 1723 670 lconomacbtce
1750 617 1892 677 hereseos

189 695 306 766 acy'ura,
319 696 520 752 sanctissimus
535 696 698 766 patriarcba
709 694 838 766 ignatius
852 693 1013 749 aconstan-
1069 694 1211 765 princeps,
1232 696 1281 764 qui
1294 705 1477 769 nuncupatus
1495 706 1539 755 est
1557 700 1716 774 crithinus,
1734 709 1763 760 et
1772 707 1890 775 qutdam

190 783 445 854 tinopolitanorum
466 785 593 840 Ecclesia
607 785 647 839 sit
662 790 784 853 amotus,
801 788 829 837 et
850 781 968 850 injuste,
985 784 1013 833 et
1067 780 1118 836 alii
1130 788 1383 841 consentaneorum
1396 786 1478 843 illius
1489 805 1497 856 ς
1510 789 1648 858 quosdam
1659 805 1724 847 vero
1735 793 1787 863 qui
1798 809 1892 853 susce·

189 879 269 928 entra
290 872 408 943 ratione,
431 878 459 928 et
478 879 580 944 praeter
600 873 714 929 divinas
734 872 810 944 leges
831 883 863 926 ac
883 871 959 940 jura,
981 868 1010 924 in
1068 876 1171 940 perunt
1189 871 1305 929 verbum
1316 875 1446 932 veritatis
1465 877 1630 950 recipimus,
1643 885 1671 936 et
1689 879 1777 939 choro
1788 885 1893 943 ombo-

189 975 249 1018 eam
270 976 321 1033 pro
337 963 399 1032 ipso
424 963 605 1020 introductus
624 963 663 1018 sit
686 961 814 1031 Plotius,
832 966 861 1016 et
879 973 894 1014 e
913 963 1012 1014 contra
1067 957 1206 1030 donorum
1216 964 1522 1021 connnumeravimus:
1540 967 1678 1036 quosdam
1689 974 1785 1027 autem
1797 973 1849 1043 qui
1862 973 1892 1030 ln

191 1052 410 1123 rationabiliter,
432 1053 552 1123 etjnste,
569 1065 602 1108 ac
621 1052 770 1122 diseretor,
790 1065 840 1106 seu
864 1046 1011 1117 canonice,
1067 1049 1163 1104 eadem
1187 1060 1366 1119 permansere
1390 1059 1492 1122 mente,
1520 1054 1625 1125 impios
1648 1062 1677 1113 et
1700 1072 1802 1128 pravos
1826 1074 1891 1119 cum

188 1150 274 1213 atque
293 1143 426 1213 synodice
449 1144 589 1213 receperit
607 1141 756 1212 proprium
783 1139 918 1196 thronum
940 1147 1013 1206 sape
1068 1138 1241 1210 pheronyme
1268 1139 1410 1211 crithino,
1439 1144 1677 1212 quemadmodum
1708 1148 1837 1217 paleatos
1864 1156 1893 1207 et

190 1237 362 1288 memoratus
395 1232 595 1288 sanctissimus
616 1229 778 1302 patriarcba
809 1228 938 1301 lgnatius
957 1243 964 1278 :
986 1231 1014 1281 et
1068 1228 1632 1290 stercoralesexmundissimofrumento
1641 1235 1775 1293 Ecclesiae
1786 1252 1894 1308 peram·

190 1320 411 1394 rationabiliter,
433 1327 461 1377 et
481 1321 568 1393 iuste,
589 1335 622 1376 ac
640 1321 774 1391 discrete,
794 1333 845 1376 seu
865 1319 1011 1391 canonice,
1068 1315 1146 1386 plius
1156 1318 1407 1392 sequestravimus,
1418 1326 1447 1377 et
1461 1322 1656 1379 venementius
1671 1326 1894 1386 anathematizo-

189 1418 275 1482 atque
287 1411 422 1482 synodice
437 1411 580 1481 projectus
599 1410 638 1466 sit
652 1410 792 1479 Photius3
809 1409 848 1465 ita
860 1414 891 1465 ut
905 1422 1014 1479 oppor-
1067 1405 1162 1460 vimus
1172 1424 1178 1460 :
1190 1412 1364 1478 exponentes
1372 1413 1530 1467 etcanones
1541 1425 1658 1468 numero
1666 1413 1771 1487 viginti
1783 1420 1890 1486 septem

188 1507 257 1558 tune
277 1500 378 1556 audire
401 1499 518 1556 valeata
535 1498 681 1570 Prophetae
702 1497 1014 1564 vocedtcentezouem·
1068 1507 1119 1564 pro
1149 1496 1282 1552 Ecclesiae
1317 1499 1527 1572 commoditate,
1560 1502 1792 1562 Christianorum
1826 1521 1892 1565 mu-

188 1590 335 1645 admodum
357 1591 457 1658 fecisti,
473 1591 512 1643 itu
526 1591 577 1643 erit
595 1589 737 1643 retributio
752 1592 800 1643 trra
813 1584 903 1659 (Psot.
919 1588 1012 1660 xant:
1068 1582 1187 1656 nimine,
1199 1598 1233 1641 ao
1242 1586 1344 1658 salute,
1356 1601 1464 1645 necnon
1476 1593 1504 1645 et
1524 1591 1680 1648 universali
1696 1594 1890 1654 ordinatione.

190 1679 366 1735 retribuetur
379 1679 432 1735 tibi
449 1679 479 1735 in
492 1684 580 1750 ceput
591 1684 683 1737 tuum.
701 1679 792 1749 lqitur
804 1684 901 1734 sancta
914 1677 972 1732 lraec
985 1683 1013 1733 et
1027 1637 1052 1699 B
1066 1674 1129 1730 llaeo
1144 1679 1238 1730 autem
1249 1675 1344 1731 omnia
1355 1685 1556 1749 cognoscentes
1570 1695 1630 1750 vos,
1650 1679 1752 1740 tratres
1776 1684 1893 1743 cbaris-

190 1768 363 1825 universalis
396 1769 532 1839 synodus,
558 1783 632 1839 saepe
660 1768 804 1826 adducens
833 1780 1011 1839 pervasorem
1067 1763 1734 1839 simi,ettiliisanctaecatbolicteetapostolieae
1745 1772 1890 1844 Ecclesia,

189 1857 333 1927 Photium,
360 1862 388 1912 et
415 1858 571 1928 permultas
596 1864 624 1913 et
650 1857 779 1914 diversas
808 1855 1014 1927 interrogatio-
1067 1853 1273 1924 cujuscumque
1283 1859 1311 1909 et
1330 1855 1550 1927 qualiscumque
1568 1858 1722 1930 dignitatis
1740 1861 1785 1916 vel
1804 1864 1892 1920 moris

191 1959 241 2001 nes
272 1947 422 2016 depocens,
447 1960 504 2016 quo
530 1951 657 2017 patenter
677 1947 860 2003 confiteretur
891 1957 1014 2015 supera·
1067 1942 1893 2017 estis,laudabiliter1leumlaudateprotectoretavide-

191 2033 296 2090 tionem
316 2030 393 2106 [sort.
402 2033 649 2110 supputationem]
662 2049 752 2106 suam,
771 2042 800 2092 et
810 2034 1014 2091 humiliaretur
1068 2033 1135 2088 licet
1146 2033 1309 2090 timentium
1323 2048 1363 2105 se,
1379 2037 1407 2090 et
1428 2034 1609 2092 liberatorem
1620 2038 1749 2095 omnium
1770 2041 1893 2113 quispe·

191 2122 384 2193 inconspectu
395 2123 494 2195 gloriae
505 2124 567 2194 Dei,
579 2129 607 2180 et
620 2124 830 2197 magnitudinis
840 2124 1015 2195 patriarcha·
1068 2128 1133 2178 rant
1152 2122 1181 2177 iu
1203 2136 1286 2179 eum:
1310 2128 1337 2179 et
1357 2122 1513 2179 secundum
1532 2124 1678 2182 decretum
1698 2130 1728 2182 et
1745 2128 1891 2198 iudicium

191 2210 263 2267 lium
276 2212 398 2282 sedium,
410 2218 469 2283 aut,
481 2213 506 2268 si
524 2213 576 2269 boc
596 2212 695 2285 nollet,
707 2215 872 2284 loqueretur
881 2214 972 2283 aliud,
984 2218 1012 2269 et
1068 2215 1172 2267 sanctae
1182 2225 1214 2266 ac
1227 2211 1399 2268 universalis
1418 2214 1529 2284 synodi,
1545 2214 1633 2272 malos
1645 2217 1765 2272 avertite
1783 2219 1892 2291 eosqui

191 2301 307 2356 duceret
317 2302 511 2358 excusationis
521 2301 605 2358 verba
618 2304 652 2358 ad
667 2303 812 2374 propriam
824 2302 1022 2376 stabilitatem,
1068 2305 1137 2356 sunt
1149 2300 1217 2355 mali
1228 2314 1339 2368 sensus,
1355 2300 1562 2360 abominamini
1584 2304 1718 2375 injustos,
1731 2306 1762 2362 in
1776 2307 1893 2379 iniquos

191 2393 219 2444 et
228 2387 482 2461 testificationem
498 2391 760 2461 deprehenditeum
773 2390 1012 2447 inexecusabilem
1068 2388 1135 2444 odio
1146 2387 1285 2460 habetote,
1298 2388 1387 2446 libere
1397 2390 1506 2462 singuli
1517 2405 1582 2447 cum
1599 2392 1798 2453 divinollavid
1814 2396 1894 2467 psal-

193 2475 222 2531 in
235 2476 479 2548 modlsomnibus,
491 2478 597 2550 absque
617 2493 693 2550 voce,
704 2493 737 2535 ac
751 2493 801 2550 per
810 2493 895 2550 opera
905 2493 956 2536 sua
973 2479 1014 2534 in·
1068 2478 1158 2534 lentes
1170 2479 1298 2547 :iniquos
1310 2479 1479 2544 odiobobui,
1503 2482 1585 2549 leqem
1598 2487 1689 2538 auam
1709 2487 1787 2540 tuom
1809 2486 1895 2541 dileat

193 2563 350 2620 firmantem
370 2565 427 2621 sibi
439 2566 616 2636 proverbiale
637 2567 757 2636 dietum,
770 2567 845 2638 quod
862 2567 1011 2637 perbibet:
1068 2563 1283 2639 (Psotcnvrn).
1300 2567 1502 2639 scriptumest
1525 2571 1613 2631 enim.
1627 2572 1714 2641 quia:
1745 2573 1799 2640 Qui
1825 2574 1892 2630 dicit

191 2654 353 2720 iniquitates
364 2669 419 2708 suae
437 2657 549 2725 copiunt
566 2658 689 2726 impium,
707 2657 823 2710 vincatis
843 2661 933 2710 cutem
947 2672 1015 2726 pec-
1069 2656 1309 2724 impiamjustum,
1327 2661 1366 2711 est
1384 2659 1544 2713 maledictas
1559 2661 1589 2713 tn
1608 2661 1731 2730 populis,
1746 2666 1773 2717 ct
1784 2663 1894 2718 odibilis

192 2746 313 2796 cetorum
323 2758 433 2798 suorum
443 2747 630 2815 unusquisque
645 2748 841 2813 conat-rinqitur
860 2744 955 2816 (Prov.
968 2759 984 2798 v
995 2745 1012 2818 ).
1070 2744 1141 2798 inter
1155 2748 1246 2811 pentes
1260 2761 1278 2798 a
1289 2747 1402 2800 Domino
1417 2744 1512 2817 (Proo.
1539 2749 1634 2820 xxiv).
1648 2750 1684 2805 Et
1705 2750 1810 2808 ilerum
1821 2770 1830 2806 a
1843 2752 1896 2818 Qui

192 2831 227 2885 Et
241 2831 355 2888 adhuc:
377 2834 534 2889 Viaeoutrm
547 2837 692 2904 impiorum
711 2836 874 2890 tenebrosa:
894 2837 1018 2889 nesciunt
1065 2834 1174 2902 justum
1196 2835 1297 2889 dicerit
1311 2836 1456 2903 injustum,
1472 2838 1606 2906 injustum
1619 2854 1681 2893 vero
1704 2840 1823 2908 justum,
1848 2843 1896 2895 inr-

192 2921 323 2990 quomodo
336 2922 578 2994 offendanttprov,
592 2925 643 2997 tv).
1069 2923 1188 2977 mundus
1203 2923 1394 2979 abominabilis
1417 2942 1434 2978 o
1448 2928 1502 2980 Deo
1516 2923 1608 2995 (Ρνου.
1624 2926 1704 3000 nvn)
1722 2928 1896 2986 Nullatenus

229 3009 346 3079 Propter
366 3011 502 3084 lraecerqo
521 3020 623 3070 cuncta
640 3014 780 3070 nolentem
801 3013 970 3085 intelligere,
984 2995 1054 3068 utC
1071 3024 1137 3082 ergo
1158 3011 1262 3067 audeat
1281 3012 1347 3082 quis
1372 3027 1471 3069 eorum
1493 3014 1543 3085 qui
1568 3014 1732 3072 Christiano
1758 3016 1895 3074 vocabulo

194 3097 265 3154 bene
273 3105 378 3171 ageret,
390 3116 480 3171 neque
489 3102 681 3160 obedienciam
693 3104 913 3176 praeeligentem,
925 3116 1017 3174 neque
1071 3097 1153 3170 digni
1170 3104 1247 3162 sunt,
1272 3100 1380 3170 quique
1395 3102 1521 3172 regimen
1536 3102 1677 3172 pastorale
1696 3104 1792 3161 sortiti
1804 3110 1892 3162 sunt:

194 3188 373 3244 confitentem
406 3198 551 3260 peceatum
577 3207 672 3264 snum,
699 3193 917 3264 iniquissimum
942 3206 1019 3263 pra-
1072 3187 1167 3243 autab
1177 3187 1235 3243 alio
1251 3187 1310 3259 regi
1322 3188 1465 3261 videntur,
1485 3191 1663 3247 eontrarium
1683 3191 1898 3266 quidquamqe·

194 3276 330 3350 sulatum,
357 3279 405 3334 sed
431 3279 640 3337 inobedientem
662 3288 689 3338 et
711 3284 889 3339 resistentem
914 3288 1019 3338 sanctae
1073 3288 1135 3330 rere
1154 3281 1258 3332 sanct&
1277 3276 1384 3333 huicet
1403 3278 1559 3334 universali
1580 3281 1748 3353 Sl1¹0d⁰2³⁰
1771 3295 1821 3352 per
1846 3283 1897 3340 ¹¹⁰⁰

196 3364 264 3420 huic
276 3373 304 3422 et
319 3367 474 3424 universali
487 3372 603 3441 synodo,
627 3371 796 3442 repulimus,
808 3377 836 3427 et
850 3371 1019 3427 anthemati-
1075 3364 1238 3420 inveniatur
1248 3365 1376 3421 omniurn
1386 3368 1442 3423 Deo
1452 3368 1662 3440 contradicens,
1673 3376 1702 3426 et
1712 3369 1795 3427 illius
1804 3370 1898 3427 consi·

195 3457 331 3529 ravimus,
343 3461 675 3529 atqueatotacatbolioa
687 3461 881 3531 etapostolica
892 3459 1018 3516 Ecclesia
1074 3451 1897 3525 liumetjudiciumspernens.Dicitenimalicubiraulus

195 3542 316 3602 lecimus
335 3546 472 3618 alienum,
498 3563 547 3618 per
570 3549 665 3605 datam
690 3548 774 3605 nobis
793 3553 958 3618 potestatem
986 3547 1015 3602 in
1074 3541 1352 3612 mgnusatrostolus:
1368 3546 1458 3612 luitur
1471 3549 1520 3615 qui
1533 3550 1637 3617 spernit
1656 3564 1715 3612 nos,
1730 3564 1786 3604 corr
1808 3550 1899 3605 boma

195 3633 306 3704 Spiritu
317 3637 544 3706 savrctoaprimo
556 3643 584 3693 et
599 3651 700 3709 magno
722 3637 973 3707 pontitieenostro.
991 3641 1019 3692 et
1072 3644 1133 3682 nem
1160 3633 1274 3699 spernit,
1291 3632 1339 3687 sed
1363 3635 1448 3689 ileum
1465 3636 1567 3698 vivum,
1594 3638 1643 3706 qut
1663 3637 1739 3692 dedit
1763 3639 1899 3708 spiritum

195 3721 384 3780 deliberatore
402 3738 435 3780 ac
459 3726 598 3782 salvatore
622 3735 812 3798 cunctorum,
839 3726 1020 3797 quemadmo·
1072 3723 1196 3773 lancium
1210 3736 1290 3775 Situm
1309 3724 1339 3777 in
1353 3739 1402 3777 '2⁰⁸
1423 3722 1468 3792 (Π
1481 3726 1571 3780 TW·
1589 3725 1637 3798 νΙ)
1658 3726 1735 3782 Dicit
1753 3733 1850 3783 aulem
1870 3732 1900 3784 02

196 3814 265 3869 dum
293 3813 433 3882 scriptum
462 3819 505 3869 est
527 3816 602 3884 apud
630 3815 800 3886 Deiloquum
826 3818 939 3885 lloysen
957 3833 963 3869 :
983 3817 1019 3870 llt
1073 3811 1190 3883 quidam
1205 3811 1406 3882 deiloquorum
1427 3816 1609 3870 nostrorum:
1630 3814 1660 3870 Si
1675 3815 1743 3885 quis
1762 3816 1899 3875 scissusa

197 3904 290 3955 animo
318 3905 404 3956 omnis
430 3918 490 3971 qua
514 3906 609 3972 fecerit
634 3908 665 3960 in
687 3921 770 3960 mrtntr
802 3906 955 3976 superbies,
985 3906 1019 3959 ob
1074 3901 1192 3957 veritate
1206 3900 1304 3972 fuerit,
1324 3915 1441 3974 regnum
1458 3903 1508 3958 Dei
1532 3917 1588 3959 non
1607 3903 1776 3975 possidebit,
1798 3906 1848 3962 sed
1867 3905 1900 3962 ill

197 3992 334 4058 induraris
356 3993 398 4047 oet
420 3995 599 4062 oprosrlytis
634 3997 751 4058 Domini,
782 3999 832 4051 iste
855 3998 966 4050 irrttct:
996 4001 1022 4051 et
1076 3991 1231 4064 gebennam
1251 3990 1496 4047 condemnabitur.
1529 3993 1564 4048 Et
1586 4008 1706 4049 rursus:
1729 3994 1759 4049 Si
1779 3995 1848 4064 quis
1867 3994 1900 4051 in

198 4083 424 4137 rutemninnbr'tur
433 4084 526 4137 ocimo
535 4085 584 4138 illo
599 4086 632 4140 dc
648 4087 749 4156 populo
760 4102 818 4149 sao,
831 4088 897 4155 quia
911 4087 1022 4140 uerbum
1075 4080 1169 4137 aliena
1191 4081 1331 4136 sententia
1350 4081 1487 4152 ambulat,
1501 4081 1615 4138 hicnon
1637 4082 1799 4139 estChristi
1813 4101 1820 4138 ε
1832 4096 1900 4140 cnm

198 4174 306 4227 llomini
316 4174 484 4242 depravavit,
500 4179 525 4228 rt
534 4177 666 4230 monetote
680 4177 739 4244 rjus
752 4177 912 4246 dissipavit:
925 4178 1023 4230 eontra*-
1076 4170 1283 4241 hujusmodine
1289 4170 1542 4243 commisceamini,
1555 4176 1587 4228 nt
1598 4185 1725 4228 nonnum
1735 4171 1901 4242 eapereatis

199 4265 271 4317 tione
295 4268 446 4317 conteretur
471 4267 564 4319 animo
588 4266 648 4328 atta,
671 4271 813 4334 peecatum
837 4282 916 4320 suarm
935 4268 964 4319 in
990 4282 1021 4320 ro
1074 4261 1146 4330 Quis
1165 4260 1241 4315 enim
1262 4258 1369 4315 nesciat
1388 4260 1464 4329 qued
1481 4259 1511 4314 in
1534 4260 1627 4315 medio
1647 4260 1854 4330 mnataenujus
1871 4264 1901 4316 el

199 4350 297 4423 (Nalm.
324 4352 395 4425 xv):
419 4355 655 4424 quemadmodum
680 4363 707 4412 ct
730 4357 898 4414 nomintcus
923 4350 1060 4411 innuitD
1076 4345 1902 4419 universalissyneditueritincomprebensibilisetincir·

199 4455 301 4514 sermo,
315 4446 364 4516 qui
386 4454 546 4516 peccantem
559 4448 587 4503 in
609 4449 780 4520 proximum,
795 4455 823 4504 et
842 4461 1019 4518 nequaquam
1074 4439 1267 4509 cumscriptns
1284 4438 1417 4494 Christus
1435 4451 1468 4494 ac
1488 4438 1628 4494 Dominus
1652 4438 1702 4508 qui
1726 4437 1824 4495 dixit:
1849 4438 1902 4493 Ubi

199 4539 369 4608 correctum,
403 4537 450 4592 sed
486 4539 620 4596 Ecclesiae
652 4540 702 4596 Dei
735 4553 789 4597 non
832 4539 1020 4609 obedientem,
1074 4535 1139 4585 sunt
1160 4530 1213 4584 duo
1227 4528 1269 4582 vel
1289 4531 1342 4582 tres
1357 4529 1387 4581 in
1408 4530 1515 4582 nominc
1535 4544 1602 4591 mvl),
1617 4528 1657 4582 ibt
1679 4543 1739 4583 sum
1759 4530 1790 4583 in
1812 4529 1901 4584 medie

199 4633 293 4681 monet
303 4626 434 4698 deputari
446 4642 478 4684 ae
488 4631 601 4700 opinari
621 4632 698 4688 siout
717 4631 862 4688 ethnicum
874 4638 901 4687 et
921 4629 1022 4701 publi-
1069 4638 1166 4677 eorum
1189 4617 1289 4691 (blatta.
1306 4618 1416 4690 nvrut:
1438 4623 1466 4673 et
1487 4618 1632 4673 voluntate
1651 4617 1745 4688 ipsius
1766 4618 1902 4674 omnlaa

199 4713 414 4786 eanumfflatlr.
428 4731 499 4774 xvrn
512 4719 530 4793 ).
541 4720 683 4779 SImiliter
698 4736 811 4793 quoque
821 4727 849 4778 et
858 4736 907 4778 eos
924 4720 1021 4792 quiab
1074 4716 1131 4770 Deo
1156 4720 1231 4771 mota
1254 4714 1352 4767 sancta
1380 4710 1438 4764 baec
1462 4713 1491 4764 et
1518 4706 1693 4763 universalis
1721 4707 1850 4777 synodus
1872 4711 1903 4763 et

199 4802 263 4873 ipso
278 4818 379 4862 manus
394 4808 606 4878 impositionem
626 4819 804 4883 acceperunt,
818 4818 845 4867 et
860 4813 961 4869 arbore
971 4826 1021 4882 pu·
1076 4802 1274 4863 tractaveritet
1283 4797 1403 4855 tecerit‘l
1413 4798 1448 4853 llt
1458 4795 1676 4868 quoniamdicit
1683 4795 1814 4852 omnium
1825 4797 1903 4853 Deus

199 4891 275 4948 trida
286 4893 398 4952 tructus
408 4899 585 4968 putridiores
599 4908 803 4972 apparuerunt,
815 4908 842 4957 et
853 4915 944 4972 neque
958 4905 1021 4972 post
1075 4911 1125 4968 per
1147 4894 1227 4950 isaia
1243 4888 1514 4961 prophetae:v0oem
1538 4888 1573 4940 Ei
1587 4885 1658 4939 dabo
1683 4884 1785 4939 clavem
1805 4885 1903 4939 dem

199 4988 308 5039 stercus
320 4985 463 5043 meliorari
480 4988 640 5059 voluerunt,
657 4991 836 5046 concidimus
847 4991 943 5062 gladio
958 4991 1024 5060 spi·
1075 4985 1165 5040 David
1178 4997 1259 5050 saper
1273 4981 1414 5033 tomorum
1425 4977 1494 5045 ejus,
1510 4980 1536 5030 et
1547 4976 1650 5044 opertet
1658 4993 1668 5041 ,-
1681 4977 1706 5028 et
1717 4989 1772 5027 non
1786 4975 1839 5028 erit
1853 4974 1905 5043 que·

200 5072 275 5127 ritus
287 5091 293 5126 ε
307 5072 398 5128 Omnis
411 5078 481 5129 enim
495 5076 577 5130 orbor
602 5094 656 5132 nort
670 5081 774 5146 flectens
789 5082 910 5146 fructum
926 5081 1023 5135 bonum
1076 5074 1204 5129 claudat:
1219 5076 1243 5125 et
1252 5070 1369 5131 clocam,
1378 5072 1404 5122 et
1414 5082 1469 5120 nora
1479 5067 1531 5119 erit
1545 5066 1594 5135 qut
1606 5065 1714 5134 operiet
1728 5061 1799 5132 (isa.
1812 5061 1902 5135 xxti).

199 5162 339 5216 recidetur
353 5169 377 5217 et
389 5166 419 5217 iu
431 5167 519 5232 ipnerrr
530 5169 652 5221 arridetur
670 5165 773 5236 (llotb.
797 5167 1022 5241 111),secundum
1075 5166 1110 5221 Et
1137 5163 1242 5218 iterum
1263 5154 1470 5229 scripturalob
1493 5150 1905 5221 animaduerteretque

200 5264 358 5306 sermonem
381 5253 572 5309 Dominicum.
604 5255 633 5310 Si
653 5256 728 5311 enim
755 5256 837 5312 radix
867 5263 974 5328 saneta,
995 5263 1024 5313 et
1076 5252 1277 5323 adipertbittst
1302 5248 1431 5303 clauserit
1454 5242 1705 5304 controbominem,
1721 5242 1783 5309 quis
1798 5243 1906 5310 aperiet

201 5341 272 5396 rami
286 5360 293 5412 3
308 5341 370 5397 etsi
391 5338 559 5398 termentum
580 5352 748 5400 sanctumet
768 5357 859 5399 massa
884 5346 1024 5414 quemad-
1077 5343 1141 5416 (lob
1157 5340 1239 5414 x11)i
1253 5340 1367 5395 Certum
1378 5342 1431 5407 est,
1451 5336 1526 5407 quod
1550 5331 1685 5403 quisquis
1695 5329 1906 5400 volueritape-

202 5431 316 5486 modum
347 5430 453 5487 Paulus
485 5445 605 5502 magnus
635 5433 781 5503 apostolus
798 5438 894 5505 aperte
919 5434 1023 5492 clamat
1078 5432 1262 5502 rirejannam
1273 5442 1357 5500 quam
1371 5423 1575 5483 sanctabaeoet
1586 5419 1759 5477 universalis
1774 5419 1906 5490 synodus

205 5516 294 5592 [Rom.
309 5517 368 5595 v1],
390 5520 570 5577 manifestum
584 5529 627 5577 est
646 5523 720 5593 quod
740 5537 755 5577 e
774 5523 896 5597 diverso,
909 5525 934 5580 si
947 5524 1030 5586 radix
1078 5521 1194 5592 elausit,
1218 5519 1262 5576 vel
1281 5518 1414 5575 claudere
1435 5512 1586 5570 tentaverit
1600 5523 1685 5580 quam
1709 5507 1835 5578 apernit,
1849 5507 1904 5563 Dei
