3876 6090
54 264 131 326 lala
468 267 616 327 ‚usuum
636 268 846 329 LUi'lPRhNDl
866 269 931 330 ulit.
953 269 999 330 llil
1022 270 1109 332 voris
1131 271 1216 332 hohi.
1238 272 1343 333 Pollu.
1692 275 1762 339 libo

90 392 340 464 Trigesimolertio
351 393 463 464 statuit,
478 396 520 465 ut,
537 393 614 451 sicut
626 395 667 468 bi,
683 397 733 467 qni
750 398 924 460 monasteA
939 395 1134 469 presbyterum
1145 397 1176 453 in
1189 396 1283 454 aliena
1301 399 1419 458 dioecesi
1440 407 1606 477 morantem,
1620 406 1648 461 et
1668 363 1772 477 saepe-¹

54 481 882 555 riaelegerunt,amonasteriisegredinonpermittuntur:
938 491 1210 557 numerovocatum,
1232 487 1404 558 demumque
1424 493 1711 566 excommunicatum,
1733 500 1761 552 et

54 572 98 629 ita
110 571 153 643 bi,
170 571 220 643 qui
237 570 322 627 inviti
336 571 399 627 sine
408 572 494 641 iustae
506 570 674 630 offensionis
686 574 809 631 crimine
821 588 886 633 ιιιο-
939 581 1031 632 tamen
1047 576 1081 632 ad
1096 576 1240 646 propriam
1253 576 1416 647 parochiam
1431 579 1523 635 redire
1541 582 1693 654 nolentem,
1711 584 1760 641 de·

53 660 196 718 nasteriis
211 664 280 717 sunt
294 659 466 731 intromissi,
479 660 536 718 nisi
552 661 678 719 volentes
693 676 750 720 non
765 667 885 722 tenean-
939 666 1044 736 posuit,
1058 672 1085 722 et
1097 667 1212 736 penitus
1227 666 1397 723 sacerdotali
1415 667 1522 725 bonore
1544 672 1675 740 privavit.
1692 674 1761 730 Item

53 749 207 822 tur3qnia
222 749 297 821 quod
309 762 365 805 non
382 754 492 821 petunt,
508 764 564 808 non
579 750 739 809 observant.
939 752 1075 810 ineadem
1098 755 1205 826 synodo
1230 757 1351 827 monuit,
1370 762 1398 812 et
1412 757 1570 827 apostolica
1589 752 1762 819 anctoritate

90 837 367 911 Trigesimoquarto,
380 842 413 894 nt
432 839 561 910 magistri
582 847 610 895 et
624 839 753 897 doctores
768 840 799 896 in
818 841 884 897 sin·
939 842 1082 913 pracepit,
1104 848 1136 899 ut
1159 844 1361 916 unusquisque
1377 845 1530 916 episcopus
1551 861 1601 919 per
1624 849 1761 909 dioeceses

53 927 136 1001 gulis
154 927 236 999 locis,
259 928 290 983 in
312 925 419 999 quibus
436 927 591 984 necessitas
610 929 746 1001 occurrit,
769 930 884 987 consti-
937 934 966 986 et
981 931 1131 1002 parochias
1144 947 1222 1004 suas,
1236 946 1323 1003 perse
1335 938 1363 990 et
1376 947 1425 1004 per
1437 935 1676 995 sacerdotessuos
1689 939 1762 997 sub-

54 1020 188 1089 luantur,
207 1016 256 1088 qui
279 1015 413 1072 liberales
427 1021 505 1073 artes
518 1016 636 1074 assidue
650 1018 771 1075 doceant
791 1037 797 1074 :
814 1016 881 1075 etsi
935 1021 1042 1090 jectum
1055 1021 1113 1077 sibi
1127 1022 1263 1092 populum
1280 1027 1400 1095 moneat,
1417 1027 1450 1081 ut
1469 1026 1615 1095 primitias
1633 1032 1662 1086 et
1679 1028 1763 1086 deci-

54 1104 130 1163 tales
152 1118 209 1162 non
235 1105 445 1176 inveniuntur,
475 1111 569 1163 tamen
597 1106 703 1163 divinae
728 1107 884 1179 scripture
939 1123 999 1166 mas
1013 1109 1212 1169 incunctanter
1225 1110 1397 1184 persolvant,
1413 1131 1420 1168 ε
1439 1113 1491 1170 bas
1509 1120 1604 1172 autem
1626 1116 1764 1176 darene-

56 1194 189 1269 magistri
204 1198 232 1250 et
247 1194 431 1258 institutores
446 1194 634 1253 ecclesiastici
650 1194 741 1254 oibeii
756 1195 885 1254 nullate-
938 1199 1037 1269 lentes,
1051 1213 1201 1271 quousque
1212 1200 1372 1272 suppleant,
1388 1215 1405 1257 a
1426 1202 1492 1260 cibo
1507 1208 1534 1260 et
1549 1209 1618 1275 potu
1638 1220 1764 1277 suspen-

55 1297 114 1342 nus
128 1284 235 1342 desint.
936 1288 1014 1345 dant.
1029 1288 1107 1358 Quod
1124 1288 1149 1345 si
1166 1303 1216 1345 nec
1228 1303 1278 1361 pro
1291 1290 1344 1347 hec
1359 1291 1546 1362 suspensione
1561 1295 1695 1365 supplere
1706 1309 1763 1353 cu-

91 1371 370 1446 Trigesimoquinto,
386 1377 419 1429 ut
433 1375 595 1432 sacerdotes
613 1376 785 1436 admoneant
803 1378 884 1435 viros
938 1378 1072 1448 raverint,
1096 1384 1194 1435 sancta
1223 1380 1423 1437 communione
1443 1382 1599 1451 prirentur.
1628 1388 1707 1455 ltem,
1731 1387 1761 1442 lu

54 1478 89 1521 ac
104 1463 252 1534 mulieres,
268 1462 319 1534 qui
334 1460 529 1519 lestisdiebus
540 1464 574 1520 ad
593 1464 742 1523 ecclesiam
757 1481 884 1524 concur-
937 1465 1033 1522 eadem
1047 1465 1286 1538 irrefragabiliter
1299 1466 1467 1526 alllrmando
1483 1470 1624 1542 instituit,
1640 1478 1673 1529 nt
1691 1473 1763 1529 nul-

56 1557 137 1620 runt,
154 1565 190 1609 ne
205 1550 348 1621 ballando,
363 1554 391 1606 et
406 1551 504 1621 turpia
522 1551 607 1608 verba
620 1552 796 1612 decantande
810 1555 883 1612 cho-
938 1554 984 1612 lus
996 1554 1195 1625 episcoporum
1208 1556 1250 1611 vel
1264 1557 1442 1614 sacerdotum
1452 1571 1510 1615 rem
1523 1559 1569 1615 sui
1580 1560 1660 1616 tituli
1680 1575 1764 1618 usur·

56 1645 227 1701 rosteneant
235 1653 268 1696 ac
278 1639 394 1711 ducant,
406 1639 629 1698 similitudinem
642 1657 815 1716 paganorum
825 1657 885 1715 pen·
938 1648 1065 1713 pareant
1088 1643 1215 1701 alienare
1234 1650 1405 1716 presumat:
1430 1647 1479 1718 qui
1498 1654 1593 1704 autem
1616 1648 1669 1705 hoc
1684 1647 1763 1706 iece-

56 1730 190 1804 agendo:
209 1729 278 1801 quia
300 1727 382 1796 tales,
401 1728 425 1784 si
442 1742 506 1785 cnm
529 1729 691 1788 minoribus
711 1733 836 1802 peccatis
847 1732 882 1789 ad
897 1738 923 1801 Β
939 1731 988 1801 ιιι,
1002 1733 1167 1790 canonicam
1178 1733 1337 1791 sinedubio
1349 1734 1449 1791 subeat
1462 1735 1610 1793 ultionem.
1623 1738 1675 1795 llic
1687 1737 1766 1795 ordi·

56 1819 207 1877 ecclesiam
223 1817 352 1886 veniunt,
368 1831 433 1874 cum
456 1817 615 1887 majoribus
636 1824 827 1878 revertuntur.
852 1821 883 1879 Si
939 1822 1018 1878 navit
1031 1822 1181 1892 episcopos
1195 1823 1386 1895 qnadraginta
1408 1829 1475 1895 tres,
1497 1826 1677 1898 presbyteros
1695 1840 1761 1894 vero

57 1922 123 1967 vero
144 1920 203 1965 non
223 1910 336 1965 cessant
357 1906 510 1979 admoniti,
528 1920 545 1964 a
565 1910 767 1967 communione
790 1912 884 1969 modis
939 1911 1280 1982 undeviginti,diaconos
1293 1916 1410 1981 septem.
1426 1911 1608 1971 ohdormivit
1623 1917 1761 1974 autemiu
1820 1944 1823 1949 ·

56 1995 193 2054 omnibus
203 1994 424 2066 suspendantur.
937 1999 1058 2055 Domino
1073 2012 1120 2055 ιιι
1134 1998 1252 2056 Kalend.
1265 2001 1397 2071 Augusti.

91 2085 342 2158 Trigesimosexto.
354 2088 386 2140 ut
401 2082 475 2141 nulli
490 2083 584 2156 liceat,
601 2090 717 2157 excepta
729 2085 885 2146 causator
1145 2086 1212 2143 CVl.
1232 2118 1269 2128 -
1282 2089 1493 2146 BENEDlCTUs
1504 2091 1550 2147 lll.

57 2174 235 2247 nicationis,
251 2186 366 2230 uxorem
383 2173 556 2246 relinquere,
572 2180 600 2232 et
615 2175 702 2232 aliern
717 2176 775 2233 sibi
790 2191 884 2248 copu-
1196 2175 1288 2248 (Anno
1300 2177 1402 2233 dirimi
1417 2176 1496 2251 855).

57 2264 140 2321 lare:
157 2262 432 2334 alloquinconvenit
443 2266 682 2335 transgressorem
691 2265 797 2322 sociari
809 2267 884 2337 prio·
973 2265 1152 2338 Benedictus,
1184 2266 1301 2323 natione
1328 2268 1482 2340 Romanus,
1509 2281 1544 2326 ex
1567 2271 1647 2340 patre
1667 2270 1760 2345 Petro,

58 2354 84 2411 ri
99 2352 245 2426 conjugio.
267 2350 298 2407 Si
313 2356 408 2408 autem
422 2351 468 2407 vir
488 2357 516 2407 et
534 2367 606 2409 uror
628 2353 808 2412 solummodo
832 2368 883 2426 pro
939 2355 1205 2428 seditannosduos,
1222 2369 1332 2413 menses
1353 2369 1413 2428 sex,
1432 2356 1495 2414 dies
1510 2359 1615 2415 decem.
1631 2359 1698 2416 Fuit
1711 2374 1763 2417 au-

59 2442 197 2516 religiosa
211 2441 269 2498 vita
283 2440 423 2498 divertire
438 2440 514 2496 inter
527 2454 558 2499 se
569 2444 776 2509 consenserint,
794 2444 885 2503 nnlla·
939 2448 994 2500 tem
1005 2444 1761 2519 temporibusboduwicililiiLotharli,liliiLoduvvici

58 2539 145 2588 tenus
158 2529 222 2587 sine
243 2529 421 2586 conscientia
440 2530 568 2602 episcopi
584 2531 643 2603 ilat,
661 2539 693 2590 ut
711 2534 747 2590 ab
762 2546 794 2590 eo
818 2535 885 2591 sin·
939 2532 1131 2602 inperatoris.
1156 2535 1307 2604 Postquam
1329 2533 1424 2591 clerus
1447 2541 1475 2591 et
1495 2536 1619 2607 populns
1638 2536 1716 2595 hunc
1734 2543 1764 2594 et

59 2619 201 2692 gulariter
221 2619 335 2690 proviso
356 2619 570 2677 constituantur
592 2620 653 2679 loco
676 2640 683 2677 ι
703 2635 768 2678 narn
797 2637 885 2680 uxore
940 2621 1761 2696 renitentemelegerunt,etjuxtamoreminpatriarcbium

60 2708 184 2780 nolente,
199 2710 251 2764 aut
261 2706 351 2765 altero
367 2719 476 2778 eorum,
492 2708 578 2765 etiam
594 2723 645 2780 pro
665 2709 717 2767 tali
734 2724 764 2767 re
781 2712 886 2768 matri·
938 2708 1129 2780 deduxerunt,
1140 2710 1284 2767 decretum
1294 2717 1505 2784 componentes,
1518 2717 1547 2768 et
1556 2713 1689 2770 manibus
1700 2728 1764 2785 pro·

60 2798 191 2855 monium
203 2810 261 2854 non
276 2796 413 2854 solvatur.
940 2797 1014 2868 priis
1035 2798 1211 2869 roborantes,
1237 2805 1271 2855 ut
1298 2799 1393 2869 prisca
1416 2802 1593 2859 consuetudo
1618 2803 1761 2875 poscebat,

93 2886 387 2961 Trigesimoseptino,
399 2893 430 2946 ut
440 2889 514 2946 nulli
528 2887 615 2946 liceat
630 2902 688 2946 nno
701 2894 826 2960 tempore
837 2888 886 2946 ha·
940 2887 1286 2945 invictissimishothario
1298 2901 1331 2944 ac
1348 2888 1499 2946 luduwico
1516 2889 1655 2961 Augustis
1668 2891 1765 2948 desti-

59 2975 127 3034 bere
143 2990 260 3035 uxorem
276 2985 304 3035 et
321 2980 511 3037 concubinam
531 2978 621 3050 ,quia
639 2991 705 3034 cum
724 2978 802 3036 domi
826 2991 884 3034 non
939 2980 1088 3032 naverunt.
1104 2975 1156 3031 Sed
1178 2974 1276 3047 legati,
1302 2976 1352 3046 qui
1373 2976 1518 3033 decretum
1536 2977 1710 3052 deserebant,
1733 2981 1763 3038 in

58 3065 100 3122 sit
114 3066 238 3138 lucrum,
260 3067 363 3124 anime
387 3069 419 3125 nt
435 3067 641 3125 detrimentum
657 3085 663 3122 :
680 3066 812 3137 alioquin
833 3079 884 3122 ec-
898 3079 923 3147 ρ
939 3063 1053 3126 itinere,
1064 3062 1192 3132 corrupti
1206 3063 1235 3117 in
1245 3062 1428 3119 Anastasium
1437 3063 1632 3136 presbyterum
1646 3068 1764 3126 aleone

59 3154 224 3212 clesiastica
246 3157 446 3215 communione
469 3155 602 3212 videatur
624 3154 762 3226 indignus
781 3173 788 3211 :
808 3157 837 3212 et
857 3155 883 3211 sl
938 3152 1111 3222 depositum,
1128 3149 1274 3206 voluntate
1290 3150 1372 3207 illum
1391 3151 1576 3225 praeficiendi,
1597 3153 1764 3211 declinave-

59 3244 290 3317 perseveraverit,
306 3243 342 3300 ab
356 3244 476 3302 ecclesia
487 3243 603 3314 penitus
615 3248 788 3313 amputetur.
939 3247 1016 3311 runt,
1030 3245 1058 3296 et
1070 3240 1123 3296 hor.
1133 3239 1208 3309 apud
1220 3239 1366 3309 principes
1382 3240 1534 3310 praedictos
1544 3242 1672 3298 versutia
1683 3242 1765 3299 calli·

93 3333 364 3406 Trigesimooctavo,
392 3338 424 3390 nt
441 3334 476 3390 de
501 3333 617 3404 propria
638 3333 817 3404 cognatione,
841 3331 883 3390 vel
937 3326 1212 3397 ditatisedecerunt,
1226 3331 1368 3398 quamnus
1381 3329 1631 3386 eorumrolnutati
1647 3344 1764 3388 consen·

59 3435 148 3494 qnam
163 3427 300 3495 cognatus
313 3421 425 3494 habuit,
440 3421 541 3479 nullus
554 3421 659 3478 audeat
674 3421 705 3477 in
715 3421 884 3493 conjugium
939 3421 1043 3477 tientes
1057 3420 1174 3474 hornam
1187 3417 1303 3489 legatos,
1318 3418 1369 3489 qni
1385 3417 1569 3475 anastasium
1587 3419 1765 3478 inthroniza-

58 3509 217 3583 copulare:
233 3512 259 3568 si
284 3512 351 3584 quis
376 3525 443 3569 vero
468 3510 569 3568 iecerit
593 3514 623 3567 et
651 3511 881 3582 perseveraverit,
939 3504 1194 3580 rent,‘dirigerent.
1204 3506 1260 3576 Qui
1271 3519 1336 3563 cum
1348 3505 1418 3562 illuc
1428 3512 1578 3580 venerunt,
1594 3509 1763 3579 praedictum

58 3600 134 3659 sciat
147 3613 179 3657 se
191 3599 318 3658 vinculis
332 3600 523 3657 anathematis
538 3599 718 3656 innodatum.
938 3597 1099 3669 depositum
1112 3595 1252 3652 violenter
1266 3595 1295 3651 in
1304 3595 1513 3666 patriarchium
1529 3597 1761 3671 introduxerunt,

94 3689 344 3763 Trigesimonono,
360 3693 393 3746 ut
407 3688 507 3746 nullus
520 3688 651 3745 absolute
668 3688 814 3760 presbyter
833 3702 886 3746 or·
938 3694 967 3744 et
980 3686 1163 3743 benedictum
1175 3684 1307 3754 ejectum,
1319 3691 1347 3741 et
1359 3685 1517 3755 pontilicali
1534 3690 1610 3743 veste
1627 3687 1761 3745 denuda-

56 3778 187 3850 dinetur,
203 3780 232 3834 et
254 3782 286 3834 ιιι
297 3779 380 3849 juxta
402 3775 566 3834 laenitatem
588 3790 682 3833 rerum
707 3776 843 3848 ecclesiae,
857 3781 886 3833 et
940 3781 1012 3846 tum,
1027 3775 1057 3831 in
1067 3780 1145 3831 arcta
1158 3773 1403 3829 custodiaserrari
1414 3775 1572 3843 jusserunt.
1583 3775 1635 3831 Sed
1646 3775 1761 3833 demum

57 3867 231 3940 oblationes,
247 3867 290 3924 vel
304 3867 428 3924 reditum
441 3865 539 3923 clerici
554 3866 734 3923 ordinentur.
939 3878 975 3921 en
985 3863 1128 3921 communi
1141 3866 1205 3919 volo
1217 3866 1246 3918 et
1255 3862 1406 3934 sententia,
1419 3863 1555 3920 triduano
1567 3865 1680 3934 jejunio
1699 3876 1764 3921 cum

93 3956 328 4030 Quadragesimo,
344 3961 376 4013 ut
389 3955 544 4027 presbyteri
555 3955 658 4011 urbani
671 3961 699 4012 et
713 3955 884 4027 suburbani,
939 3954 1068 4011 oratione
1080 3957 1108 4008 et
1130 3950 1244 4021 vigiliis
1259 3951 1401 4009 celebrato
1415 3951 1451 4008 ab
1470 3952 1615 4024 omnibus,
1630 3959 1659 4010 et
1676 3954 1764 4011 etiam

55 4053 88 4106 et
102 4047 215 4105 rurales
228 4060 336 4118 omnes,
353 4045 550 4103 indifferenter
560 4046 594 4101 ad
606 4044 762 4102 concilium
779 4045 887 4115 episco·
939 4043 975 4099 ab
988 4042 1096 4111 hisqui
1105 4040 1440 4109 priusercommnnioato
1453 4042 1616 4114 presbytero
1626 4042 1765 4116 laverant,

57 4137 89 4210 pi
103 4137 230 4209 veniant,
246 4142 297 4193 aut
311 4148 450 4193 canonum
465 4133 697 4206 correptionibus
709 4133 884 4204 subjaceant.
941 4129 1116 4189 unanimiter
1126 4128 1306 4185 nutudivino
1318 4130 1346 4184 in
1357 4130 1541 4188 benedictum
1552 4138 1765 4206 convenerunt,

93 4225 422 4298 Quadragesimoprinro,
448 4230 480 4282 ut
499 4225 601 4292 laicus,
623 4223 673 4297 qui
691 4222 885 4294 presbyterum
940 4225 968 4277 et
982 4220 1012 4276 in
1028 4218 1216 4291 praesentiaet
1230 4230 1371 4274 consensu
1384 4219 1579 4290 imperialium
1594 4221 1764 4295 legatorum,

56 4316 275 4373 sineeonsensu
285 4314 414 4385 episcopi
426 4313 535 4385 proprii
547 4327 599 4370 sua
610 4316 748 4384 potestate
760 4311 887 4368 ecclesiae
940 4317 983 4368 est
998 4311 1028 4367 in
1043 4307 1205 4380 pontificem
1218 4310 1409 4364 consecratus.

55 4404 225 4477 cuicunque
241 4403 412 4475 instituerit,
428 4415 444 4459 a
458 4402 588 4460 bdelium
599 4402 927 4478 communicassem-1)
976 4400 1029 4456 llic
1048 4398 1167 4455 llatoldo
1191 4397 1324 4469 episcopo
1345 4396 1381 4453 de
1396 4397 1540 4467 parricida
1560 4397 1600 4454 ita
1621 4399 1761 4468 scripsit:

58 4501 151 4552 retur.
166 4491 336 4564 Presbyteri,
351 4492 376 4548 si
399 4492 485 4549 tertio
511 4491 547 4548 ab
567 4491 712 4563 episcopo,
736 4490 779 4547 vel
795 4489 887 4562 legato
944 4491 1084 4554 Volumus,
1095 4492 1185 4559 ntper
1199 4487 1340 4543 duodecim
1353 4501 1439 4542 annos
1449 4487 1500 4542 snb
1514 4502 1592 4543 onere
1599 4489 1766 4558 pennensis

56 4583 136 4655 ejus,
149 4581 185 4638 de
196 4580 319 4638 alterius
328 4581 448 4638 ecclesia
462 4580 591 4638 recedere
604 4579 755 4651 admoniti,
772 4578 889 4637 obedire
942 4581 1134 4641 constituntur,
1146 4579 1187 4632 tto
1198 4581 1229 4631 nt
1241 4576 1365 4632 omnihus
1388 4575 1483 4632 dhon:
1495 4575 1637 4645 jejunium
1653 4577 1766 4634 eehbret

57 4669 219 4743 noluerint,
237 4669 347 4742 proprii
363 4669 452 4726 oflicii
467 4671 586 4743 gradum
599 4670 744 4727 amittant.
944 4666 1079 4739 usquead
1096 4680 1246 4737 uesperum,
1262 4669 1288 4721 et
1301 4665 1405 4736 ubsque
1420 4680 1502 4721 corne
1512 4666 1629 4736 uinoque
1647 4681 1679 4722 ac
1689 4667 1766 4737 pisce

98 4759 205 4817 Ultimo
218 4772 284 4816 vero
302 4758 431 4830 capitulo
451 4759 672 4816 immutabiliter
691 4757 835 4831 precepit,
855 4770 890 4815 ne
944 4757 1034 4812 eibum
1049 4758 1149 4818 sumat,
1171 4754 1288 4825 suceptio
1308 4753 1404 4809 ιιιιὺιιι
1417 4755 1495 4823 sestis
1507 4769 1539 4810 cc
1558 4755 1718 4818 Dominicis
1740 4758 1770 4810 et

57 4848 143 4907 nllus
156 4847 254 4922 abbas,
267 4847 537 4919 autquilibetalius
551 4847 892 4920 presumatpresbyteros
945 4845 1089 4903 oPaschu
1111 4858 1196 4914 usqne
1218 4842 1415 4898 Pentecosten:
1432 4858 1484 4914 per
1502 4845 1687 4914 quinquennii
1704 4858 1767 4900 nero

58 4939 91 4995 in
105 4937 238 4995 ecclesiis
253 4943 390 5009 statuere,
413 4938 472 4994 nisi
493 4937 544 5010 qui
564 4943 593 4994 et
607 4937 765 4995 sacerdotis
784 4936 891 5009 gradus
945 4941 1047 5006 tempas
1059 4932 1237 4989 merentium
1246 4933 1351 4987 intrare
1361 4946 1416 4987 non
1422 4937 1582 5002 presumat,
1593 4949 1679 5005 neque
1691 4950 1767 4991 com-

58 5028 144 5086 licite
156 5026 224 5084 dare
236 5034 366 5100 possunt,
380 5030 410 5083 et
423 5027 560 5084 canonice
574 5028 609 5085 de
624 5027 761 5099 neglectis
779 5024 892 5097 presby.
944 5026 1061 5080 mnnieet
1074 5026 1157 5089 :unte
1170 5022 1243 5088 tores
1261 5021 1377 5076 ecelesiae
1395 5024 1502 5077 tontum
1519 5027 1682 5093 perseueret,
1702 5025 1768 5080 dnm

59 5123 140 5176 leros
155 5116 324 5188 increpare:
344 5117 392 5173 sed
406 5116 441 5173 ab
457 5116 505 5173 bis
518 5115 720 5173 venerabiliter
731 5115 892 5172 sacerdotes
946 5128 1024 5168 soero
1033 5111 1204 5167 eelebrontnr
1213 5111 1314 5180 oppeto
1328 5109 1395 5166 dum
1403 5112 1621 5183 autumnumque
1631 5127 1767 5168 annornm

59 5207 95 5265 ad
112 5205 208 5263 divini
224 5205 418 5263 ministerium
438 5204 527 5263 offleii
546 5209 715 5277 expetantur
736 5203 891 5276 episcopis,
945 5205 1051 5271 pterim
1061 5201 1212 5273 adimpleto
1228 5201 1377 5264 cuniculo,
1390 5201 1564 5270 ingredietur·
1580 5203 1725 5262 ecebolum,
1740 5203 1767 5254 et

60 5294 173 5368 quibus
187 5295 375 5368 singulariter
387 5299 416 5353 et
426 5296 565 5353 diaeceses
575 5296 728 5367 pertinent,
742 5293 833 5364 etqui
848 5305 893 5354 ca.
945 5293 1167 5350 interaudientes
1177 5295 1296 5347 stetcnm
1310 5292 1384 5345 omni
1398 5292 1587 5362 timoremque
1603 5287 1764 5344 obedientie.

62 5384 282 5443 nonicedebent
293 5385 366 5458 ipsis
378 5384 521 5442 ecclesiis
540 5382 698 5456 providere,
713 5387 742 5440 et
762 5381 892 5454 provisas
945 5381 1250 5439 bnmoeroodonnum
1259 5381 1414 5451 penenmn
1428 5380 1562 5441 muman,
1572 5379 1673 5432 sancte
1690 5388 1766 5430 com-

61 5473 210 5533 ordinare.
946 5472 1084 5528 munionis
1095 5484 1203 5527 consors
1215 5471 1326 5534 emittet,
1340 5474 1365 5525 et
1378 5471 1451 5525 inter
1462 5466 1583 5538 fidelium
1602 5463 1766 5519 comortium

99 5564 261 5624 eredimus
270 5560 401 5638 pontifex
410 5563 442 5624 in
452 5560 903 5638 prnototasyrooonnaotauun
947 5561 1100 5620 momatur·
1119 5575 1182 5618 nero
1207 5560 1465 5617 ontemnstitntnm
1486 5557 1591 5626 ιιιιριιι
1612 5552 1677 5626 pois
1703 5552 1767 5614 vita
