3876 6090
111 235 165 295 lat
732 235 910 292 anasnnsn
935 234 1204 294 ulbtloltiecnltll

111 363 170 419 rice
179 359 348 431 collaudari,
360 361 404 419 vel
420 361 451 417 in
465 361 588 433 imagine
603 360 785 418 lineamentis
797 361 931 433 depingi:
949 355 979 415 Α
991 363 1097 418 tionem
1118 365 1283 434 passionum
1296 366 1369 436 ejus,
1388 365 1662 436 insipientissimum
1678 368 1722 422 est

111 453 158 509 sed
172 451 206 507 ad
218 451 372 507 utilitatem
384 453 509 506 nostram
523 450 585 521 boc,
598 449 684 506 sicuti
698 450 864 520 pradictum
880 454 934 515 est,
990 451 1126 521 operibus
1144 465 1265 524 namque
1294 453 1363 509 tides
1390 459 1501 509 mortua
1519 457 1562 509 est
1580 450 1647 523 (lac.
1674 452 1716 522 ιι).

112 540 242 597 iacimus.
251 540 833 610 Noneuimtantumpassioncssanctorum
842 539 933 594 nosad
990 540 1066 595 enim
1086 541 1246 614 evangelice
1259 542 1414 598 Dominus:
1429 543 1489 598 Non
1499 543 1585 596 omnis
1597 544 1646 611 qni
1658 541 1725 596 dicit

111 626 935 699 salutemnostramerudiunt,sedipsaconscriptiopassio
989 631 1111 691 Domine,
1139 632 1260 700 bomine,
1283 631 1399 685 intrabit
1423 632 1453 684 in
1476 646 1590 697 regnam
1614 630 1725 685 calmae

112 715 933 788 numipsorumetiamperimaginalempicturamostensa,
990 719 1039 785 qui
1068 720 1137 785 (aab
1164 719 1330 773 volantatem
1354 719 1446 773 Patris
1473 720 1526 772 mei
1552 720 1601 787 qai
1627 720 1658 773 in
1680 717 1725 772 cat

111 805 594 862 similiteretanniversariaeorum
607 805 751 860 memoria.
762 805 850 862 Totus
858 803 934 858 enim
990 802 1095 876 (blattis.
1114 806 1174 881 vn).
1197 806 1298 863 Adbuc
1312 813 1407 864 autem
1422 805 1626 879 subjungentes
1649 820 1725 878 prop

111 895 252 965 mamonis
275 895 368 966 stylus
388 893 465 950 bunc
494 906 607 950 sensum
637 892 824 963 commendat,
849 898 877 947 et
899 891 934 946 ad
991 901 1019 948 et
1032 893 1117 950 aliam
1135 895 1329 965 probationem
1345 895 1392 951 bis
1406 909 1468 967 quae
1482 895 1640 951 dictasunt
1652 894 1722 952 redd

111 983 324 1041 subversionem
354 981 560 1040 venerabilium
588 981 745 1054 imaginum
772 979 937 1036 nullatenus
991 983 1078 1039 litoris
1101 989 1144 1040 est
1162 984 1270 1040 sanctis
1293 983 1426 1040 Patribus
1448 983 1555 1040 nostris
1586 985 1637 1055 qni
1664 983 1725 1042 sala

110 1073 197 1129 estid
214 1071 289 1142 quod
302 1083 318 1126 a
330 1071 412 1127 Patre
426 1070 536 1126 dictum
548 1073 600 1125 est.
616 1071 713 1140 Neque
724 1068 800 1124 enim
814 1066 937 1124 oblocu-
992 1070 1075 1127 nobis
1089 1072 1138 1127 Dei
1154 1072 1328 1128 voluntatem
1343 1072 1553 1143 disseruerunt,
1570 1073 1681 1143 prolixe
1699 1085 1725 1129 m

110 1159 354 1229 tionemaliquam
368 1157 505 1215 adversus
519 1156 585 1214 illas
597 1155 676 1213 iacit.
687 1158 756 1212 Nam
772 1155 933 1213 etsidicit:
992 1172 1086 1223 torum
1106 1173 1158 1216 nos
1173 1159 1250 1216 dicta
1261 1160 1371 1231 docere,
1383 1166 1411 1215 et
1423 1160 1456 1215 ad
1474 1160 1649 1232 mandatnm,
1665 1159 1725 1232 deq

110 1252 172 1306 Non
194 1247 340 1306 coloribus
367 1248 397 1304 in
414 1246 522 1304 tabulis
542 1259 659 1303 carneas
681 1260 779 1304 eorum
801 1259 936 1316 persoms
992 1245 1115 1303 intentio
1129 1251 1182 1317 est,
1199 1247 1339 1303 moderari
1351 1247 1510 1317 audientes,
1524 1248 1575 1303 boc
1589 1246 1725 1303 annuntia

111 1334 460 1413 [iacies]curaenobisest
473 1336 596 1407 figurare
608 1334 935 1405 :propterintcntionem
992 1335 1099 1392 celsum
1119 1349 1180 1391 esse
1200 1341 1228 1391 et
1251 1338 1359 1406 maius:
1380 1341 1411 1392 ut
1427 1340 1562 1408 tanquam
1582 1335 1725 1392 aneborau

110 1427 230 1483 virtutis
244 1426 303 1482 bec
320 1425 357 1482 ab
370 1425 490 1481 eodicta
513 1428 598 1495 sunt,
612 1421 757 1480 subinfert
769 1413 863 1479 eni'm:
887 1423 933 1479 sod
993 1429 1048 1480 tam
1066 1424 1094 1480 id
1114 1423 1258 1481 babentes.
1276 1439 1326 1481 nec
1348 1426 1424 1481 circa
1442 1425 1552 1496 reliqna
1574 1424 1725 1497 negligent

112 1516 351 1573 conversationem
374 1528 472 1571 eorum
491 1527 540 1583 per
560 1512 695 1570 virtutem
717 1511 836 1568 imitari.
856 1512 937 1569 Curae
994 1526 1066 1568 mus.
1084 1513 1171 1569 Porro
1185 1513 1378 1583 prolixitatem
1395 1513 1527 1583 vitantes,
1541 1513 1696 1584 pluresque
1705 1513 1725 1570 sl

113 1605 219 1675 quippe
236 1602 320 1661 nobis
333 1607 376 1660 est
387 1602 510 1659 virtutes
522 1601 661 1658 bonorum
673 1600 800 1657 virorum
819 1601 936 1673 eligere,
995 1607 1205 1671 praetereuntes,
1231 1601 1374 1658 Asterium
1393 1601 1559 1658 amasinum
1577 1603 1606 1657 in
1621 1601 1725 1659 modim

113 1697 231 1749 etaclus
243 1705 342 1750 eorum
360 1690 481 1754 imitari,
492 1695 577 1762 atque
591 1689 833 1746 conversationem
855 1690 937 1761 ipso-
952 1670 979 1734 Β
993 1689 1142 1745 ducamus.
1159 1689 1269 1745 Etenim
1296 1690 1325 1745 in
1343 1691 1479 1746 lazarum
1499 1695 1527 1746 ιι
1551 1691 1580 1746 in
1601 1689 1723 1747 divitem

113 1795 177 1838 rum
189 1780 328 1837 emulari.
343 1781 479 1836 Praeterea
490 1779 593 1849 templa
603 1779 668 1834 istis
677 1778 786 1849 iugiter
794 1777 937 1849 dedicare,
994 1777 1123 1834 scribens
1132 1791 1300 1844 sermonem,
1313 1776 1457 1848 quoddam
1470 1777 1586 1836 verbum
1598 1777 1634 1833 de
1648 1790 1725 1849 paup

113 1874 165 1927 aut
179 1869 209 1925 in
224 1868 347 1941 imagine
362 1867 433 1925 istos
443 1867 562 1940 erigere,
575 1865 641 1924 illos
656 1865 706 1936 qul
716 1865 851 1922 virtutem
865 1867 939 1936 ipso
995 1865 1178 1944 [sententiam
1201 1866 1351 1936 quamdam
1375 1866 1462 1923 latins
1478 1866 1647 1938 explicatam
1667 1865 1725 1938 dep

114 1972 178 2015 rum
200 1959 395 2025 contemnunt,
424 1969 480 2012 non
503 1959 546 2012 est
569 1953 722 2011 laudabile.
747 1955 834 2012 Nemo
856 1955 939 2026 plain
993 1955 1104 2013 alendis
1125 1960 1154 2011 ιι
1167 1959 1265 2011 ιιιιιι
1286 1955 1392 2011 divites
1411 1956 1534 2025 dictans,
1560 1956 1696 2012 admonet
1720 1974 1725 2010 t

114 2046 284 2115 laudaverit,
306 2045 331 2103 si
348 2045 454 2101 viderit
469 2044 612 2101 bominem
633 2043 756 2100 virtutes
774 2048 939 2101 sanctorum
994 2047 1177 2117 eleemosyna
1194 2042 1306 2100 tructus
1330 2044 1457 2115 reddere,
1476 2049 1504 2100 et
1526 2058 1581 2100 non
1606 2044 1725 2114 splendlt

115 2135 375 2207 parvipendentem,
396 2133 432 2190 de
451 2132 499 2189 die
527 2133 557 2188 in
572 2132 649 2188 diem
676 2133 777 2188 borum
801 2132 939 2204 imagines
995 2136 1071 2191 clare
1095 2133 1231 2191 mollibus
1255 2132 1434 2190 vestimentis
1448 2134 1569 2190 amictos
1588 2147 1667 2204 esse3
1686 2137 1715 2191 et

114 2224 356 2282 commendantem
376 2219 559 2293 [dicantem],
579 2220 623 2276 vel
642 2220 747 2291 templa
769 2219 859 2277 multa
879 2221 941 2276 eri·
995 2224 1078 2281 ducit
1099 2222 1234 2280 moralem
1262 2223 1410 2294 quemdam
1439 2237 1596 2279 sermonem
1627 2222 1662 2278 ad
1685 2236 1725 2294 qu

116 2319 236 2387 gentem,
252 2317 303 2369 aut
316 2323 382 2368 vasa
399 2324 478 2366 sacra
501 2314 668 2381 patrantem,
693 2315 721 2365 et
742 2323 826 2367 suum
846 2309 941 2380 ipsius
997 2312 1202 2385 religiosiores,
1219 2311 1318 2367 invita
1337 2312 1456 2367 divitias
1473 2308 1684 2385 [religiosioris
1697 2309 1725 2365 vi

116 2401 376 2473 templumdeitlcis
407 2398 565 2456 virtutibus
587 2412 644 2455 non
670 2400 864 2456 adornantem.
893 2399 943 2455 llit
997 2401 1163 2472 ambientes,
1179 2400 1331 2472 perhibens
1346 2400 1401 2456 ita:
1419 2399 1483 2457 Noli
1499 2400 1615 2472 pingere
1633 2400 1725 2456 Cbrlst

116 2492 192 2549 enim
207 2493 282 2547 Deus
297 2503 347 2560 per
359 2489 462 2545 lsaiam
478 2488 642 2558 prophetam
657 2489 691 2543 ad
708 2488 816 2559 eosqui
837 2488 943 2557 bajus-
996 2490 1185 2561 vestimentis,
1204 2490 1252 2546 sed
1275 2489 1372 2559 potius
1385 2489 1486 2546 borum
1502 2493 1635 2558 sumptus
1650 2502 1725 2560 paup

117 2579 226 2636 cemodi
245 2583 343 2634 erant:
367 2578 399 2632 Si
412 2578 561 2632 obtuleritis
581 2577 649 2630 mibi
668 2576 797 2639 similam,
818 2591 941 2631 vanam:
997 2592 1091 2651 eroga.
1103 2577 1725 2634 ilcdeindevolensrecideredivltiarumcu

118 2669 180 2724 ibas
198 2668 363 2722 abominatio
377 2667 446 2720 mibi
459 2671 507 2720 cst.
531 2667 567 2720 Ει
580 2681 641 2720 cum
654 2680 752 2720 manns
765 2669 869 2720 oestrus
891 2681 944 2720 ea>-
998 2673 1064 2737 tem,
1081 2665 1240 2723 subinfert:
1257 2665 1366 2722 Subicit
1378 2667 1454 2722 enirn
1470 2666 1496 2722 ei
1509 2681 1565 2723 una
1581 2667 1725 2736 incorpora

118 2757 258 2813 tendentis
271 2755 309 2810 ad
322 2771 373 2818 me,
399 2758 520 2809 anetam
539 2753 629 2808 οιιιὶοι
644 2768 715 2808 meos
730 2771 747 2808 a
765 2753 859 2809 vobisc
880 2758 906 2809 et
919 2755 944 2809 si
999 2755 1166 2812 humilitas:
1181 2756 1209 2811 id
1222 2760 1275 2826 est,
1292 2769 1347 2811 non
1361 2755 1452 2825 placet
1464 2755 1578 2812 Christo
1591 2758 1648 2812 Deo
1663 2757 1725 2812 nost

118 2845 364 2916 multiplicaveritis
388 2844 600 2913 demetationcm
624 2847 752 2905 cosmam,
772 2857 827 2897 non
853 2858 945 2897 caan·
1000 2846 1172 2902 mundialem
1193 2843 1315 2901 favorem
1330 2851 1358 2900 ιι
1378 2845 1528 2900 avaritiam
1547 2845 1725 2900 demonstrat

119 2930 719 3003 diameosSedquidiacietisllaoamini,
742 2931 942 2995 mendicitate,
999 2934 1176 3006 pensatiouis
1201 2948 1260 2990 suae
1284 2934 1426 3004 mysteria.
1452 2935 1549 3004 Neque
1574 2933 1650 2988 enim
1678 2932 1725 3004 piu

118 3027 223 3093 aurete
234 3023 309 3077 maia
320 3022 355 3076 ab
366 3021 511 3076 animabus
524 3022 620 3075 nestris
641 3022 671 3074 in
683 3024 825 3089 conspectu
848 3022 944 3075 aenio-
958 2997 983 3061 G
998 3022 1040 3079 vel
1062 3027 1208 3092 acceptum
1223 3022 1253 3076 in
1276 3026 1429 3092 conspectu
1451 3022 1524 3091 ejus,
1546 3026 1725 3091 propterera

117 3129 180 3168 anm
200 3111 477 3180 meornmzqniescite
490 3125 508 3163 a
521 3108 601 3163 malis
625 3110 731 3171 uestra,
756 3109 852 3163 discite
879 3109 943 3164 benc
998 3125 1060 3169 cam
1078 3109 1384 3180 commemorationem,
1402 3110 1548 3165 materiam
1567 3108 1725 3165 divitiarum

120 3206 230 3272 lacae:
245 3201 357 3271 quarite
372 3199 521 3268 judicium,
537 3197 649 3253 liberate
672 3213 840 3267 oppressam,
857 3197 945 3266 judi·
998 3199 1143 3256 saurizare
1159 3197 1194 3255 ad
1217 3198 1394 3254 excusandas
1411 3198 1618 3269 excusationes,
1632 3198 1662 3252 in
1690 3210 1725 3268 pe

120 3295 178 3347 cate
195 3290 343 3362 papillam,
360 3288 511 3357 justificate
535 3287 648 3341 etiamn
667 3284 732 3356 (lso.
749 3284 945 3358 ⁴1,sec.ItXX.)
999 3287 1174 3358 pauperibus
1197 3286 1367 3356 contemptis
1387 3285 1585 3358 indigentibus
1607 3299 1725 3357 panum,

119 3383 194 3454 Ergo
215 3393 279 3436 cum
291 3379 345 3434 ista
357 3376 574 3447 correxerimus,
599 3380 667 3433 tnnc
685 3382 713 3432 et
736 3390 768 3431 ea
783 3389 847 3448 qum
861 3388 877 3431 a
890 3389 946 3432 no-
1001 3377 1120 3448 privatis
1131 3376 1308 3433 indumentis
1322 3381 1351 3432 et
1365 3376 1544 3447 tegumentis.
1563 3376 1620 3430 lloc
1634 3375 1714 3431 enim

120 3469 167 3527 bis
176 3469 345 3535 oderantur,
356 3465 430 3537 apud
448 3467 536 3522 Deum
556 3470 670 3533 accepta
684 3471 778 3535 erunt,
797 3465 856 3521 sive
876 3477 947 3520 san-
1001 3468 1058 3538 tim,
1078 3473 1106 3522 et
1121 3479 1176 3523 uon
1198 3465 1314 3536 pietatis
1333 3470 1376 3521 est
1396 3466 1552 3536 proprium.
1576 3464 1658 3520 Sicut
1670 3463 1725 3520 ιιιι,

121 3564 166 3614 ιιι
178 3557 292 3629 templa,
314 3556 373 3611 sive
385 3558 494 3610 sacrata
517 3567 593 3623 vasa,
608 3553 668 3608 sive
681 3551 856 3608 venerabiles
870 3551 947 3607 ima·
999 3562 1043 3612 cst
1056 3553 1257 3612 communicati
1293 3552 1368 3610 lucis
1386 3553 1420 3608 ad
1441 3552 1581 3624 tenebras,
1596 3565 1725 3624 nequep

122 3648 203 3720 gines
223 3646 291 3702 siut.
315 3644 362 3699 Sic
385 3655 451 3714 ergo
465 3644 563 3711 aptum
585 3645 638 3711 est,
652 3640 687 3696 ad
704 3640 869 3696 memoriam
884 3651 948 3696 san·
1001 3643 1079 3714 patio
1095 3642 1217 3712 justitiae
1241 3646 1269 3699 et
1290 3642 1461 3714 iniquitati:
1489 3641 1528 3696 ita
1544 3654 1635 3711 neque
1654 3640 1725 3697 divit

121 3742 233 3792 ciorum
255 3746 311 3788 non
323 3731 445 3786 virtutes
462 3729 572 3785 borum.
590 3728 746 3784 meandum
769 3728 844 3799 quod
858 3729 947 3797 possi·
1000 3731 1272 3802 concupiscentiaet
1291 3730 1421 3787 mollium
1441 3730 1674 3786 vestimentorum
1691 3741 1725 3785 an

122 3825 180 3881 bile
193 3821 289 3892 luerit,
307 3819 414 3875 imitari
430 3817 504 3890 [dr.,
520 3816 642 3890 diligere
655 3817 827 3887 etimitaril.
847 3818 947 3888 llarty-
999 3820 1034 3877 ad
1051 3820 1241 3892 evangelicam
1252 3818 1370 3875 formam
1381 3824 1467 3890 atque
1483 3818 1645 3874 historiam.
1664 3819 1725 3875 llaec

123 3924 186 3970 rum
212 3910 288 3967 enim
310 3907 438 3964 laudatio
466 3912 517 3978 est,
544 3904 727 3962 collectorum
747 3906 782 3962 ad
810 3905 944 3961 virtutem
998 3908 1224 3980 dispensationis
1248 3909 1363 3979 quidem
1394 3908 1560 3964 relationem
1585 3905 1725 3963 aliatimt

123 3998 258 4068 hortatio,
283 3997 359 4053 sicut
382 4008 501 4068 magnus
522 3994 565 4050 ait
589 3994 714 4051 Basilius
734 3995 763 4050 in
787 3993 945 4051 moralibus
1000 3998 1029 4054 in
1051 3997 1171 4054 salutem
1196 3998 1319 4053 ducens:
1342 3996 1393 4053 illa
1407 4010 1473 4052 vero
1498 3996 1601 4052 misera
1624 3995 1723 4053 dennn

123 4085 304 4146 sermonibus
315 4083 425 4156 suis(in
439 4081 472 4140 lo
485 4083 580 4158 Mart.)
591 4083 661 4141 Cum
673 4084 720 4139 bis
734 4088 838 4152 autem,
855 4083 943 4141 sicuti
998 4087 1040 4145 uti
1062 4085 1203 4143 cruciatui
1228 4084 1361 4154 obnoxia,
1384 4084 1622 4156 quemadmodum
1642 4082 1725 4143 Jacob

122 4176 231 4233 dictum
250 4179 302 4246 est,
320 4174 405 4231 etiam
423 4172 527 4243 templa
546 4172 664 4245 erigere,
685 4175 714 4228 ιι
729 4172 868 4245 imagines
889 4170 945 4229 ior·
998 4175 1112 4232 Domini
1132 4174 1232 4230 irater:
1249 4175 1350 4229 divites
1368 4174 1640 4243 marcianistarum
1659 4175 1725 4228 ina

122 4279 208 4337 mare,
224 4268 252 4322 et
268 4277 348 4321 sacra
361 4276 427 4320 vasa
445 4263 503 4320 Deo
516 4261 626 4332 ollerre,
643 4261 726 4320 laude
740 4262 859 4334 dignum
881 4268 943 4319 est:
999 4280 1058 4334 qna
1069 4262 1304 4318 aduenientoobis.
1315 4263 1725 4331 biottiaoestrapatresactas

121 4359 233 4426 oportet
246 4355 362 4411 enimet
379 4351 438 4409 baea
451 4350 552 4420 facere,
570 4355 598 4407 ιι
616 4350 667 4406 illu
680 4364 735 4407 non
754 4351 895 4422 omittere,
914 4357 984 4418 utI)
998 4355 1155 4407 uestimenta
1166 4357 1256 4406 uestra
1275 4368 1293 4404 a
1309 4352 1389 4406 tineis
1399 4355 1512 4405 comesta
1527 4354 1591 4405 sani
1603 4365 1610 4403 :
1624 4365 1725 4406 cumen

121 4458 205 4501 verus
217 4458 310 4501 sermo
329 4456 381 4499 nos
393 4443 484 4499 docet.
507 4442 569 4497 Non
581 4440 657 4496 enim
680 4440 746 4511 quis
766 4441 866 4512 utique
881 4441 944 4496 vir·
997 4446 1230 4511 gentumoestram
1239 4442 1411 4509 aeruginavit,
1423 4444 1545 4507 etaraqo
1555 4440 1725 4495 intestinum

121 4539 210 4591 tutem
221 4533 369 4605 acquirere
380 4529 493 4602 poterit,
511 4529 569 4585 nisi
585 4528 615 4584 in
629 4529 715 4585 atriis
725 4529 840 4586 Domini
850 4543 944 4586 assae
999 4532 1039 4587 bis
1059 4533 1111 4586 crit
1132 4530 1198 4602 (luc.
1224 4531 1259 4603 v).
1276 4530 1377 4602 lgitnr,
1403 4528 1490 4585 sicuti
1518 4528 1627 4585 dictum
1649 4532 1704 4601 est,

121 4626 190 4692 scat,
204 4628 233 4679 et
245 4635 293 4693 per
305 4619 454 4677 lectionem
475 4617 575 4674 divina
591 4616 705 4689 eloquia
724 4618 833 4688 audiat,
846 4622 875 4674 et
895 4632 944 4689 per
998 4634 1062 4692 quae
1076 4623 1190 4691 propter
1203 4620 1354 4675 avaritiam
1371 4617 1528 4674 factasunt
1544 4617 1573 4672 in
1589 4617 1708 4681 mundo,

121 4713 259 4769 visionem
269 4710 392 4766 ducatur
403 4706 438 4763 ad
450 4720 564 4763 sensum
576 4707 871 4780 tamevaugelicarum
883 4721 947 4763 nar.
1000 4708 1092 4766 ibunt.
1115 4707 1254 4764 Possibile
1278 4707 1361 4763 nobis
1375 4711 1418 4762 est
1440 4719 1489 4777 per
1504 4706 1643 4762 modicam
1668 4706 1725 4778 imp

121 4801 265 4858 rationum
280 4803 307 4855 ιι
318 4795 552 4869 disciplinarum,
565 4801 592 4852 et
603 4796 820 4867 martyricarum
831 4796 944 4853 relatio
1000 4798 1102 4855 babere
1114 4797 1249 4854 alimenta
1268 4801 1296 4852 et
1309 4797 1474 4852 indumenta
1487 4801 1515 4851 et
1529 4795 1718 4866 operimenta,

120 4885 942 4959 numatquecertaminumlnomniautemtempore,loco,
999 4902 1060 4945 esse
1073 4891 1230 4945 contentos.
1244 4886 1390 4957 Quidquid
1407 4885 1483 4943 enim
1494 4899 1551 4941 non
1567 4890 1685 4956 propter
1697 4900 1725 4943 nt

120 4981 270 5047 momento,
282 4979 310 5031 et
321 4972 755 5044 boravirtutibusdareoperam
768 4986 944 5042 pernecessa-
998 4981 1093 5046 tatem,
1112 4975 1159 5031 scd
1181 4980 1295 5045 propter
1313 4974 1522 5045 speciositatem
1535 4973 1711 5045 assumitur,

121 5067 196 5123 rium
222 5068 283 5121 est:
307 5065 375 5136 quia
396 5064 426 5119 in
448 5061 631 5134 passionibus
651 5061 759 5117 Cbristi
784 5075 894 5132 semper
915 5068 943 5120 et
998 5065 1066 5120 tatis
1083 5064 1168 5120 babet
1187 5064 1407 5133 accusationem,
1437 5068 1468 5118 ut
1488 5063 1607 5119 divinus
1625 5063 1670 5119 ait
1688 5063 1725 5121 Ba

120 5154 257 5212 continuo
268 5153 429 5209 conversari
444 5166 555 5209 necesse
573 5157 626 5215 est,
640 5157 668 5206 et
694 5149 941 5208 mortificationem
995 5154 1126 5211 Contenti
1141 5168 1207 5225 ergo
1227 5154 1319 5210 simus
1338 5153 1384 5208 bis
1402 5166 1523 5223 quorum
1540 5165 1669 5223 egemus,
1689 5158 1718 5210 et

120 5245 182 5313 ejus
195 5243 225 5299 in
236 5256 353 5314 corpore
365 5246 461 5299 nostro
470 5238 654 5297 circumferre
666 5257 673 5310 3
684 5243 712 5295 et
724 5238 942 5313 bocdiligenter
996 5242 1171 5314 pauperibus
1186 5242 1359 5299 sufficienter
1370 5242 1479 5313 demus,
1491 5246 1519 5297 ιι
1533 5255 1649 5297 manum
1663 5241 1725 5299 illle

121 5331 211 5388 iacere
233 5330 412 5388 commodum
431 5336 489 5386 est:
513 5328 678 5385 conciliatio
699 5328 775 5384 enim
795 5333 838 5387 est
860 5333 939 5404 regni
996 5346 1105 5405 gamus,
1132 5337 1163 5387 ut
1186 5336 1214 5387 et
1228 5331 1342 5387 bomini
1369 5344 1464 5386 vocem
1485 5330 1639 5387 audiamus
1661 5331 1725 5389 dice

120 5422 265 5478 caelorum.
280 5422 367 5478 Porro
388 5418 492 5476 multas
508 5431 607 5474 cruces
624 5431 740 5476 exarare
765 5420 795 5476 in
816 5421 941 5478 unado-
994 5422 1071 5476 Beati
1085 5420 1280 5482 misericordes,
1302 5421 1430 5490 qnoniam
1448 5421 1502 5490 ipsi
1521 5419 1725 5476 ruscncordiaa

121 5510 266 5582 muricula,
282 5514 311 5568 et
325 5511 502 5568 mntemnere
514 5507 645 5565 mandata
656 5509 774 5583 Christi,
792 5513 821 5568 et
839 5510 941 5567 imita·
994 5515 1139 5581 sequentur
1161 5508 1266 5581 (blatta.
1297 5510 1343 5582 v);
1363 5512 1408 5565 et:
1434 5507 1562 5574 Qnandin
1591 5510 1700 5577 fecistis
1722 5526 1725 5559 ι
