<?xml version="1.0" encoding="UTF-8"?>
<!DOCTYPE html PUBLIC "-//W3C//DTD XHTML 1.0 Transitional//EN"
    "http://www.w3.org/TR/xhtml1/DTD/xhtml1-transitional.dtd">
<html xmlns="http://www.w3.org/1999/xhtml" xml:lang="en" lang="en">
 <head>
  <title>
</title>
<meta http-equiv="Content-Type" content="text/html;charset=utf-8" />
  <meta name='ocr-system' content='tesseract 3.04.00' />
  <meta name='ocr-capabilities' content='ocr_page ocr_carea ocr_par ocr_line ocrx_word'/>
</head>
<body>
  <div class='ocr_page' id='page_1' title='image "./patrologiaecurs06migngoog_0474.png"; bbox 0 0 3876 6090; ppageno 0'>
   <div class='ocr_carea' id='block_1_1' title="bbox 52 231 1767 332">
    <p class='ocr_par' dir='ltr' id='par_1_1' title="bbox 52 231 1767 332">
     <span class='ocr_line' id='line_1_1' title="bbox 52 231 1767 332; baseline 0.006 -10"><span class='ocrx_word' id='word_1_1' title='bbox 52 261 113 323; x_wconf 79' lang='lat'><strong>937</strong></span> <span class='ocrx_word' id='word_1_2' title='bbox 566 269 795 329; x_wconf 76' lang='lat' dir='ltr'><strong>uumnrrouns</strong></span> <span class='ocrx_word' id='word_1_3' title='bbox 813 271 1132 331; x_wconf 82' lang='lat' dir='ltr'><strong>nnutennuunusns.</strong></span> <span class='ocrx_word' id='word_1_4' title='bbox 1160 276 1222 332; x_wconf 87' lang='lat' dir='ltr'><strong>un.</strong></span> <span class='ocrx_word' id='word_1_5' title='bbox 1243 231 1265 332; x_wconf 82' lang='lat' dir='ltr'><strong>r.</strong></span> <span class='ocrx_word' id='word_1_6' title='bbox 1713 273 1767 332; x_wconf 81' lang='lat' dir='ltr'><strong>aas</strong></span> 
     </span>
    </p>
   </div>
   <div class='ocr_carea' id='block_1_2' title="bbox 53 390 1773 2705">
    <p class='ocr_par' dir='ltr' id='par_1_2' title="bbox 53 390 1773 2705">
     <span class='ocr_line' id='line_1_2' title="bbox 53 390 1770 472; baseline 0.006 -23"><span class='ocrx_word' id='word_1_7' title='bbox 53 391 128 464; x_wconf 86' lang='lat' dir='ltr'><strong>qnid</strong></span> <span class='ocrx_word' id='word_1_8' title='bbox 142 390 217 449; x_wconf 91' lang='lat' dir='ltr'><strong>inibi</strong></span> <span class='ocrx_word' id='word_1_9' title='bbox 229 405 264 449; x_wconf 82' lang='lat' dir='ltr'><strong>ex</strong></span> <span class='ocrx_word' id='word_1_10' title='bbox 276 406 329 450; x_wconf 87' lang='lat' dir='ltr'><strong>suo</strong></span> <span class='ocrx_word' id='word_1_11' title='bbox 342 393 460 465; x_wconf 90' lang='lat' dir='ltr'><strong>proprio</strong></span> <span class='ocrx_word' id='word_1_12' title='bbox 473 394 604 469; x_wconf 78' lang='lat' dir='ltr'>legaliter</span> <span class='ocrx_word' id='word_1_13' title='bbox 615 397 885 456; x_wconf 87' lang='lat' dir='ltr'><strong>baberevidebatur.</strong></span> <span class='ocrx_word' id='word_1_14' title='bbox 902 393 932 455; x_wconf 86' lang='grc' dir='ltr'>Α</span> <span class='ocrx_word' id='word_1_15' title='bbox 944 396 1058 470; x_wconf 89' lang='lat' dir='ltr'><strong>Strupo,</strong></span> <span class='ocrx_word' id='word_1_16' title='bbox 1072 400 1187 471; x_wconf 89' lang='lat' dir='ltr'><strong>Sunuel,</strong></span> <span class='ocrx_word' id='word_1_17' title='bbox 1203 400 1377 472; x_wconf 79' lang='lat' dir='ltr'><strong>amalperht,</strong></span> <span class='ocrx_word' id='word_1_18' title='bbox 1398 401 1577 472; x_wconf 85' lang='lat' dir='ltr'><strong>Fridaperbt,</strong></span> <span class='ocrx_word' id='word_1_19' title='bbox 1592 401 1682 472; x_wconf 88' lang='lat' dir='ltr'><strong>lippo,</strong></span> <span class='ocrx_word' id='word_1_20' title='bbox 1699 405 1770 459; x_wconf 83' lang='lat' dir='ltr'><strong>Lan·</strong></span> 
     </span>
     <span class='ocr_line' id='line_1_3' title="bbox 56 480 1771 563; baseline 0.005 -25"><span class='ocrx_word' id='word_1_21' title='bbox 56 480 142 538; x_wconf 87' lang='lat' dir='ltr'><strong>Unde</strong></span> <span class='ocrx_word' id='word_1_22' title='bbox 152 485 182 538; x_wconf 91' lang='lat' dir='ltr'><strong>et</strong></span> <span class='ocrx_word' id='word_1_23' title='bbox 192 482 266 540; x_wconf 85' lang='lat' dir='ltr'><strong>duas</strong></span> <span class='ocrx_word' id='word_1_24' title='bbox 276 484 514 542; x_wconf 87' lang='lat' dir='ltr'><strong>commutationes</strong></span> <span class='ocrx_word' id='word_1_25' title='bbox 529 487 591 557; x_wconf 92' lang='lat' dir='ltr'><strong>pari</strong></span> <span class='ocrx_word' id='word_1_26' title='bbox 602 493 699 544; x_wconf 91' lang='lat' dir='ltr'><strong>tenore</strong></span> <span class='ocrx_word' id='word_1_27' title='bbox 711 487 888 558; x_wconf 86' lang='lat' dir='ltr'><strong>conscriptus</strong></span> <span class='ocrx_word' id='word_1_28' title='bbox 944 486 1014 558; x_wconf 91' lang='lat' dir='ltr'><strong>trib,</strong></span> <span class='ocrx_word' id='word_1_29' title='bbox 1030 490 1177 560; x_wconf 86' lang='lat' dir='ltr'><strong>Gomarib,</strong></span> <span class='ocrx_word' id='word_1_30' title='bbox 1189 488 1356 561; x_wconf 75' lang='lat' dir='ltr'><strong>adalperht,</strong></span> <span class='ocrx_word' id='word_1_31' title='bbox 1376 490 1530 561; x_wconf 91' lang='lat' dir='ltr'><strong>llodmunt,</strong></span> <span class='ocrx_word' id='word_1_32' title='bbox 1543 489 1685 563; x_wconf 87' lang='lat' dir='ltr'><strong>odolung,</strong></span> <span class='ocrx_word' id='word_1_33' title='bbox 1699 492 1771 548; x_wconf 85' lang='lat' dir='ltr'><strong>Ter-</strong></span> 
     </span>
     <span class='ocr_line' id='line_1_4' title="bbox 57 569 1773 651; baseline 0.005 -26"><span class='ocrx_word' id='word_1_34' title='bbox 57 569 90 626; x_wconf 90' lang='lat' dir='ltr'><strong>in</strong></span> <span class='ocrx_word' id='word_1_35' title='bbox 107 570 300 643; x_wconf 90' lang='lat' dir='ltr'><strong>manibusque</strong></span> <span class='ocrx_word' id='word_1_36' title='bbox 315 570 455 629; x_wconf 91' lang='lat' dir='ltr'><strong>bonorum</strong></span> <span class='ocrx_word' id='word_1_37' title='bbox 475 572 622 632; x_wconf 91' lang='lat' dir='ltr'><strong>bominum</strong></span> <span class='ocrx_word' id='word_1_38' title='bbox 646 576 795 633; x_wconf 88' lang='lat' dir='ltr'><strong>roboratas</strong></span> <span class='ocrx_word' id='word_1_39' title='bbox 814 574 889 631; x_wconf 87' lang='lat' dir='ltr'><strong>inter</strong></span> <span class='ocrx_word' id='word_1_40' title='bbox 945 576 1035 648; x_wconf 90' lang='lat' dir='ltr'><strong>piton,</strong></span> <span class='ocrx_word' id='word_1_41' title='bbox 1050 577 1212 651; x_wconf 84' lang='lat' dir='ltr'><strong>cotaperht,</strong></span> <span class='ocrx_word' id='word_1_42' title='bbox 1225 581 1289 651; x_wconf 79' lang='lat' dir='ltr'><strong>nto,</strong></span> <span class='ocrx_word' id='word_1_43' title='bbox 1305 579 1440 650; x_wconf 79' lang='lat' dir='ltr'><strong>Fastmot,</strong></span> <span class='ocrx_word' id='word_1_44' title='bbox 1455 579 1631 650; x_wconf 82' lang='lat' dir='ltr'><strong>Amalperbt,</strong></span> <span class='ocrx_word' id='word_1_45' title='bbox 1648 578 1773 634; x_wconf 83' lang='lat' dir='ltr'><strong>Erebun-</strong></span> 
     </span>
     <span class='ocr_line' id='line_1_5' title="bbox 54 658 1769 739; baseline 0.005 -24"><span class='ocrx_word' id='word_1_46' title='bbox 54 658 167 716; x_wconf 90' lang='lat' dir='ltr'><strong>sederi</strong></span> <span class='ocrx_word' id='word_1_47' title='bbox 184 665 212 716; x_wconf 94' lang='lat' dir='ltr'><strong>et</strong></span> <span class='ocrx_word' id='word_1_48' title='bbox 234 658 375 718; x_wconf 88' lang='lat' dir='ltr'><strong>aillrmare</strong></span> <span class='ocrx_word' id='word_1_49' title='bbox 396 670 583 736; x_wconf 71' lang='lat' dir='ltr'><strong>rogaverunt,</strong></span> <span class='ocrx_word' id='word_1_50' title='bbox 601 670 632 722; x_wconf 90' lang='lat' dir='ltr'><strong>ut</strong></span> <span class='ocrx_word' id='word_1_51' title='bbox 645 665 845 738; x_wconf 84' lang='lat' dir='ltr'><strong>unusquisque</strong></span> <span class='ocrx_word' id='word_1_52' title='bbox 858 664 889 721; x_wconf 91' lang='lat' dir='ltr'><strong>in</strong></span> <span class='ocrx_word' id='word_1_53' title='bbox 944 661 1013 729; x_wconf 78' lang='lat' dir='ltr'><strong>frid,</strong></span> <span class='ocrx_word' id='word_1_54' title='bbox 1026 666 1132 734; x_wconf 89' lang='lat' dir='ltr'><strong>Walto,</strong></span> <span class='ocrx_word' id='word_1_55' title='bbox 1145 668 1289 738; x_wconf 77' lang='lat' dir='ltr'><strong>bothelm,</strong></span> <span class='ocrx_word' id='word_1_56' title='bbox 1306 668 1453 732; x_wconf 88' lang='lat' dir='ltr'><strong>Waltunc,</strong></span> <span class='ocrx_word' id='word_1_57' title='bbox 1467 667 1611 738; x_wconf 82' lang='lat' dir='ltr'><strong>ddallrun,</strong></span> <span class='ocrx_word' id='word_1_58' title='bbox 1633 667 1696 739; x_wconf 77' lang='lat' dir='ltr'><strong>Alo,</strong></span> <span class='ocrx_word' id='word_1_59' title='bbox 1714 668 1769 724; x_wconf 89' lang='lat' dir='ltr'><strong>Pe-</strong></span> 
     </span>
     <span class='ocr_line' id='line_1_6' title="bbox 53 746 1771 831; baseline 0.005 -26"><span class='ocrx_word' id='word_1_60' title='bbox 53 746 192 807; x_wconf 91' lang='lat' dir='ltr'><strong>luturum</strong></span> <span class='ocrx_word' id='word_1_61' title='bbox 205 749 259 806; x_wconf 87' lang='lat' dir='ltr'><strong>boe</strong></span> <span class='ocrx_word' id='word_1_62' title='bbox 277 751 353 823; x_wconf 92' lang='lat' dir='ltr'><strong>quod</strong></span> <span class='ocrx_word' id='word_1_63' title='bbox 373 766 390 808; x_wconf 86' lang='lat' dir='ltr'><strong>a</strong></span> <span class='ocrx_word' id='word_1_64' title='bbox 403 766 470 823; x_wconf 88' lang='lat' dir='ltr'><strong>pare</strong></span> <span class='ocrx_word' id='word_1_65' title='bbox 485 769 537 811; x_wconf 92' lang='lat' dir='ltr'><strong>suo</strong></span> <span class='ocrx_word' id='word_1_66' title='bbox 551 756 672 827; x_wconf 88' lang='lat' dir='ltr'><strong>accepit,</strong></span> <span class='ocrx_word' id='word_1_67' title='bbox 687 759 790 827; x_wconf 89' lang='lat' dir='ltr'><strong>teneat,</strong></span> <span class='ocrx_word' id='word_1_68' title='bbox 803 759 890 825; x_wconf 87' lang='lat' dir='ltr'><strong>atque</strong></span> <span class='ocrx_word' id='word_1_69' title='bbox 944 753 1008 826; x_wconf 86' lang='lat' dir='ltr'><strong>tito,</strong></span> <span class='ocrx_word' id='word_1_70' title='bbox 1025 754 1153 828; x_wconf 86' lang='lat' dir='ltr'><strong>llibbolt,</strong></span> <span class='ocrx_word' id='word_1_71' title='bbox 1170 757 1311 826; x_wconf 91' lang='lat' dir='ltr'><strong>lliltimot,</strong></span> <span class='ocrx_word' id='word_1_72' title='bbox 1327 759 1485 831; x_wconf 84' lang='lat' dir='ltr'><strong>Eugilmar,</strong></span> <span class='ocrx_word' id='word_1_73' title='bbox 1509 757 1679 828; x_wconf 84' lang='lat' dir='ltr'><strong>lierdperbt,</strong></span> <span class='ocrx_word' id='word_1_74' title='bbox 1694 757 1771 813; x_wconf 90' lang='lat' dir='ltr'><strong>Irm-</strong></span> 
     </span>
     <span class='ocr_line' id='line_1_7' title="bbox 56 837 1766 920; baseline 0.004 -26"><span class='ocrx_word' id='word_1_75' title='bbox 56 837 207 910; x_wconf 89' lang='lat' dir='ltr'><strong>possideat</strong></span> <span class='ocrx_word' id='word_1_76' title='bbox 216 842 245 895; x_wconf 93' lang='lat' dir='ltr'><strong>et</strong></span> <span class='ocrx_word' id='word_1_77' title='bbox 259 837 346 896; x_wconf 85' lang='lat' dir='ltr'><strong>iaciat</strong></span> <span class='ocrx_word' id='word_1_78' title='bbox 362 840 475 913; x_wconf 80' lang='lat' dir='ltr'>exinde,</span> <span class='ocrx_word' id='word_1_79' title='bbox 488 843 631 914; x_wconf 92' lang='lat' dir='ltr'><strong>quidquid</strong></span> <span class='ocrx_word' id='word_1_80' title='bbox 645 843 703 901; x_wconf 83' lang='lat' dir='ltr'>sibi</span> <span class='ocrx_word' id='word_1_81' title='bbox 720 842 850 914; x_wconf 81' lang='lat' dir='ltr'><strong>libuerit,</strong></span> <span class='ocrx_word' id='word_1_82' title='bbox 861 846 890 899; x_wconf 92' lang='lat' dir='ltr'><strong>et</strong></span> <span class='ocrx_word' id='word_1_83' title='bbox 944 843 1141 918; x_wconf 89' lang='lat' dir='ltr'><strong>perbt,Parto,</strong></span> <span class='ocrx_word' id='word_1_84' title='bbox 1152 846 1315 920; x_wconf 88' lang='lat' dir='ltr'><strong>Perebtgoz,</strong></span> <span class='ocrx_word' id='word_1_85' title='bbox 1327 846 1471 918; x_wconf 84' lang='lat' dir='ltr'><strong>Ellinpald</strong></span> <span class='ocrx_word' id='word_1_86' title='bbox 1486 848 1587 919; x_wconf 81' lang='lat' dir='ltr'><strong>Trogo.</strong></span> <span class='ocrx_word' id='word_1_87' title='bbox 1598 846 1766 919; x_wconf 85' lang='lat' dir='ltr'><strong>lieginbart.</strong></span> 
     </span>
     <span class='ocr_line' id='line_1_8' title="bbox 56 926 1769 1008; baseline 0.005 -25"><span class='ocrx_word' id='word_1_88' title='bbox 56 926 359 987; x_wconf 89' lang='lat' dir='ltr'><strong>taliterinterensbic</strong></span> <span class='ocrx_word' id='word_1_89' title='bbox 372 930 626 1006; x_wconf 88' lang='lat' dir='ltr'><strong>inserereplacuit,</strong></span> <span class='ocrx_word' id='word_1_90' title='bbox 644 934 710 991; x_wconf 91' lang='lat' dir='ltr'><strong>utsi</strong></span> <span class='ocrx_word' id='word_1_91' title='bbox 723 931 812 991; x_wconf 89' lang='lat' dir='ltr'><strong>luerit</strong></span> <span class='ocrx_word' id='word_1_92' title='bbox 824 935 888 1004; x_wconf 90' lang='lat' dir='ltr'><strong>post</strong></span> <span class='ocrx_word' id='word_1_93' title='bbox 943 933 1021 1007; x_wconf 86' lang='lat' dir='ltr'><strong>Pige,</strong></span> <span class='ocrx_word' id='word_1_94' title='bbox 1060 936 1194 1008; x_wconf 85' lang='lat' dir='ltr'><strong>llarpold,</strong></span> <span class='ocrx_word' id='word_1_95' title='bbox 1233 936 1353 1007; x_wconf 83' lang='lat' dir='ltr'><strong>Patirili,</strong></span> <span class='ocrx_word' id='word_1_96' title='bbox 1389 937 1542 1005; x_wconf 88' lang='lat' dir='ltr'><strong>liodmuut,</strong></span> <span class='ocrx_word' id='word_1_97' title='bbox 1566 935 1769 1007; x_wconf 84' lang='lat' dir='ltr'><strong>Erebanpoldt.</strong></span> 
     </span>
     <span class='ocr_line' id='line_1_9' title="bbox 56 1015 1766 1095; baseline 0.003 -21"><span class='ocrx_word' id='word_1_98' title='bbox 56 1016 138 1076; x_wconf 88' lang='lat' dir='ltr'><strong>bunc</strong></span> <span class='ocrx_word' id='word_1_99' title='bbox 150 1018 228 1077; x_wconf 92' lang='lat' dir='ltr'><strong>diem</strong></span> <span class='ocrx_word' id='word_1_100' title='bbox 239 1018 319 1077; x_wconf 91' lang='lat' dir='ltr'><strong>ullus</strong></span> <span class='ocrx_word' id='word_1_101' title='bbox 331 1021 583 1094; x_wconf 82' lang='lat' dir='ltr'><strong>exipsis,autalia</strong></span> <span class='ocrx_word' id='word_1_102' title='bbox 592 1023 728 1095; x_wconf 82' lang='lat' dir='ltr'><strong>quelibet</strong></span> <span class='ocrx_word' id='word_1_103' title='bbox 743 1023 885 1095; x_wconf 87' lang='lat' dir='ltr'><strong>opposita,</strong></span> <span class='ocrx_word' id='word_1_104' title='bbox 941 1020 1044 1079; x_wconf 83' lang='lat' dir='ltr'><strong>dotum</strong></span> <span class='ocrx_word' id='word_1_105' title='bbox 1065 1028 1109 1081; x_wconf 88' lang='lat' dir='ltr'><strong>est</strong></span> <span class='ocrx_word' id='word_1_106' title='bbox 1131 1015 1188 1082; x_wconf 62' lang='lat' dir='ltr'><strong>&#39;boc</strong></span> <span class='ocrx_word' id='word_1_107' title='bbox 1212 1039 1287 1085; x_wconf 90' lang='lat' dir='ltr'><strong>anno</strong></span> <span class='ocrx_word' id='word_1_108' title='bbox 1312 1025 1651 1084; x_wconf 86' lang='lat' dir='ltr'><strong>incarnationisbomini</strong></span> <span class='ocrx_word' id='word_1_109' title='bbox 1677 1023 1766 1083; x_wconf 83' lang='lat' dir='ltr'><strong>nostri</strong></span> 
     </span>
     <span class='ocr_line' id='line_1_10' title="bbox 55 1110 1763 1186; baseline 0 -17"><span class='ocrx_word' id='word_1_110' title='bbox 55 1111 110 1167; x_wconf 85' lang='lat' dir='ltr'><strong>aut</strong></span> <span class='ocrx_word' id='word_1_111' title='bbox 123 1116 231 1167; x_wconf 81' lang='lat' dir='ltr'><strong>emissa</strong></span> <span class='ocrx_word' id='word_1_112' title='bbox 245 1124 296 1168; x_wconf 83' lang='lat' dir='ltr'><strong>seu</strong></span> <span class='ocrx_word' id='word_1_113' title='bbox 312 1111 465 1186; x_wconf 83' lang='lat' dir='ltr'><strong>subrogata</strong></span> <span class='ocrx_word' id='word_1_114' title='bbox 479 1126 599 1184; x_wconf 90' lang='lat' dir='ltr'><strong>persona</strong></span> <span class='ocrx_word' id='word_1_115' title='bbox 614 1127 677 1185; x_wconf 87' lang='lat' dir='ltr'><strong>quae</strong></span> <span class='ocrx_word' id='word_1_116' title='bbox 692 1119 792 1171; x_wconf 87' lang='lat' dir='ltr'><strong>contra</strong></span> <span class='ocrx_word' id='word_1_117' title='bbox 814 1113 887 1171; x_wconf 90' lang='lat' dir='ltr'><strong>banc</strong></span> <span class='ocrx_word' id='word_1_118' title='bbox 940 1110 1007 1168; x_wconf 84' lang='lat' dir='ltr'><strong>iesu</strong></span> <span class='ocrx_word' id='word_1_119' title='bbox 1018 1111 1126 1169; x_wconf 81' lang='lat' dir='ltr'><strong>Christi</strong></span> <span class='ocrx_word' id='word_1_120' title='bbox 1136 1111 1199 1186; x_wconf 84' lang='lat'><strong>866,</strong></span> <span class='ocrx_word' id='word_1_121' title='bbox 1211 1114 1240 1170; x_wconf 90' lang='lat' dir='ltr'><strong>in</strong></span> <span class='ocrx_word' id='word_1_122' title='bbox 1250 1114 1312 1172; x_wconf 88' lang='lat' dir='ltr'><strong>loeo</strong></span> <span class='ocrx_word' id='word_1_123' title='bbox 1323 1115 1373 1186; x_wconf 94' lang='lat' dir='ltr'><strong>qui</strong></span> <span class='ocrx_word' id='word_1_124' title='bbox 1383 1117 1567 1186; x_wconf 89' lang='lat' dir='ltr'><strong>nuncupatur</strong></span> <span class='ocrx_word' id='word_1_125' title='bbox 1578 1113 1763 1171; x_wconf 76' lang='lat' dir='ltr'><strong>letinchoua.</strong></span> 
     </span>
     <span class='ocr_line' id='line_1_11' title="bbox 56 1199 1731 1278; baseline 0.006 -23"><span class='ocrx_word' id='word_1_126' title='bbox 56 1199 313 1257; x_wconf 86' lang='lat' dir='ltr'><strong>commutationem</strong></span> <span class='ocrx_word' id='word_1_127' title='bbox 338 1201 375 1257; x_wconf 94' lang='lat' dir='ltr'><strong>de</strong></span> <span class='ocrx_word' id='word_1_128' title='bbox 399 1214 455 1272; x_wconf 89' lang='lat' dir='ltr'><strong>qua</strong></span> <span class='ocrx_word' id='word_1_129' title='bbox 482 1201 546 1259; x_wconf 84' lang='lat' dir='ltr'><strong>duae</strong></span> <span class='ocrx_word' id='word_1_130' title='bbox 568 1202 685 1260; x_wconf 81' lang='lat' dir='ltr'><strong>cartulae</strong></span> <span class='ocrx_word' id='word_1_131' title='bbox 711 1218 767 1260; x_wconf 93' lang='lat' dir='ltr'><strong>uno</strong></span> <span class='ocrx_word' id='word_1_132' title='bbox 789 1207 886 1261; x_wconf 91' lang='lat' dir='ltr'><strong>tenore</strong></span> <span class='ocrx_word' id='word_1_133' title='bbox 975 1219 1039 1275; x_wconf 63' lang='lat' dir='ltr'><strong>cip,</strong></span> <span class='ocrx_word' id='word_1_134' title='bbox 1072 1220 1176 1276; x_wconf 73' lang='lat' dir='ltr'>Lxxx</span> <span class='ocrx_word' id='word_1_135' title='bbox 1197 1251 1234 1263; x_wconf 89' lang='lat'><strong>..</strong></span> <span class='ocrx_word' id='word_1_136' title='bbox 1267 1221 1443 1278; x_wconf 72' lang='lat' dir='ltr'><strong>commutatio</strong></span> <span class='ocrx_word' id='word_1_137' title='bbox 1471 1225 1543 1278; x_wconf 84' lang='lat' dir='ltr'><strong>iuter</strong></span> <span class='ocrx_word' id='word_1_138' title='bbox 1568 1224 1731 1278; x_wconf 55' lang='lat' dir='ltr'><strong>palmeum</strong></span> 
     </span>
     <span class='ocr_line' id='line_1_12' title="bbox 56 1288 1548 1364; baseline 0.003 -20"><span class='ocrx_word' id='word_1_139' title='bbox 56 1288 231 1359; x_wconf 80' lang='lat' dir='ltr'><strong>conscriptae</strong></span> <span class='ocrx_word' id='word_1_140' title='bbox 251 1302 313 1346; x_wconf 87' lang='lat' dir='ltr'><strong>esse</strong></span> <span class='ocrx_word' id='word_1_141' title='bbox 349 1289 492 1359; x_wconf 88' lang='lat' dir='ltr'><strong>videntur,</strong></span> <span class='ocrx_word' id='word_1_142' title='bbox 522 1292 618 1349; x_wconf 89' lang='lat' dir='ltr'><strong>venire</strong></span> <span class='ocrx_word' id='word_1_143' title='bbox 648 1293 810 1362; x_wconf 83' lang='lat' dir='ltr'><strong>tentaverit,</strong></span> <span class='ocrx_word' id='word_1_144' title='bbox 835 1296 887 1349; x_wconf 86' lang='lat' dir='ltr'><strong>aut</strong></span> <span class='ocrx_word' id='word_1_145' title='bbox 1154 1295 1306 1364; x_wconf 84' lang='lat' dir='ltr'><strong>episcopum</strong></span> <span class='ocrx_word' id='word_1_146' title='bbox 1323 1299 1348 1349; x_wconf 91' lang='lat' dir='ltr'><strong>et</strong></span> <span class='ocrx_word' id='word_1_147' title='bbox 1374 1293 1548 1349; x_wconf 70' lang='lat' dir='ltr'><strong>domandum.</strong></span> 
     </span>
     <span class='ocr_line' id='line_1_13' title="bbox 57 1376 1767 1455; baseline 0.004 -23"><span class='ocrx_word' id='word_1_148' title='bbox 57 1389 120 1432; x_wconf 78' lang='lat' dir='ltr'><strong>eam</strong></span> <span class='ocrx_word' id='word_1_149' title='bbox 134 1390 186 1447; x_wconf 92' lang='lat' dir='ltr'><strong>per</strong></span> <span class='ocrx_word' id='word_1_150' title='bbox 195 1376 345 1448; x_wconf 93' lang='lat' dir='ltr'><strong>quodlibet</strong></span> <span class='ocrx_word' id='word_1_151' title='bbox 357 1378 504 1451; x_wconf 79' lang='lat' dir='ltr'><strong>ingenium</strong></span> <span class='ocrx_word' id='word_1_152' title='bbox 521 1381 680 1452; x_wconf 91' lang='lat' dir='ltr'><strong>irrumpere</strong></span> <span class='ocrx_word' id='word_1_153' title='bbox 694 1387 814 1439; x_wconf 87' lang='lat' dir='ltr'><strong>conatus</strong></span> <span class='ocrx_word' id='word_1_154' title='bbox 828 1379 887 1438; x_wconf 88' lang='lat' dir='ltr'><strong>iue-</strong></span> <span class='ocrx_word' id='word_1_155' title='bbox 976 1379 1065 1436; x_wconf 87' lang='lat' dir='ltr'><strong>lnbei</strong></span> <span class='ocrx_word' id='word_1_156' title='bbox 1081 1381 1204 1438; x_wconf 90' lang='lat' dir='ltr'><strong>nomine.</strong></span> <span class='ocrx_word' id='word_1_157' title='bbox 1222 1382 1335 1439; x_wconf 78' lang='lat' dir='ltr'><strong>Placuit</strong></span> <span class='ocrx_word' id='word_1_158' title='bbox 1345 1388 1431 1455; x_wconf 90' lang='lat' dir='ltr'><strong>alque</strong></span> <span class='ocrx_word' id='word_1_159' title='bbox 1443 1383 1575 1440; x_wconf 86' lang='lat' dir='ltr'><strong>convenit</strong></span> <span class='ocrx_word' id='word_1_160' title='bbox 1590 1383 1665 1439; x_wconf 92' lang='lat' dir='ltr'><strong>inter</strong></span> <span class='ocrx_word' id='word_1_161' title='bbox 1679 1393 1767 1438; x_wconf 87' lang='lat' dir='ltr'><strong>vene-</strong></span> 
     </span>
     <span class='ocr_line' id='line_1_14' title="bbox 57 1462 1766 1545; baseline 0.004 -25"><span class='ocrx_word' id='word_1_162' title='bbox 57 1463 108 1535; x_wconf 86' lang='lat' dir='ltr'><strong>rit,</strong></span> <span class='ocrx_word' id='word_1_163' title='bbox 132 1462 239 1523; x_wconf 84' lang='lat' dir='ltr'><strong>inierat</strong></span> <span class='ocrx_word' id='word_1_164' title='bbox 263 1467 337 1536; x_wconf 89' lang='lat' dir='ltr'><strong>parti</strong></span> <span class='ocrx_word' id='word_1_165' title='bbox 359 1471 554 1540; x_wconf 87' lang='lat' dir='ltr'><strong>contraquem</strong></span> <span class='ocrx_word' id='word_1_166' title='bbox 576 1468 655 1527; x_wconf 88' lang='lat' dir='ltr'><strong>litem</strong></span> <span class='ocrx_word' id='word_1_167' title='bbox 678 1468 887 1544; x_wconf 87' lang='lat' dir='ltr'><strong>intulerit,di-</strong></span> <span class='ocrx_word' id='word_1_168' title='bbox 942 1464 1000 1523; x_wconf 82' lang='lat' dir='ltr'><strong>rab.</strong></span> <span class='ocrx_word' id='word_1_169' title='bbox 1022 1468 1117 1524; x_wconf 86' lang='lat' dir='ltr'><strong>virum</strong></span> <span class='ocrx_word' id='word_1_170' title='bbox 1141 1469 1306 1527; x_wconf 86' lang='lat' dir='ltr'><strong>baturicum</strong></span> <span class='ocrx_word' id='word_1_171' title='bbox 1332 1471 1611 1545; x_wconf 87' lang='lat' dir='ltr'><strong>lieganesburgensis</strong></span> <span class='ocrx_word' id='word_1_172' title='bbox 1632 1470 1766 1528; x_wconf 78' lang='lat' dir='ltr'><strong>Ecclesiae</strong></span> 
     </span>
     <span class='ocr_line' id='line_1_15' title="bbox 56 1552 1767 1633; baseline 0.004 -24"><span class='ocrx_word' id='word_1_173' title='bbox 56 1552 219 1626; x_wconf 87' lang='lat' dir='ltr'><strong>stringente</strong></span> <span class='ocrx_word' id='word_1_174' title='bbox 233 1553 312 1627; x_wconf 88' lang='lat' dir='ltr'><strong>llseo,</strong></span> <span class='ocrx_word' id='word_1_175' title='bbox 327 1556 392 1613; x_wconf 91' lang='lat' dir='ltr'><strong>auri</strong></span> <span class='ocrx_word' id='word_1_176' title='bbox 403 1555 454 1613; x_wconf 94' lang='lat' dir='ltr'><strong>lib.</strong></span> <span class='ocrx_word' id='word_1_177' title='bbox 475 1572 507 1630; x_wconf 89' lang='lat'><strong>11,</strong></span> <span class='ocrx_word' id='word_1_178' title='bbox 520 1558 633 1630; x_wconf 90' lang='lat' dir='ltr'><strong>argenti</strong></span> <span class='ocrx_word' id='word_1_179' title='bbox 649 1559 774 1629; x_wconf 90' lang='lat' dir='ltr'><strong>pondera</strong></span> <span class='ocrx_word' id='word_1_180' title='bbox 793 1572 821 1630; x_wconf 81' lang='lat' dir='ltr'><strong>v,</strong></span> <span class='ocrx_word' id='word_1_181' title='bbox 833 1572 886 1615; x_wconf 86' lang='lat' dir='ltr'><strong>eo-</strong></span> <span class='ocrx_word' id='word_1_182' title='bbox 940 1567 984 1626; x_wconf 88' lang='lat' dir='ltr'><strong>ep.</strong></span> <span class='ocrx_word' id='word_1_183' title='bbox 998 1560 1027 1612; x_wconf 93' lang='lat' dir='ltr'><strong>et</strong></span> <span class='ocrx_word' id='word_1_184' title='bbox 1040 1555 1182 1614; x_wconf 78' lang='lat' dir='ltr'><strong>illustrem</strong></span> <span class='ocrx_word' id='word_1_185' title='bbox 1195 1558 1289 1616; x_wconf 89' lang='lat' dir='ltr'><strong>virum</strong></span> <span class='ocrx_word' id='word_1_186' title='bbox 1303 1558 1477 1617; x_wconf 84' lang='lat' dir='ltr'><strong>Ucoiandum</strong></span> <span class='ocrx_word' id='word_1_187' title='bbox 1491 1564 1523 1618; x_wconf 91' lang='lat' dir='ltr'><strong>ut</strong></span> <span class='ocrx_word' id='word_1_188' title='bbox 1532 1560 1647 1633; x_wconf 90' lang='lat' dir='ltr'><strong>aliquas</strong></span> <span class='ocrx_word' id='word_1_189' title='bbox 1655 1574 1700 1616; x_wconf 88' lang='lat' dir='ltr'><strong>res</strong></span> <span class='ocrx_word' id='word_1_190' title='bbox 1715 1572 1767 1632; x_wconf 90' lang='lat' dir='ltr'><strong>pro</strong></span> 
     </span>
     <span class='ocr_line' id='line_1_16' title="bbox 55 1642 1765 1718; baseline 0.003 -20"><span class='ocrx_word' id='word_1_191' title='bbox 55 1643 143 1699; x_wconf 87' lang='lat' dir='ltr'><strong>actus</strong></span> <span class='ocrx_word' id='word_1_192' title='bbox 161 1642 297 1716; x_wconf 77' lang='lat' dir='ltr'><strong>exsolvat,</strong></span> <span class='ocrx_word' id='word_1_193' title='bbox 313 1649 341 1702; x_wconf 92' lang='lat' dir='ltr'><strong>et</strong></span> <span class='ocrx_word' id='word_1_194' title='bbox 353 1658 407 1702; x_wconf 90' lang='lat' dir='ltr'><strong>sua</strong></span> <span class='ocrx_word' id='word_1_195' title='bbox 424 1646 558 1716; x_wconf 86' lang='lat' dir='ltr'><strong>repetitio</strong></span> <span class='ocrx_word' id='word_1_196' title='bbox 570 1646 683 1704; x_wconf 92' lang='lat' dir='ltr'><strong>nullum</strong></span> <span class='ocrx_word' id='word_1_197' title='bbox 698 1646 825 1704; x_wconf 91' lang='lat' dir='ltr'><strong>obtineat</strong></span> <span class='ocrx_word' id='word_1_198' title='bbox 839 1644 887 1703; x_wconf 86' lang='lat' dir='ltr'><strong>ei·</strong></span> <span class='ocrx_word' id='word_1_199' title='bbox 940 1644 1085 1700; x_wconf 87' lang='lat' dir='ltr'><strong>communi</strong></span> <span class='ocrx_word' id='word_1_200' title='bbox 1099 1644 1226 1703; x_wconf 87' lang='lat' dir='ltr'><strong>utilitate</strong></span> <span class='ocrx_word' id='word_1_201' title='bbox 1240 1651 1268 1703; x_wconf 90' lang='lat' dir='ltr'><strong>et</strong></span> <span class='ocrx_word' id='word_1_202' title='bbox 1278 1647 1446 1718; x_wconf 90' lang='lat' dir='ltr'><strong>compendio</strong></span> <span class='ocrx_word' id='word_1_203' title='bbox 1462 1648 1537 1705; x_wconf 90' lang='lat' dir='ltr'><strong>inter</strong></span> <span class='ocrx_word' id='word_1_204' title='bbox 1549 1661 1579 1706; x_wconf 89' lang='lat' dir='ltr'><strong>se</strong></span> <span class='ocrx_word' id='word_1_205' title='bbox 1588 1651 1765 1705; x_wconf 90' lang='lat' dir='ltr'><strong>commutare</strong></span> 
     </span>
     <span class='ocr_line' id='line_1_17' title="bbox 57 1725 1765 1812; baseline 0.004 -26"><span class='ocrx_word' id='word_1_206' title='bbox 57 1728 181 1802; x_wconf 74' lang='lat' dir='ltr'><strong>lectum,</strong></span> <span class='ocrx_word' id='word_1_207' title='bbox 193 1731 241 1788; x_wconf 92' lang='lat' dir='ltr'><strong>sed</strong></span> <span class='ocrx_word' id='word_1_208' title='bbox 257 1735 574 1803; x_wconf 85' lang='lat' dir='ltr'><strong>praeseuscommutatio</strong></span> <span class='ocrx_word' id='word_1_209' title='bbox 584 1736 662 1793; x_wconf 91' lang='lat' dir='ltr'><strong>omni</strong></span> <span class='ocrx_word' id='word_1_210' title='bbox 672 1736 886 1807; x_wconf 84' lang='lat' dir='ltr'><strong>temporedrma</strong></span> <span class='ocrx_word' id='word_1_211' title='bbox 901 1725 1084 1805; x_wconf 91' lang='lat' dir='ltr'><strong>Bdeberent,</strong></span> <span class='ocrx_word' id='word_1_212' title='bbox 1101 1735 1176 1806; x_wconf 90' lang='lat' dir='ltr'><strong>quod</strong></span> <span class='ocrx_word' id='word_1_213' title='bbox 1203 1736 1243 1792; x_wconf 84' lang='lat' dir='ltr'><strong>ita</strong></span> <span class='ocrx_word' id='word_1_214' title='bbox 1257 1741 1285 1793; x_wconf 93' lang='lat' dir='ltr'><strong>et</strong></span> <span class='ocrx_word' id='word_1_215' title='bbox 1303 1735 1440 1795; x_wconf 88' lang='lat' dir='ltr'><strong>iecerunt.</strong></span> <span class='ocrx_word' id='word_1_216' title='bbox 1456 1737 1540 1794; x_wconf 85' lang='lat' dir='ltr'><strong>Dedit</strong></span> <span class='ocrx_word' id='word_1_217' title='bbox 1553 1738 1644 1812; x_wconf 90' lang='lat' dir='ltr'><strong>igitur</strong></span> <span class='ocrx_word' id='word_1_218' title='bbox 1657 1736 1765 1808; x_wconf 79' lang='lat' dir='ltr'><strong>predi-</strong></span> 
     </span>
     <span class='ocr_line' id='line_1_18' title="bbox 56 1819 1765 1896; baseline 0.004 -17"><span class='ocrx_word' id='word_1_219' title='bbox 56 1823 86 1879; x_wconf 91' lang='lat' dir='ltr'><strong>et</strong></span> <span class='ocrx_word' id='word_1_220' title='bbox 112 1819 230 1878; x_wconf 76' lang='lat' dir='ltr'><strong>stabilis</strong></span> <span class='ocrx_word' id='word_1_221' title='bbox 262 1828 425 1893; x_wconf 85' lang='lat' dir='ltr'><strong>permaneat</strong></span> <span class='ocrx_word' id='word_1_222' title='bbox 450 1837 516 1883; x_wconf 90' lang='lat' dir='ltr'><strong>cum</strong></span> <span class='ocrx_word' id='word_1_223' title='bbox 543 1825 731 1896; x_wconf 80' lang='lat' dir='ltr'><strong>stipulatione</strong></span> <span class='ocrx_word' id='word_1_224' title='bbox 751 1825 882 1884; x_wconf 87' lang='lat' dir='ltr'><strong>subnixa.</strong></span> <span class='ocrx_word' id='word_1_225' title='bbox 940 1825 1004 1878; x_wconf 90' lang='lat' dir='ltr'><strong>ctus</strong></span> <span class='ocrx_word' id='word_1_226' title='bbox 1024 1836 1086 1879; x_wconf 87' lang='lat' dir='ltr'><strong>ven.</strong></span> <span class='ocrx_word' id='word_1_227' title='bbox 1112 1836 1156 1894; x_wconf 86' lang='lat' dir='ltr'><strong>ep.</strong></span> <span class='ocrx_word' id='word_1_228' title='bbox 1180 1824 1332 1882; x_wconf 80' lang='lat' dir='ltr'><strong>baturicus</strong></span> <span class='ocrx_word' id='word_1_229' title='bbox 1356 1839 1388 1882; x_wconf 82' lang='lat' dir='ltr'><strong>ex</strong></span> <span class='ocrx_word' id='word_1_230' title='bbox 1419 1827 1530 1884; x_wconf 87' lang='lat' dir='ltr'><strong>ratione</strong></span> <span class='ocrx_word' id='word_1_231' title='bbox 1552 1825 1680 1883; x_wconf 82' lang='lat' dir='ltr'><strong>ecclesie</strong></span> <span class='ocrx_word' id='word_1_232' title='bbox 1706 1839 1765 1882; x_wconf 84' lang='lat' dir='ltr'><strong>sue</strong></span> 
     </span>
     <span class='ocr_line' id='line_1_19' title="bbox 56 1909 1764 1988; baseline 0.004 -22"><span class='ocrx_word' id='word_1_233' title='bbox 56 1909 160 1966; x_wconf 75' lang='lat' dir='ltr'><strong>dotum</strong></span> <span class='ocrx_word' id='word_1_234' title='bbox 170 1910 367 1983; x_wconf 88' lang='lat' dir='ltr'><strong>lleganesburc</strong></span> <span class='ocrx_word' id='word_1_235' title='bbox 375 1914 492 1971; x_wconf 87' lang='lat' dir='ltr'><strong>civitate</strong></span> <span class='ocrx_word' id='word_1_236' title='bbox 506 1915 560 1972; x_wconf 91' lang='lat' dir='ltr'><strong>sub</strong></span> <span class='ocrx_word' id='word_1_237' title='bbox 570 1912 645 1972; x_wconf 85' lang='lat' dir='ltr'><strong>diei</strong></span> <span class='ocrx_word' id='word_1_238' title='bbox 657 1915 774 1973; x_wconf 82' lang='lat' dir='ltr'><strong>Kalend.</strong></span> <span class='ocrx_word' id='word_1_239' title='bbox 790 1916 883 1988; x_wconf 82' lang='lat' dir='ltr'><strong>April.</strong></span> <span class='ocrx_word' id='word_1_240' title='bbox 940 1911 1031 1968; x_wconf 87' lang='lat' dir='ltr'><strong>sancti</strong></span> <span class='ocrx_word' id='word_1_241' title='bbox 1042 1912 1118 1968; x_wconf 89' lang='lat' dir='ltr'><strong>Petri</strong></span> <span class='ocrx_word' id='word_1_242' title='bbox 1127 1914 1254 1970; x_wconf 86' lang='lat' dir='ltr'><strong>etsaneti</strong></span> <span class='ocrx_word' id='word_1_243' title='bbox 1267 1915 1466 1972; x_wconf 85' lang='lat' dir='ltr'><strong>Emmerammi</strong></span> <span class='ocrx_word' id='word_1_244' title='bbox 1479 1929 1535 1973; x_wconf 91' lang='lat' dir='ltr'><strong>una</strong></span> <span class='ocrx_word' id='word_1_245' title='bbox 1548 1929 1613 1973; x_wconf 90' lang='lat' dir='ltr'><strong>oum</strong></span> <span class='ocrx_word' id='word_1_246' title='bbox 1622 1928 1764 1972; x_wconf 88' lang='lat' dir='ltr'><strong>consensu</strong></span> 
     </span>
     <span class='ocr_line' id='line_1_20' title="bbox 57 1998 1764 2081; baseline 0.003 -27"><span class='ocrx_word' id='word_1_247' title='bbox 57 1998 183 2066; x_wconf 86' lang='lat' dir='ltr'><strong>Uzzand,</strong></span> <span class='ocrx_word' id='word_1_248' title='bbox 198 2001 327 2076; x_wconf 88' lang='lat' dir='ltr'><strong>Deotrib,</strong></span> <span class='ocrx_word' id='word_1_249' title='bbox 342 2004 457 2075; x_wconf 81' lang='lat' dir='ltr'><strong>strupo,</strong></span> <span class='ocrx_word' id='word_1_250' title='bbox 472 2003 587 2077; x_wconf 87' lang='lat' dir='ltr'><strong>Egiloll,</strong></span> <span class='ocrx_word' id='word_1_251' title='bbox 610 2000 732 2078; x_wconf 80' lang='lat' dir='ltr'><strong>werilo,</strong></span> <span class='ocrx_word' id='word_1_252' title='bbox 748 2006 883 2081; x_wconf 81' lang='lat' dir='ltr'><strong>llartwig,</strong></span> <span class='ocrx_word' id='word_1_253' title='bbox 939 2005 968 2057; x_wconf 91' lang='lat' dir='ltr'><strong>et</strong></span> <span class='ocrx_word' id='word_1_254' title='bbox 985 1999 1150 2058; x_wconf 85' lang='lat' dir='ltr'><strong>conibentia</strong></span> <span class='ocrx_word' id='word_1_255' title='bbox 1165 2001 1287 2060; x_wconf 77' lang='lat' dir='ltr'><strong>fratrum</strong></span> <span class='ocrx_word' id='word_1_256' title='bbox 1312 2001 1418 2061; x_wconf 87' lang='lat' dir='ltr'><strong>ibidem</strong></span> <span class='ocrx_word' id='word_1_257' title='bbox 1438 2005 1613 2078; x_wconf 89' lang='lat' dir='ltr'><strong>degentium,</strong></span> <span class='ocrx_word' id='word_1_258' title='bbox 1629 2005 1715 2060; x_wconf 88' lang='lat' dir='ltr'><strong>etiam</strong></span> <span class='ocrx_word' id='word_1_259' title='bbox 1735 2010 1764 2060; x_wconf 90' lang='lat' dir='ltr'><strong>et</strong></span> 
     </span>
     <span class='ocr_line' id='line_1_21' title="bbox 56 2088 1763 2168; baseline 0.004 -24"><span class='ocrx_word' id='word_1_260' title='bbox 56 2088 200 2159; x_wconf 85' lang='lat' dir='ltr'><strong>lliltirob,</strong></span> <span class='ocrx_word' id='word_1_261' title='bbox 229 2091 364 2165; x_wconf 85' lang='lat' dir='ltr'><strong>liudhart,</strong></span> <span class='ocrx_word' id='word_1_262' title='bbox 387 2094 484 2168; x_wconf 78' lang='lat' dir='ltr'><strong>linoln,</strong></span> <span class='ocrx_word' id='word_1_263' title='bbox 522 2095 728 2166; x_wconf 85' lang='lat' dir='ltr'><strong>Ercbanperbt,</strong></span> <span class='ocrx_word' id='word_1_264' title='bbox 755 2097 882 2167; x_wconf 80' lang='lat' dir='ltr'><strong>llaguuo,</strong></span> <span class='ocrx_word' id='word_1_265' title='bbox 940 2089 1416 2160; x_wconf 81' lang='lat' dir='ltr'><strong>perlicentiamdomniilludowici</strong></span> <span class='ocrx_word' id='word_1_266' title='bbox 1429 2092 1547 2166; x_wconf 88' lang='lat' dir='ltr'><strong>gloriosi</strong></span> <span class='ocrx_word' id='word_1_267' title='bbox 1559 2092 1763 2166; x_wconf 83' lang='lat' dir='ltr'><strong>regispraelato</strong></span> 
     </span>
     <span class='ocr_line' id='line_1_22' title="bbox 56 2177 1765 2259; baseline 0.004 -25"><span class='ocrx_word' id='word_1_268' title='bbox 56 2177 311 2254; x_wconf 83' lang='lat' dir='ltr'><strong>ishad,Waltunc,</strong></span> <span class='ocrx_word' id='word_1_269' title='bbox 322 2183 422 2255; x_wconf 87' lang='lat' dir='ltr'><strong>Trogo,</strong></span> <span class='ocrx_word' id='word_1_270' title='bbox 438 2183 582 2257; x_wconf 86' lang='lat' dir='ltr'><strong>Eollbart,</strong></span> <span class='ocrx_word' id='word_1_271' title='bbox 593 2186 732 2257; x_wconf 85' lang='lat' dir='ltr'><strong>llartmot,</strong></span> <span class='ocrx_word' id='word_1_272' title='bbox 746 2185 883 2259; x_wconf 80' lang='lat' dir='ltr'><strong>Florenti,</strong></span> <span class='ocrx_word' id='word_1_273' title='bbox 938 2179 1125 2237; x_wconf 85' lang='lat' dir='ltr'><strong>Ucoiandoad</strong></span> <span class='ocrx_word' id='word_1_274' title='bbox 1139 2195 1223 2237; x_wconf 91' lang='lat' dir='ltr'><strong>snum</strong></span> <span class='ocrx_word' id='word_1_275' title='bbox 1238 2181 1272 2238; x_wconf 92' lang='lat' dir='ltr'><strong>ad</strong></span> <span class='ocrx_word' id='word_1_276' title='bbox 1289 2181 1450 2240; x_wconf 91' lang='lat' dir='ltr'><strong>babendum</strong></span> <span class='ocrx_word' id='word_1_277' title='bbox 1467 2183 1496 2239; x_wconf 94' lang='lat' dir='ltr'><strong>in</strong></span> <span class='ocrx_word' id='word_1_278' title='bbox 1513 2182 1575 2240; x_wconf 88' lang='lat' dir='ltr'><strong>loco</strong></span> <span class='ocrx_word' id='word_1_279' title='bbox 1588 2183 1638 2255; x_wconf 94' lang='lat' dir='ltr'><strong>qui</strong></span> <span class='ocrx_word' id='word_1_280' title='bbox 1654 2182 1765 2241; x_wconf 88' lang='lat' dir='ltr'><strong>dicitur</strong></span> 
     </span>
     <span class='ocr_line' id='line_1_23' title="bbox 56 2267 1763 2346; baseline 0.004 -24"><span class='ocrx_word' id='word_1_281' title='bbox 56 2267 207 2340; x_wconf 78' lang='lat' dir='ltr'><strong>Folcpold,</strong></span> <span class='ocrx_word' id='word_1_282' title='bbox 226 2271 365 2346; x_wconf 73' lang='lat' dir='ltr'><strong>isanbert,</strong></span> <span class='ocrx_word' id='word_1_283' title='bbox 380 2274 449 2345; x_wconf 77' lang='lat' dir='ltr'><strong>Avo,</strong></span> <span class='ocrx_word' id='word_1_284' title='bbox 467 2274 575 2345; x_wconf 80' lang='lat' dir='ltr'><strong>walto,</strong></span> <span class='ocrx_word' id='word_1_285' title='bbox 595 2275 739 2332; x_wconf 76' lang='lat' dir='ltr'><strong>neotiart,</strong></span> <span class='ocrx_word' id='word_1_286' title='bbox 938 2268 1227 2341; x_wconf 67' lang='lat' dir='ltr'><strong>mahalgozzinhovon</strong></span> <span class='ocrx_word' id='word_1_287' title='bbox 1242 2284 1355 2328; x_wconf 88' lang='lat' dir='ltr'><strong>mansos</strong></span> <span class='ocrx_word' id='word_1_288' title='bbox 1370 2276 1428 2329; x_wconf 89' lang='lat' dir='ltr'><strong>tres</strong></span> <span class='ocrx_word' id='word_1_289' title='bbox 1441 2285 1506 2328; x_wconf 92' lang='lat' dir='ltr'><strong>oum</strong></span> <span class='ocrx_word' id='word_1_290' title='bbox 1521 2272 1642 2330; x_wconf 89' lang='lat' dir='ltr'><strong>ecelesia</strong></span> <span class='ocrx_word' id='word_1_291' title='bbox 1655 2272 1763 2329; x_wconf 82' lang='lat' dir='ltr'><strong>ibidem</strong></span> 
     </span>
     <span class='ocr_line' id='line_1_24' title="bbox 54 2360 1763 2439; baseline 0.004 -28"><span class='ocrx_word' id='word_1_292' title='bbox 54 2375 122 2434; x_wconf 54' lang='grc' dir='ltr'><strong>(χρ,</strong></span> <span class='ocrx_word' id='word_1_293' title='bbox 149 2377 275 2434; x_wconf 41' lang='lat' dir='ltr'><strong>LXXIX·</strong></span> <span class='ocrx_word' id='word_1_294' title='bbox 302 2408 340 2421; x_wconf 65' lang='lat'><strong><em>„</em></strong></span> <span class='ocrx_word' id='word_1_295' title='bbox 370 2380 550 2436; x_wconf 78' lang='lat' dir='ltr'><strong>commutatio</strong></span> <span class='ocrx_word' id='word_1_296' title='bbox 582 2383 655 2437; x_wconf 61' lang='lat' dir='ltr'><strong>im„</strong></span> <span class='ocrx_word' id='word_1_297' title='bbox 676 2381 885 2439; x_wconf 53' lang='lat' dir='ltr'><strong><em>Ammonem</em></strong></span> <span class='ocrx_word' id='word_1_298' title='bbox 938 2363 1112 2429; x_wconf 87' lang='lat' dir='ltr'><strong>constructa,</strong></span> <span class='ocrx_word' id='word_1_299' title='bbox 1126 2364 1154 2415; x_wconf 90' lang='lat' dir='ltr'><strong>et</strong></span> <span class='ocrx_word' id='word_1_300' title='bbox 1166 2360 1500 2432; x_wconf 89' lang='lat' dir='ltr'><strong>cumreliqnisaediticiis</strong></span> <span class='ocrx_word' id='word_1_301' title='bbox 1512 2360 1636 2434; x_wconf 90' lang='lat' dir='ltr'><strong>desuper</strong></span> <span class='ocrx_word' id='word_1_302' title='bbox 1648 2361 1763 2435; x_wconf 89' lang='lat' dir='ltr'><strong>positis,</strong></span> 
     </span>
     <span class='ocr_line' id='line_1_25' title="bbox 275 2448 1764 2524; baseline 0.002 -17"><span class='ocrx_word' id='word_1_303' title='bbox 275 2453 428 2524; x_wconf 80' lang='lat' dir='ltr'><strong>episcopum</strong></span> <span class='ocrx_word' id='word_1_304' title='bbox 441 2458 467 2508; x_wconf 88' lang='lat' dir='ltr'><strong>et</strong></span> <span class='ocrx_word' id='word_1_305' title='bbox 484 2454 666 2509; x_wconf 73' lang='lat' dir='ltr'><strong>detdindum.</strong></span> <span class='ocrx_word' id='word_1_306' title='bbox 938 2461 1004 2504; x_wconf 84' lang='lat' dir='ltr'><strong>eum</strong></span> <span class='ocrx_word' id='word_1_307' title='bbox 1016 2448 1113 2520; x_wconf 87' lang='lat' dir='ltr'><strong>terris,</strong></span> <span class='ocrx_word' id='word_1_308' title='bbox 1125 2448 1218 2520; x_wconf 89' lang='lat' dir='ltr'><strong>silvis,</strong></span> <span class='ocrx_word' id='word_1_309' title='bbox 1231 2451 1331 2522; x_wconf 90' lang='lat' dir='ltr'><strong>pratis,</strong></span> <span class='ocrx_word' id='word_1_310' title='bbox 1346 2451 1471 2523; x_wconf 82' lang='lat' dir='ltr'><strong>pascuis,</strong></span> <span class='ocrx_word' id='word_1_311' title='bbox 1482 2452 1577 2523; x_wconf 89' lang='lat' dir='ltr'><strong>aquis,</strong></span> <span class='ocrx_word' id='word_1_312' title='bbox 1588 2465 1764 2524; x_wconf 83' lang='lat' dir='ltr'><strong>aquarumve</strong></span> 
     </span>
     <span class='ocr_line' id='line_1_26' title="bbox 95 2536 1765 2615; baseline 0.004 -23"><span class='ocrx_word' id='word_1_313' title='bbox 95 2537 128 2595; x_wconf 89' lang='lat' dir='ltr'><strong>ln</strong></span> <span class='ocrx_word' id='word_1_314' title='bbox 151 2537 205 2595; x_wconf 86' lang='lat' dir='ltr'><strong>bei</strong></span> <span class='ocrx_word' id='word_1_315' title='bbox 217 2539 341 2597; x_wconf 87' lang='lat' dir='ltr'><strong>nomine.</strong></span> <span class='ocrx_word' id='word_1_316' title='bbox 363 2541 503 2599; x_wconf 84' lang='lat' dir='ltr'><strong>Placitum</strong></span> <span class='ocrx_word' id='word_1_317' title='bbox 522 2548 608 2615; x_wconf 78' lang='lat' dir='ltr'><strong>utque</strong></span> <span class='ocrx_word' id='word_1_318' title='bbox 623 2548 792 2602; x_wconf 72' lang='lat' dir='ltr'><strong>conventum</strong></span> <span class='ocrx_word' id='word_1_319' title='bbox 808 2544 884 2600; x_wconf 76' lang='lat' dir='ltr'><strong>inter</strong></span> <span class='ocrx_word' id='word_1_320' title='bbox 938 2536 1120 2609; x_wconf 84' lang='lat' dir='ltr'><strong>decursibus,</strong></span> <span class='ocrx_word' id='word_1_321' title='bbox 1133 2537 1276 2610; x_wconf 92' lang='lat' dir='ltr'><strong>quidquid</strong></span> <span class='ocrx_word' id='word_1_322' title='bbox 1291 2540 1321 2596; x_wconf 91' lang='lat' dir='ltr'><strong>in</strong></span> <span class='ocrx_word' id='word_1_323' title='bbox 1337 2540 1472 2612; x_wconf 77' lang='lat' dir='ltr'><strong>praedicto</strong></span> <span class='ocrx_word' id='word_1_324' title='bbox 1485 2541 1547 2599; x_wconf 88' lang='lat' dir='ltr'><strong>loco</strong></span> <span class='ocrx_word' id='word_1_325' title='bbox 1567 2541 1670 2599; x_wconf 89' lang='lat' dir='ltr'><strong>babere</strong></span> <span class='ocrx_word' id='word_1_326' title='bbox 1682 2542 1765 2600; x_wconf 90' lang='lat' dir='ltr'><strong>visus</strong></span> 
     </span>
     <span class='ocr_line' id='line_1_27' title="bbox 55 2625 1756 2705; baseline 0.005 -22"><span class='ocrx_word' id='word_1_327' title='bbox 55 2625 282 2686; x_wconf 73' lang='lat' dir='ltr'><strong>imbricbonem</strong></span> <span class='ocrx_word' id='word_1_328' title='bbox 296 2643 358 2686; x_wconf 88' lang='lat' dir='ltr'><strong>ven.</strong></span> <span class='ocrx_word' id='word_1_329' title='bbox 374 2643 417 2702; x_wconf 92' lang='lat' dir='ltr'><strong>ep.</strong></span> <span class='ocrx_word' id='word_1_330' title='bbox 434 2644 544 2689; x_wconf 88' lang='lat' dir='ltr'><strong>necnon</strong></span> <span class='ocrx_word' id='word_1_331' title='bbox 556 2633 744 2704; x_wconf 88' lang='lat' dir='ltr'><strong>etquamdam</strong></span> <span class='ocrx_word' id='word_1_332' title='bbox 758 2631 883 2690; x_wconf 91' lang='lat' dir='ltr'><strong>nobilem</strong></span> <span class='ocrx_word' id='word_1_333' title='bbox 938 2630 990 2684; x_wconf 90' lang='lat' dir='ltr'><strong>est.</strong></span> <span class='ocrx_word' id='word_1_334' title='bbox 1004 2628 1067 2684; x_wconf 82' lang='lat' dir='ltr'><strong>lite</strong></span> <span class='ocrx_word' id='word_1_335' title='bbox 1086 2633 1185 2685; x_wconf 89' lang='lat' dir='ltr'><strong>contra</strong></span> <span class='ocrx_word' id='word_1_336' title='bbox 1202 2634 1375 2688; x_wconf 91' lang='lat' dir='ltr'><strong>memoratus</strong></span> <span class='ocrx_word' id='word_1_337' title='bbox 1387 2630 1551 2689; x_wconf 89' lang='lat' dir='ltr'><strong>Ucoiandus</strong></span> <span class='ocrx_word' id='word_1_338' title='bbox 1565 2629 1600 2689; x_wconf 81' lang='lat' dir='ltr'><strong>ex</strong></span> <span class='ocrx_word' id='word_1_339' title='bbox 1621 2646 1673 2690; x_wconf 93' lang='lat' dir='ltr'><strong>suo</strong></span> <span class='ocrx_word' id='word_1_340' title='bbox 1694 2647 1756 2705; x_wconf 85' lang='lat' dir='ltr'><strong>pro-</strong></span> 
     </span>
    </p>
   </div>
   <div class='ocr_carea' id='block_1_3' title="bbox 56 2716 1886 2798">
    <p class='ocr_par' dir='ltr' id='par_1_3' title="bbox 56 2716 1886 2798">
     <span class='ocr_line' id='line_1_28' title="bbox 56 2716 1886 2798; baseline 0.005 -24"><span class='ocrx_word' id='word_1_341' title='bbox 56 2716 188 2789; x_wconf 86' lang='lat' dir='ltr'><strong>viduam,</strong></span> <span class='ocrx_word' id='word_1_342' title='bbox 204 2718 321 2776; x_wconf 91' lang='lat' dir='ltr'><strong>nomine</strong></span> <span class='ocrx_word' id='word_1_343' title='bbox 342 2720 477 2777; x_wconf 84' lang='lat' dir='ltr'><strong>Elrlrilind</strong></span> <span class='ocrx_word' id='word_1_344' title='bbox 494 2725 525 2778; x_wconf 94' lang='lat' dir='ltr'><strong>ut</strong></span> <span class='ocrx_word' id='word_1_345' title='bbox 537 2721 651 2793; x_wconf 87' lang='lat' dir='ltr'><strong>aliquas</strong></span> <span class='ocrx_word' id='word_1_346' title='bbox 662 2735 716 2793; x_wconf 61' lang='lat' dir='ltr'><strong>‚res</strong></span> <span class='ocrx_word' id='word_1_347' title='bbox 737 2736 788 2793; x_wconf 93' lang='lat' dir='ltr'><strong>pro</strong></span> <span class='ocrx_word' id='word_1_348' title='bbox 803 2735 885 2779; x_wconf 86' lang='lat' dir='ltr'><strong>eom-</strong></span> <span class='ocrx_word' id='word_1_349' title='bbox 939 2717 1013 2789; x_wconf 91' lang='lat' dir='ltr'><strong>prio,</strong></span> <span class='ocrx_word' id='word_1_350' title='bbox 1041 2719 1208 2790; x_wconf 83' lang='lat' dir='ltr'><strong>praescripto</strong></span> <span class='ocrx_word' id='word_1_351' title='bbox 1223 2732 1284 2776; x_wconf 91' lang='lat' dir='ltr'><strong>ven.</strong></span> <span class='ocrx_word' id='word_1_352' title='bbox 1301 2720 1363 2778; x_wconf 86' lang='lat' dir='ltr'><strong>viro</strong></span> <span class='ocrx_word' id='word_1_353' title='bbox 1384 2721 1516 2779; x_wconf 85' lang='lat' dir='ltr'><strong>baturico</strong></span> <span class='ocrx_word' id='word_1_354' title='bbox 1535 2736 1579 2793; x_wconf 90' lang='lat' dir='ltr'><strong>ep.</strong></span> <span class='ocrx_word' id='word_1_355' title='bbox 1604 2723 1638 2779; x_wconf 91' lang='lat' dir='ltr'><strong>ad</strong></span> <span class='ocrx_word' id='word_1_356' title='bbox 1655 2722 1762 2795; x_wconf 90' lang='lat' dir='ltr'><strong>partem</strong></span> <span class='ocrx_word' id='word_1_357' title='bbox 1879 2788 1886 2798; x_wconf 62' lang='grc'>,</span> 
     </span>
    </p>
   </div>
   <div class='ocr_carea' id='block_1_4' title="bbox 56 2804 1764 2975">
    <p class='ocr_par' dir='ltr' id='par_1_4' title="bbox 56 2804 1764 2975">
     <span class='ocr_line' id='line_1_29' title="bbox 57 2804 1764 2885; baseline 0.005 -22"><span class='ocrx_word' id='word_1_358' title='bbox 57 2806 143 2863; x_wconf 88' lang='lat' dir='ltr'><strong>muni</strong></span> <span class='ocrx_word' id='word_1_359' title='bbox 163 2804 290 2865; x_wconf 85' lang='lat' dir='ltr'><strong>utilitate</strong></span> <span class='ocrx_word' id='word_1_360' title='bbox 302 2807 417 2866; x_wconf 92' lang='lat' dir='ltr'><strong>interse</strong></span> <span class='ocrx_word' id='word_1_361' title='bbox 430 2810 639 2882; x_wconf 80' lang='lat' dir='ltr'><strong>confirmarent,</strong></span> <span class='ocrx_word' id='word_1_362' title='bbox 656 2811 731 2882; x_wconf 91' lang='lat' dir='ltr'><strong>quod</strong></span> <span class='ocrx_word' id='word_1_363' title='bbox 747 2811 826 2867; x_wconf 88' lang='lat' dir='ltr'><strong>itaet</strong></span> <span class='ocrx_word' id='word_1_364' title='bbox 840 2808 885 2866; x_wconf 87' lang='lat' dir='ltr'><strong>ie-</strong></span> <span class='ocrx_word' id='word_1_365' title='bbox 939 2807 1112 2878; x_wconf 81' lang='lat' dir='ltr'><strong>supradicte</strong></span> <span class='ocrx_word' id='word_1_366' title='bbox 1126 2808 1253 2866; x_wconf 80' lang='lat' dir='ltr'><strong>ecclesie</strong></span> <span class='ocrx_word' id='word_1_367' title='bbox 1268 2824 1327 2867; x_wconf 78' lang='lat' dir='ltr'><strong>suae</strong></span> <span class='ocrx_word' id='word_1_368' title='bbox 1348 2810 1377 2867; x_wconf 92' lang='lat' dir='ltr'><strong>in</strong></span> <span class='ocrx_word' id='word_1_369' title='bbox 1391 2810 1453 2871; x_wconf 90' lang='lat' dir='ltr'><strong>loco</strong></span> <span class='ocrx_word' id='word_1_370' title='bbox 1475 2817 1658 2885; x_wconf 89' lang='lat' dir='ltr'><strong>nuncupante</strong></span> <span class='ocrx_word' id='word_1_371' title='bbox 1675 2812 1764 2872; x_wconf 83' lang='lat' dir='ltr'><strong>dtin-</strong></span> 
     </span>
     <span class='ocr_line' id='line_1_30' title="bbox 56 2894 1764 2975; baseline 0.006 -25"><span class='ocrx_word' id='word_1_372' title='bbox 56 2898 172 2952; x_wconf 88' lang='lat' dir='ltr'><strong>eerunt.</strong></span> <span class='ocrx_word' id='word_1_373' title='bbox 188 2894 319 2952; x_wconf 87' lang='lat' dir='ltr'><strong>Tradidit</strong></span> <span class='ocrx_word' id='word_1_374' title='bbox 331 2896 705 2969; x_wconf 78' lang='lat' dir='ltr'><strong>igiturvidualilrlilindde</strong></span> <span class='ocrx_word' id='word_1_375' title='bbox 718 2897 803 2956; x_wconf 91' lang='lat' dir='ltr'><strong>rebus</strong></span> <span class='ocrx_word' id='word_1_376' title='bbox 816 2911 886 2969; x_wconf 88' lang='lat' dir='ltr'><strong>pro-</strong></span> <span class='ocrx_word' id='word_1_377' title='bbox 940 2896 1022 2967; x_wconf 85' lang='lat' dir='ltr'><strong>nard,</strong></span> <span class='ocrx_word' id='word_1_378' title='bbox 1039 2911 1152 2954; x_wconf 89' lang='lat' dir='ltr'><strong>mansos</strong></span> <span class='ocrx_word' id='word_1_379' title='bbox 1166 2910 1195 2953; x_wconf 83' lang='grc' dir='ltr'><strong>ιι</strong></span> <span class='ocrx_word' id='word_1_380' title='bbox 1211 2912 1276 2955; x_wconf 87' lang='lat' dir='ltr'><strong>eum</strong></span> <span class='ocrx_word' id='word_1_381' title='bbox 1291 2899 1377 2972; x_wconf 88' lang='lat' dir='ltr'><strong>casis,</strong></span> <span class='ocrx_word' id='word_1_382' title='bbox 1395 2904 1424 2957; x_wconf 93' lang='lat' dir='ltr'><strong>et</strong></span> <span class='ocrx_word' id='word_1_383' title='bbox 1441 2901 1563 2973; x_wconf 90' lang='lat' dir='ltr'><strong>reliquis</strong></span> <span class='ocrx_word' id='word_1_384' title='bbox 1577 2902 1720 2975; x_wconf 87' lang='lat' dir='ltr'><strong>aedidciis,</strong></span> <span class='ocrx_word' id='word_1_385' title='bbox 1736 2907 1764 2961; x_wconf 90' lang='lat' dir='ltr'><strong>et</strong></span> 
     </span>
    </p>
   </div>
   <div class='ocr_carea' id='block_1_5' title="bbox 57 2983 1869 3066">
    <p class='ocr_par' dir='ltr' id='par_1_5' title="bbox 57 2983 1869 3066">
     <span class='ocr_line' id='line_1_31' title="bbox 57 2983 1869 3066; baseline 0.007 -27"><span class='ocrx_word' id='word_1_386' title='bbox 57 2983 196 3053; x_wconf 87' lang='lat' dir='ltr'><strong>prietatis</strong></span> <span class='ocrx_word' id='word_1_387' title='bbox 209 2998 268 3041; x_wconf 79' lang='lat' dir='ltr'><strong>suae</strong></span> <span class='ocrx_word' id='word_1_388' title='bbox 278 2986 312 3042; x_wconf 89' lang='lat' dir='ltr'><strong>ad</strong></span> <span class='ocrx_word' id='word_1_389' title='bbox 325 2985 352 3042; x_wconf 88' lang='lat' dir='ltr'><strong>S.</strong></span> <span class='ocrx_word' id='word_1_390' title='bbox 366 2987 604 3045; x_wconf 83' lang='lat' dir='ltr'><strong>Emmerammum</strong></span> <span class='ocrx_word' id='word_1_391' title='bbox 617 2988 704 3045; x_wconf 90' lang='lat' dir='ltr'><strong>simul</strong></span> <span class='ocrx_word' id='word_1_392' title='bbox 717 3002 782 3046; x_wconf 90' lang='lat' dir='ltr'><strong>cum</strong></span> <span class='ocrx_word' id='word_1_393' title='bbox 794 2987 886 3045; x_wconf 89' lang='lat' dir='ltr'><strong>advo·</strong></span> <span class='ocrx_word' id='word_1_394' title='bbox 902 2992 906 2999; x_wconf 87' lang='lat'>&#39;</span> <span class='ocrx_word' id='word_1_395' title='bbox 939 2983 1100 3057; x_wconf 79' lang='lat' dir='ltr'><strong>curtiferis,</strong></span> <span class='ocrx_word' id='word_1_396' title='bbox 1115 2999 1180 3043; x_wconf 89' lang='lat' dir='ltr'><strong>cum</strong></span> <span class='ocrx_word' id='word_1_397' title='bbox 1196 2986 1291 3057; x_wconf 88' lang='lat' dir='ltr'><strong>terris,</strong></span> <span class='ocrx_word' id='word_1_398' title='bbox 1299 2989 1404 3058; x_wconf 89' lang='lat' dir='ltr'><strong>pratis,</strong></span> <span class='ocrx_word' id='word_1_399' title='bbox 1418 2990 1511 3063; x_wconf 87' lang='lat' dir='ltr'><strong>silvis,</strong></span> <span class='ocrx_word' id='word_1_400' title='bbox 1525 2993 1650 3065; x_wconf 89' lang='lat' dir='ltr'><strong>pascuis,</strong></span> <span class='ocrx_word' id='word_1_401' title='bbox 1666 2993 1762 3066; x_wconf 86' lang='lat' dir='ltr'><strong>aquis,</strong></span> <span class='ocrx_word' id='word_1_402' title='bbox 1866 3035 1869 3041; x_wconf 66' lang='lat'><em>,</em></span> 
     </span>
    </p>
   </div>
   <div class='ocr_carea' id='block_1_6' title="bbox 21 3049 1772 5657">
    <p class='ocr_par' dir='ltr' id='par_1_6' title="bbox 21 3049 1772 5657">
     <span class='ocr_line' id='line_1_32' title="bbox 58 3049 1762 3152; baseline 0.006 -21"><span class='ocrx_word' id='word_1_403' title='bbox 58 3077 125 3132; x_wconf 88' lang='lat' dir='ltr'><strong>cato</strong></span> <span class='ocrx_word' id='word_1_404' title='bbox 143 3088 197 3132; x_wconf 85' lang='lat' dir='ltr'><strong>sno</strong></span> <span class='ocrx_word' id='word_1_405' title='bbox 222 3076 384 3134; x_wconf 86' lang='lat' dir='ltr'><strong>bernhardo</strong></span> <span class='ocrx_word' id='word_1_406' title='bbox 399 3077 543 3150; x_wconf 92' lang='lat' dir='ltr'><strong>quidquid</strong></span> <span class='ocrx_word' id='word_1_407' title='bbox 565 3078 670 3135; x_wconf 90' lang='lat' dir='ltr'><strong>babere</strong></span> <span class='ocrx_word' id='word_1_408' title='bbox 690 3078 842 3136; x_wconf 88' lang='lat' dir='ltr'><strong>videbatur</strong></span> <span class='ocrx_word' id='word_1_409' title='bbox 854 3077 884 3134; x_wconf 91' lang='lat' dir='ltr'><strong>iu</strong></span> <span class='ocrx_word' id='word_1_410' title='bbox 899 3049 924 3113; x_wconf 72' lang='lat' dir='ltr'>C</span> <span class='ocrx_word' id='word_1_411' title='bbox 940 3087 1114 3146; x_wconf 87' lang='lat' dir='ltr'><strong>aquarumve</strong></span> <span class='ocrx_word' id='word_1_412' title='bbox 1138 3074 1319 3148; x_wconf 89' lang='lat' dir='ltr'><strong>decursibus,</strong></span> <span class='ocrx_word' id='word_1_413' title='bbox 1334 3082 1587 3152; x_wconf 90' lang='lat' dir='ltr'><strong>quantumcunque</strong></span> <span class='ocrx_word' id='word_1_414' title='bbox 1611 3083 1641 3137; x_wconf 93' lang='lat' dir='ltr'><strong>in</strong></span> <span class='ocrx_word' id='word_1_415' title='bbox 1665 3085 1762 3141; x_wconf 91' lang='lat' dir='ltr'><strong>eodem</strong></span> 
     </span>
     <span class='ocr_line' id='line_1_33' title="bbox 57 3162 1765 3241; baseline 0.004 -19"><span class='ocrx_word' id='word_1_416' title='bbox 57 3163 125 3222; x_wconf 87' lang='lat' dir='ltr'><strong>vico</strong></span> <span class='ocrx_word' id='word_1_417' title='bbox 137 3164 581 3238; x_wconf 87' lang='lat' dir='ltr'><strong>quidiciturUccbinpiuntoum</strong></span> <span class='ocrx_word' id='word_1_418' title='bbox 595 3168 749 3239; x_wconf 86' lang='lat' dir='ltr'><strong>mancipiis</strong></span> <span class='ocrx_word' id='word_1_419' title='bbox 761 3181 800 3222; x_wconf 89' lang='lat' dir='ltr'><strong>vu</strong></span> <span class='ocrx_word' id='word_1_420' title='bbox 811 3181 887 3238; x_wconf 87' lang='lat' dir='ltr'><strong>quo-</strong></span> <span class='ocrx_word' id='word_1_421' title='bbox 941 3163 1002 3219; x_wconf 89' lang='lat' dir='ltr'><strong>loco</strong></span> <span class='ocrx_word' id='word_1_422' title='bbox 1017 3163 1120 3219; x_wconf 88' lang='lat' dir='ltr'><strong>babere</strong></span> <span class='ocrx_word' id='word_1_423' title='bbox 1134 3163 1215 3219; x_wconf 89' lang='lat' dir='ltr'><strong>visus</strong></span> <span class='ocrx_word' id='word_1_424' title='bbox 1229 3162 1295 3241; x_wconf 86' lang='lat' dir='ltr'><strong>init.</strong></span> <span class='ocrx_word' id='word_1_425' title='bbox 1312 3163 1390 3221; x_wconf 89' lang='lat' dir='ltr'><strong>Unde</strong></span> <span class='ocrx_word' id='word_1_426' title='bbox 1404 3172 1433 3222; x_wconf 90' lang='lat' dir='ltr'><strong>et</strong></span> <span class='ocrx_word' id='word_1_427' title='bbox 1445 3168 1517 3224; x_wconf 92' lang='lat' dir='ltr'><strong>duas</strong></span> <span class='ocrx_word' id='word_1_428' title='bbox 1526 3171 1765 3229; x_wconf 86' lang='lat' dir='ltr'><strong>commutationes</strong></span> 
     </span>
     <span class='ocr_line' id='line_1_34' title="bbox 57 3252 1766 3332; baseline 0.004 -22"><span class='ocrx_word' id='word_1_429' title='bbox 57 3268 126 3311; x_wconf 87' lang='lat' dir='ltr'><strong>rum</strong></span> <span class='ocrx_word' id='word_1_430' title='bbox 140 3254 335 3314; x_wconf 81' lang='lat' dir='ltr'><strong>nominasent</strong></span> <span class='ocrx_word' id='word_1_431' title='bbox 349 3257 423 3314; x_wconf 80' lang='lat' dir='ltr'><strong>bec:</strong></span> <span class='ocrx_word' id='word_1_432' title='bbox 436 3256 557 3332; x_wconf 87' lang='lat' dir='ltr'><strong>Helirib,</strong></span> <span class='ocrx_word' id='word_1_433' title='bbox 571 3257 713 3330; x_wconf 84' lang='lat' dir='ltr'><strong>Ellanrib,</strong></span> <span class='ocrx_word' id='word_1_434' title='bbox 725 3257 885 3329; x_wconf 86' lang='lat' dir='ltr'><strong>llagaurib,</strong></span> <span class='ocrx_word' id='word_1_435' title='bbox 942 3252 1003 3324; x_wconf 91' lang='lat' dir='ltr'><strong>pari</strong></span> <span class='ocrx_word' id='word_1_436' title='bbox 1019 3256 1116 3309; x_wconf 86' lang='lat' dir='ltr'><strong>tenore</strong></span> <span class='ocrx_word' id='word_1_437' title='bbox 1130 3252 1308 3323; x_wconf 86' lang='lat' dir='ltr'><strong>conscriptas</strong></span> <span class='ocrx_word' id='word_1_438' title='bbox 1323 3253 1398 3309; x_wconf 93' lang='lat' dir='ltr'><strong>inter</strong></span> <span class='ocrx_word' id='word_1_439' title='bbox 1410 3268 1440 3310; x_wconf 90' lang='lat' dir='ltr'><strong>se</strong></span> <span class='ocrx_word' id='word_1_440' title='bbox 1453 3255 1514 3312; x_wconf 86' lang='lat' dir='ltr'><strong>lieri</strong></span> <span class='ocrx_word' id='word_1_441' title='bbox 1528 3261 1556 3313; x_wconf 89' lang='lat' dir='ltr'><strong>et</strong></span> <span class='ocrx_word' id='word_1_442' title='bbox 1569 3256 1709 3315; x_wconf 86' lang='lat' dir='ltr'><strong>affirmare</strong></span> <span class='ocrx_word' id='word_1_443' title='bbox 1722 3274 1766 3318; x_wconf 90' lang='lat' dir='ltr'><strong>ro-</strong></span> 
     </span>
     <span class='ocr_line' id='line_1_35' title="bbox 56 3342 1765 3420; baseline 0.002 -20"><span class='ocrx_word' id='word_1_444' title='bbox 56 3343 208 3415; x_wconf 86' lang='lat' dir='ltr'><strong>llodimar,</strong></span> <span class='ocrx_word' id='word_1_445' title='bbox 221 3345 381 3419; x_wconf 91' lang='lat' dir='ltr'><strong>Willipirc,</strong></span> <span class='ocrx_word' id='word_1_446' title='bbox 392 3346 569 3420; x_wconf 83' lang='lat' dir='ltr'><strong>Regindrud,</strong></span> <span class='ocrx_word' id='word_1_447' title='bbox 582 3347 776 3420; x_wconf 81' lang='lat' dir='ltr'><strong>Reginswind,</strong></span> <span class='ocrx_word' id='word_1_448' title='bbox 789 3352 818 3402; x_wconf 91' lang='lat' dir='ltr'><strong>et</strong></span> <span class='ocrx_word' id='word_1_449' title='bbox 831 3346 888 3402; x_wconf 84' lang='lat' dir='ltr'><strong>ho-</strong></span> <span class='ocrx_word' id='word_1_450' title='bbox 942 3345 1096 3415; x_wconf 79' lang='lat' dir='ltr'><strong>gaverunt3</strong></span> <span class='ocrx_word' id='word_1_451' title='bbox 1112 3346 1144 3398; x_wconf 91' lang='lat' dir='ltr'><strong>ut</strong></span> <span class='ocrx_word' id='word_1_452' title='bbox 1159 3343 1360 3414; x_wconf 88' lang='lat' dir='ltr'><strong>unusquisqne</strong></span> <span class='ocrx_word' id='word_1_453' title='bbox 1372 3342 1425 3400; x_wconf 92' lang='lat' dir='ltr'><strong>boc</strong></span> <span class='ocrx_word' id='word_1_454' title='bbox 1446 3345 1549 3415; x_wconf 88' lang='lat' dir='ltr'><strong>quoda</strong></span> <span class='ocrx_word' id='word_1_455' title='bbox 1564 3360 1631 3417; x_wconf 91' lang='lat' dir='ltr'><strong>pare</strong></span> <span class='ocrx_word' id='word_1_456' title='bbox 1646 3361 1699 3404; x_wconf 90' lang='lat' dir='ltr'><strong>suo</strong></span> <span class='ocrx_word' id='word_1_457' title='bbox 1712 3361 1765 3404; x_wconf 86' lang='lat' dir='ltr'><strong>ao-</strong></span> 
     </span>
     <span class='ocr_line' id='line_1_36' title="bbox 57 3430 1766 3509; baseline 0.001 -18"><span class='ocrx_word' id='word_1_458' title='bbox 57 3434 126 3492; x_wconf 86' lang='lat' dir='ltr'><strong>bam</strong></span> <span class='ocrx_word' id='word_1_459' title='bbox 140 3436 162 3507; x_wconf 92' lang='lat' dir='ltr'><strong>l,</strong></span> <span class='ocrx_word' id='word_1_460' title='bbox 180 3435 210 3491; x_wconf 94' lang='lat' dir='ltr'><strong>in</strong></span> <span class='ocrx_word' id='word_1_461' title='bbox 233 3435 296 3493; x_wconf 90' lang='lat' dir='ltr'><strong>vico</strong></span> <span class='ocrx_word' id='word_1_462' title='bbox 311 3436 360 3508; x_wconf 93' lang='lat' dir='ltr'><strong>qui</strong></span> <span class='ocrx_word' id='word_1_463' title='bbox 376 3436 487 3493; x_wconf 90' lang='lat' dir='ltr'><strong>dieitur</strong></span> <span class='ocrx_word' id='word_1_464' title='bbox 511 3437 720 3509; x_wconf 82' lang='lat' dir='ltr'><strong>Talamazinga,</strong></span> <span class='ocrx_word' id='word_1_465' title='bbox 743 3444 771 3492; x_wconf 89' lang='lat' dir='ltr'><strong>et</strong></span> <span class='ocrx_word' id='word_1_466' title='bbox 784 3436 885 3493; x_wconf 86' lang='lat' dir='ltr'><strong>silvam</strong></span> <span class='ocrx_word' id='word_1_467' title='bbox 942 3430 1019 3501; x_wconf 89' lang='lat' dir='ltr'><strong>cepit</strong></span> <span class='ocrx_word' id='word_1_468' title='bbox 1038 3430 1074 3487; x_wconf 90' lang='lat' dir='ltr'><strong>ab</strong></span> <span class='ocrx_word' id='word_1_469' title='bbox 1091 3430 1229 3487; x_wconf 89' lang='lat' dir='ltr'><strong>hodierno</strong></span> <span class='ocrx_word' id='word_1_470' title='bbox 1247 3431 1295 3487; x_wconf 94' lang='lat' dir='ltr'><strong>die</strong></span> <span class='ocrx_word' id='word_1_471' title='bbox 1310 3435 1338 3488; x_wconf 92' lang='lat' dir='ltr'><strong>et</strong></span> <span class='ocrx_word' id='word_1_472' title='bbox 1350 3437 1475 3503; x_wconf 90' lang='lat' dir='ltr'><strong>tempore</strong></span> <span class='ocrx_word' id='word_1_473' title='bbox 1489 3438 1582 3490; x_wconf 88' lang='lat' dir='ltr'><strong>teneat</strong></span> <span class='ocrx_word' id='word_1_474' title='bbox 1598 3440 1682 3508; x_wconf 86' lang='lat' dir='ltr'><strong>atque</strong></span> <span class='ocrx_word' id='word_1_475' title='bbox 1695 3450 1766 3506; x_wconf 89' lang='lat' dir='ltr'><strong>pos-</strong></span> 
     </span>
     <span class='ocr_line' id='line_1_37' title="bbox 57 3519 1767 3598; baseline 0 -16"><span class='ocrx_word' id='word_1_476' title='bbox 57 3538 148 3582; x_wconf 86' lang='lat' dir='ltr'><strong>unam</strong></span> <span class='ocrx_word' id='word_1_477' title='bbox 157 3537 244 3595; x_wconf 92' lang='lat' dir='ltr'><strong>prope</strong></span> <span class='ocrx_word' id='word_1_478' title='bbox 252 3524 347 3581; x_wconf 84' lang='lat' dir='ltr'><strong>ticum</strong></span> <span class='ocrx_word' id='word_1_479' title='bbox 357 3525 406 3597; x_wconf 94' lang='lat' dir='ltr'><strong>qui</strong></span> <span class='ocrx_word' id='word_1_480' title='bbox 419 3530 602 3597; x_wconf 88' lang='lat' dir='ltr'><strong>nuncupatur</strong></span> <span class='ocrx_word' id='word_1_481' title='bbox 613 3525 772 3598; x_wconf 86' lang='lat' dir='ltr'><strong>Tuzilinga.</strong></span> <span class='ocrx_word' id='word_1_482' title='bbox 781 3527 815 3582; x_wconf 86' lang='lat' dir='ltr'><strong>Et</strong></span> <span class='ocrx_word' id='word_1_483' title='bbox 827 3526 888 3582; x_wconf 82' lang='lat' dir='ltr'><strong>bec</strong></span> <span class='ocrx_word' id='word_1_484' title='bbox 942 3519 1044 3590; x_wconf 85' lang='lat' dir='ltr'><strong>sideat,</strong></span> <span class='ocrx_word' id='word_1_485' title='bbox 1058 3519 1100 3576; x_wconf 91' lang='lat' dir='ltr'><strong>vel</strong></span> <span class='ocrx_word' id='word_1_486' title='bbox 1112 3519 1254 3591; x_wconf 90' lang='lat' dir='ltr'><strong>quidquid</strong></span> <span class='ocrx_word' id='word_1_487' title='bbox 1265 3521 1368 3577; x_wconf 84' lang='lat' dir='ltr'><strong>exinde</strong></span> <span class='ocrx_word' id='word_1_488' title='bbox 1377 3521 1414 3578; x_wconf 95' lang='lat' dir='ltr'><strong>ob</strong></span> <span class='ocrx_word' id='word_1_489' title='bbox 1424 3520 1580 3579; x_wconf 89' lang='lat' dir='ltr'><strong>utilitatem</strong></span> <span class='ocrx_word' id='word_1_490' title='bbox 1590 3524 1633 3580; x_wconf 87' lang='lat' dir='ltr'><strong>vel</strong></span> <span class='ocrx_word' id='word_1_491' title='bbox 1644 3538 1767 3582; x_wconf 90' lang='lat' dir='ltr'><strong>commo·</strong></span> 
     </span>
     <span class='ocr_line' id='line_1_38' title="bbox 57 3605 1761 3689; baseline 0.005 -27"><span class='ocrx_word' id='word_1_492' title='bbox 57 3607 158 3666; x_wconf 82' lang='lat' dir='ltr'><strong>omnia</strong></span> <span class='ocrx_word' id='word_1_493' title='bbox 179 3611 292 3669; x_wconf 86' lang='lat' dir='ltr'><strong>suntin</strong></span> <span class='ocrx_word' id='word_1_494' title='bbox 314 3626 385 3686; x_wconf 82' lang='lat' dir='ltr'><strong>pago</strong></span> <span class='ocrx_word' id='word_1_495' title='bbox 411 3614 462 3686; x_wconf 83' lang='lat' dir='ltr'><strong>qui</strong></span> <span class='ocrx_word' id='word_1_496' title='bbox 477 3615 587 3672; x_wconf 80' lang='lat' dir='ltr'><strong>dicitur</strong></span> <span class='ocrx_word' id='word_1_497' title='bbox 607 3615 786 3689; x_wconf 80' lang='lat' dir='ltr'><strong>Tonahgewi.</strong></span> <span class='ocrx_word' id='word_1_498' title='bbox 809 3617 887 3672; x_wconf 82' lang='lat' dir='ltr'><strong>Hanc</strong></span> <span class='ocrx_word' id='word_1_499' title='bbox 941 3609 1060 3665; x_wconf 71' lang='lat' dir='ltr'><strong>dilatem</strong></span> <span class='ocrx_word' id='word_1_500' title='bbox 1075 3606 1167 3665; x_wconf 78' lang='lat' dir='ltr'><strong>facete</strong></span> <span class='ocrx_word' id='word_1_501' title='bbox 1183 3605 1330 3683; x_wconf 52' lang='lat' dir='ltr'><strong>[Sittium]</strong></span> <span class='ocrx_word' id='word_1_502' title='bbox 1352 3611 1410 3682; x_wconf 84' lang='lat' dir='ltr'><strong>sili,</strong></span> <span class='ocrx_word' id='word_1_503' title='bbox 1430 3611 1472 3667; x_wconf 83' lang='lat' dir='ltr'><strong>vel</strong></span> <span class='ocrx_word' id='word_1_504' title='bbox 1487 3611 1616 3682; x_wconf 73' lang='lat' dir='ltr'><strong>judicare</strong></span> <span class='ocrx_word' id='word_1_505' title='bbox 1629 3613 1761 3687; x_wconf 79' lang='lat' dir='ltr'><strong>voluerii,</strong></span> 
     </span>
     <span class='ocr_line' id='line_1_39' title="bbox 58 3696 1765 3776; baseline 0.002 -20"><span class='ocrx_word' id='word_1_506' title='bbox 58 3697 247 3756; x_wconf 82' lang='lat' dir='ltr'><strong>traditionem</strong></span> <span class='ocrx_word' id='word_1_507' title='bbox 259 3701 368 3772; x_wconf 88' lang='lat' dir='ltr'><strong>accepit</strong></span> <span class='ocrx_word' id='word_1_508' title='bbox 391 3702 546 3773; x_wconf 84' lang='lat' dir='ltr'><strong>predictus</strong></span> <span class='ocrx_word' id='word_1_509' title='bbox 559 3703 714 3761; x_wconf 73' lang='lat' dir='ltr'><strong>imbricbo</strong></span> <span class='ocrx_word' id='word_1_510' title='bbox 734 3705 887 3776; x_wconf 86' lang='lat' dir='ltr'><strong>episcopus</strong></span> <span class='ocrx_word' id='word_1_511' title='bbox 942 3696 1061 3755; x_wconf 91' lang='lat' dir='ltr'><strong>liberam</strong></span> <span class='ocrx_word' id='word_1_512' title='bbox 1088 3698 1118 3753; x_wconf 92' lang='lat' dir='ltr'><strong>in</strong></span> <span class='ocrx_word' id='word_1_513' title='bbox 1133 3697 1268 3756; x_wconf 86' lang='lat' dir='ltr'><strong>omnibus</strong></span> <span class='ocrx_word' id='word_1_514' title='bbox 1284 3698 1386 3756; x_wconf 88' lang='lat' dir='ltr'><strong>babeat</strong></span> <span class='ocrx_word' id='word_1_515' title='bbox 1401 3704 1566 3770; x_wconf 89' lang='lat' dir='ltr'><strong>potestatem</strong></span> <span class='ocrx_word' id='word_1_516' title='bbox 1582 3700 1722 3774; x_wconf 83' lang='lat' dir='ltr'><strong>iaciendi3</strong></span> <span class='ocrx_word' id='word_1_517' title='bbox 1736 3709 1765 3761; x_wconf 91' lang='lat' dir='ltr'><strong>et</strong></span> 
     </span>
     <span class='ocr_line' id='line_1_40' title="bbox 58 3786 1764 3864; baseline 0.003 -21"><span class='ocrx_word' id='word_1_518' title='bbox 58 3793 148 3862; x_wconf 81' lang='lat' dir='ltr'><strong>atque</strong></span> <span class='ocrx_word' id='word_1_519' title='bbox 162 3786 273 3846; x_wconf 88' lang='lat' dir='ltr'><strong>llelirlb</strong></span> <span class='ocrx_word' id='word_1_520' title='bbox 297 3791 450 3849; x_wconf 84' lang='lat' dir='ltr'><strong>advocatus</strong></span> <span class='ocrx_word' id='word_1_521' title='bbox 473 3793 546 3864; x_wconf 76' lang='lat' dir='ltr'><strong>eius,</strong></span> <span class='ocrx_word' id='word_1_522' title='bbox 559 3793 730 3851; x_wconf 77' lang='lat' dir='ltr'><strong>Hetmoutet</strong></span> <span class='ocrx_word' id='word_1_523' title='bbox 750 3794 887 3852; x_wconf 71' lang='lat' dir='ltr'><strong>waltunc</strong></span> <span class='ocrx_word' id='word_1_524' title='bbox 941 3787 1038 3843; x_wconf 86' lang='lat' dir='ltr'><strong>taliter</strong></span> <span class='ocrx_word' id='word_1_525' title='bbox 1049 3786 1180 3845; x_wconf 90' lang='lat' dir='ltr'><strong>intereos</strong></span> <span class='ocrx_word' id='word_1_526' title='bbox 1189 3789 1337 3846; x_wconf 86' lang='lat' dir='ltr'><strong>convenit:</strong></span> <span class='ocrx_word' id='word_1_527' title='bbox 1351 3789 1414 3845; x_wconf 92' lang='lat' dir='ltr'><strong>utsi</strong></span> <span class='ocrx_word' id='word_1_528' title='bbox 1429 3788 1518 3846; x_wconf 88' lang='lat' dir='ltr'><strong>luerit</strong></span> <span class='ocrx_word' id='word_1_529' title='bbox 1528 3794 1591 3861; x_wconf 89' lang='lat' dir='ltr'><strong>post</strong></span> <span class='ocrx_word' id='word_1_530' title='bbox 1601 3791 1764 3849; x_wconf 91' lang='lat' dir='ltr'><strong>buncdiem</strong></span> 
     </span>
     <span class='ocr_line' id='line_1_41' title="bbox 59 3877 1764 3951; baseline 0.002 -18"><span class='ocrx_word' id='word_1_531' title='bbox 59 3879 116 3938; x_wconf 83' lang='lat' dir='ltr'><strong>ide</strong></span> <span class='ocrx_word' id='word_1_532' title='bbox 128 3879 267 3950; x_wconf 78' lang='lat' dir='ltr'><strong>iussores.</strong></span> <span class='ocrx_word' id='word_1_533' title='bbox 283 3881 317 3937; x_wconf 80' lang='lat' dir='ltr'><strong>lit</strong></span> <span class='ocrx_word' id='word_1_534' title='bbox 333 3894 348 3938; x_wconf 88' lang='lat' dir='ltr'><strong>e</strong></span> <span class='ocrx_word' id='word_1_535' title='bbox 363 3885 462 3938; x_wconf 82' lang='lat' dir='ltr'><strong>contra</strong></span> <span class='ocrx_word' id='word_1_536' title='bbox 472 3882 594 3940; x_wconf 78' lang='lat' dir='ltr'><strong>tradidit</strong></span> <span class='ocrx_word' id='word_1_537' title='bbox 608 3881 719 3941; x_wconf 76' lang='lat' dir='ltr'><strong>Heiirih</strong></span> <span class='ocrx_word' id='word_1_538' title='bbox 734 3884 888 3943; x_wconf 73' lang='lat' dir='ltr'><strong>advocatus</strong></span> <span class='ocrx_word' id='word_1_539' title='bbox 942 3877 1021 3933; x_wconf 85' lang='lat' dir='ltr'><strong>ullus</strong></span> <span class='ocrx_word' id='word_1_540' title='bbox 1033 3890 1067 3933; x_wconf 84' lang='lat' dir='ltr'><strong>ex</strong></span> <span class='ocrx_word' id='word_1_541' title='bbox 1078 3877 1161 3949; x_wconf 91' lang='lat' dir='ltr'><strong>ipsis,</strong></span> <span class='ocrx_word' id='word_1_542' title='bbox 1171 3881 1221 3934; x_wconf 91' lang='lat' dir='ltr'><strong>aut</strong></span> <span class='ocrx_word' id='word_1_543' title='bbox 1230 3878 1288 3934; x_wconf 85' lang='lat' dir='ltr'><strong>alia</strong></span> <span class='ocrx_word' id='word_1_544' title='bbox 1302 3879 1437 3951; x_wconf 83' lang='lat' dir='ltr'><strong>quaelibet</strong></span> <span class='ocrx_word' id='word_1_545' title='bbox 1446 3879 1579 3951; x_wconf 88' lang='lat' dir='ltr'><strong>opposita</strong></span> <span class='ocrx_word' id='word_1_546' title='bbox 1590 3880 1764 3950; x_wconf 85' lang='lat' dir='ltr'><strong>personaret</strong></span> 
     </span>
     <span class='ocr_line' id='line_1_42' title="bbox 59 3966 1766 4042; baseline 0.004 -20"><span class='ocrx_word' id='word_1_547' title='bbox 59 3968 95 4026; x_wconf 93' lang='lat' dir='ltr'><strong>de</strong></span> <span class='ocrx_word' id='word_1_548' title='bbox 108 3967 196 4026; x_wconf 88' lang='lat' dir='ltr'><strong>rebus</strong></span> <span class='ocrx_word' id='word_1_549' title='bbox 215 3967 243 4024; x_wconf 89' lang='lat' dir='ltr'><strong>S.</strong></span> <span class='ocrx_word' id='word_1_550' title='bbox 264 3969 463 4025; x_wconf 87' lang='lat' dir='ltr'><strong>Emmerammi</strong></span> <span class='ocrx_word' id='word_1_551' title='bbox 483 3983 618 4027; x_wconf 81' lang='lat' dir='ltr'><strong>unacum</strong></span> <span class='ocrx_word' id='word_1_552' title='bbox 644 3985 784 4028; x_wconf 79' lang='lat' dir='ltr'><strong>consensu</strong></span> <span class='ocrx_word' id='word_1_553' title='bbox 794 3979 822 4029; x_wconf 82' lang='lat' dir='ltr'><strong>et</strong></span> <span class='ocrx_word' id='word_1_554' title='bbox 835 3987 889 4030; x_wconf 79' lang='lat' dir='ltr'><strong>vo·</strong></span> <span class='ocrx_word' id='word_1_555' title='bbox 942 3966 1046 4022; x_wconf 86' lang='lat' dir='ltr'><strong>emissa</strong></span> <span class='ocrx_word' id='word_1_556' title='bbox 1056 3973 1224 4036; x_wconf 83' lang='lat' dir='ltr'><strong>quecontra</strong></span> <span class='ocrx_word' id='word_1_557' title='bbox 1236 3967 1308 4023; x_wconf 85' lang='lat' dir='ltr'><strong>banc</strong></span> <span class='ocrx_word' id='word_1_558' title='bbox 1319 3969 1570 4024; x_wconf 87' lang='lat' dir='ltr'><strong>commutationem</strong></span> <span class='ocrx_word' id='word_1_559' title='bbox 1584 3969 1620 4025; x_wconf 94' lang='lat' dir='ltr'><strong>de</strong></span> <span class='ocrx_word' id='word_1_560' title='bbox 1635 3970 1766 4042; x_wconf 85' lang='lat' dir='ltr'><strong>quaduae</strong></span> 
     </span>
     <span class='ocr_line' id='line_1_43' title="bbox 59 4054 1764 4130; baseline 0.004 -19"><span class='ocrx_word' id='word_1_561' title='bbox 59 4059 174 4116; x_wconf 85' lang='lat' dir='ltr'><strong>luntate</strong></span> <span class='ocrx_word' id='word_1_562' title='bbox 185 4057 314 4128; x_wconf 78' lang='lat' dir='ltr'><strong>predicti</strong></span> <span class='ocrx_word' id='word_1_563' title='bbox 333 4059 459 4130; x_wconf 85' lang='lat' dir='ltr'><strong>episcopi</strong></span> <span class='ocrx_word' id='word_1_564' title='bbox 474 4063 503 4115; x_wconf 83' lang='lat' dir='ltr'><strong>et</strong></span> <span class='ocrx_word' id='word_1_565' title='bbox 513 4073 658 4117; x_wconf 77' lang='lat' dir='ltr'><strong>servorum</strong></span> <span class='ocrx_word' id='word_1_566' title='bbox 678 4062 727 4117; x_wconf 82' lang='lat' dir='ltr'><strong>nei</strong></span> <span class='ocrx_word' id='word_1_567' title='bbox 744 4062 774 4117; x_wconf 83' lang='lat' dir='ltr'><strong>in</strong></span> <span class='ocrx_word' id='word_1_568' title='bbox 791 4062 887 4119; x_wconf 74' lang='lat' dir='ltr'><strong>eadem</strong></span> <span class='ocrx_word' id='word_1_569' title='bbox 942 4054 1059 4111; x_wconf 81' lang='lat' dir='ltr'><strong>cartulae</strong></span> <span class='ocrx_word' id='word_1_570' title='bbox 1075 4068 1132 4112; x_wconf 93' lang='lat' dir='ltr'><strong>uno</strong></span> <span class='ocrx_word' id='word_1_571' title='bbox 1148 4060 1244 4111; x_wconf 89' lang='lat' dir='ltr'><strong>tenore</strong></span> <span class='ocrx_word' id='word_1_572' title='bbox 1255 4057 1424 4128; x_wconf 78' lang='lat' dir='ltr'><strong>conscriptae</strong></span> <span class='ocrx_word' id='word_1_573' title='bbox 1443 4070 1504 4113; x_wconf 89' lang='lat' dir='ltr'><strong>esse</strong></span> <span class='ocrx_word' id='word_1_574' title='bbox 1519 4058 1652 4115; x_wconf 87' lang='lat' dir='ltr'><strong>videntur</strong></span> <span class='ocrx_word' id='word_1_575' title='bbox 1666 4060 1764 4118; x_wconf 87' lang='lat' dir='ltr'><strong>venire</strong></span> 
     </span>
     <span class='ocr_line' id='line_1_44' title="bbox 60 4144 1764 4221; baseline 0.001 -16"><span class='ocrx_word' id='word_1_576' title='bbox 60 4147 130 4205; x_wconf 87' lang='lat' dir='ltr'><strong>sede</strong></span> <span class='ocrx_word' id='word_1_577' title='bbox 150 4147 315 4219; x_wconf 90' lang='lat' dir='ltr'><strong>degentium</strong></span> <span class='ocrx_word' id='word_1_578' title='bbox 337 4148 480 4220; x_wconf 92' lang='lat' dir='ltr'><strong>quidquid</strong></span> <span class='ocrx_word' id='word_1_579' title='bbox 506 4148 628 4219; x_wconf 84' lang='lat' dir='ltr'><strong>billunc,</strong></span> <span class='ocrx_word' id='word_1_580' title='bbox 652 4155 732 4221; x_wconf 90' lang='lat' dir='ltr'><strong>pater</strong></span> <span class='ocrx_word' id='word_1_581' title='bbox 747 4151 889 4221; x_wconf 82' lang='lat' dir='ltr'><strong>praedictae</strong></span> <span class='ocrx_word' id='word_1_582' title='bbox 943 4145 1104 4216; x_wconf 86' lang='lat' dir='ltr'><strong>tentaverit,</strong></span> <span class='ocrx_word' id='word_1_583' title='bbox 1116 4150 1166 4201; x_wconf 88' lang='lat' dir='ltr'><strong>aut</strong></span> <span class='ocrx_word' id='word_1_584' title='bbox 1179 4159 1240 4201; x_wconf 84' lang='lat' dir='ltr'><strong>eam</strong></span> <span class='ocrx_word' id='word_1_585' title='bbox 1253 4144 1409 4219; x_wconf 77' lang='lat' dir='ltr'><strong>infringere</strong></span> <span class='ocrx_word' id='word_1_586' title='bbox 1423 4147 1558 4218; x_wconf 90' lang='lat' dir='ltr'><strong>voluerit,</strong></span> <span class='ocrx_word' id='word_1_587' title='bbox 1572 4146 1677 4205; x_wconf 87' lang='lat' dir='ltr'><strong>inierat</strong></span> <span class='ocrx_word' id='word_1_588' title='bbox 1688 4151 1764 4221; x_wconf 90' lang='lat' dir='ltr'><strong>parti</strong></span> 
     </span>
     <span class='ocr_line' id='line_1_45' title="bbox 59 4234 1772 4311; baseline 0.001 -17"><span class='ocrx_word' id='word_1_589' title='bbox 59 4237 167 4306; x_wconf 85' lang='lat' dir='ltr'><strong>viduae,</strong></span> <span class='ocrx_word' id='word_1_590' title='bbox 182 4236 213 4291; x_wconf 93' lang='lat' dir='ltr'><strong>in</strong></span> <span class='ocrx_word' id='word_1_591' title='bbox 226 4236 364 4294; x_wconf 81' lang='lat' dir='ltr'><strong>beneflcio</strong></span> <span class='ocrx_word' id='word_1_592' title='bbox 375 4237 477 4294; x_wconf 88' lang='lat' dir='ltr'><strong>babuit</strong></span> <span class='ocrx_word' id='word_1_593' title='bbox 491 4237 521 4294; x_wconf 94' lang='lat' dir='ltr'><strong>in</strong></span> <span class='ocrx_word' id='word_1_594' title='bbox 537 4239 599 4296; x_wconf 88' lang='lat' dir='ltr'><strong>vico</strong></span> <span class='ocrx_word' id='word_1_595' title='bbox 615 4238 665 4311; x_wconf 94' lang='lat' dir='ltr'><strong>qui</strong></span> <span class='ocrx_word' id='word_1_596' title='bbox 680 4240 791 4296; x_wconf 90' lang='lat' dir='ltr'><strong>dicitur</strong></span> <span class='ocrx_word' id='word_1_597' title='bbox 803 4239 890 4296; x_wconf 88' lang='lat' dir='ltr'><strong>Tala·</strong></span> <span class='ocrx_word' id='word_1_598' title='bbox 943 4234 1222 4306; x_wconf 88' lang='lat' dir='ltr'><strong>contraquemlitem</strong></span> <span class='ocrx_word' id='word_1_599' title='bbox 1234 4234 1376 4306; x_wconf 88' lang='lat' dir='ltr'><strong>intulerit,</strong></span> <span class='ocrx_word' id='word_1_600' title='bbox 1386 4236 1450 4292; x_wconf 92' lang='lat' dir='ltr'><strong>auri</strong></span> <span class='ocrx_word' id='word_1_601' title='bbox 1463 4235 1578 4292; x_wconf 89' lang='lat' dir='ltr'><strong>librasu</strong></span> <span class='ocrx_word' id='word_1_602' title='bbox 1592 4237 1681 4294; x_wconf 89' lang='lat' dir='ltr'><strong>multa</strong></span> <span class='ocrx_word' id='word_1_603' title='bbox 1692 4253 1772 4296; x_wconf 86' lang='lat' dir='ltr'><strong>eom·</strong></span> 
     </span>
     <span class='ocr_line' id='line_1_46' title="bbox 60 4324 1764 4399; baseline 0.001 -16"><span class='ocrx_word' id='word_1_604' title='bbox 60 4326 194 4399; x_wconf 80' lang='lat' dir='ltr'><strong>mezinga</strong></span> <span class='ocrx_word' id='word_1_605' title='bbox 213 4339 278 4382; x_wconf 90' lang='lat' dir='ltr'><strong>cum</strong></span> <span class='ocrx_word' id='word_1_606' title='bbox 302 4325 456 4396; x_wconf 89' lang='lat' dir='ltr'><strong>mancipiis</strong></span> <span class='ocrx_word' id='word_1_607' title='bbox 472 4341 534 4399; x_wconf 77' lang='grc' dir='ltr'>ιιι,</span> <span class='ocrx_word' id='word_1_608' title='bbox 551 4341 673 4399; x_wconf 90' lang='lat' dir='ltr'><strong>quorum</strong></span> <span class='ocrx_word' id='word_1_609' title='bbox 691 4328 807 4385; x_wconf 86' lang='lat' dir='ltr'><strong>nomina</strong></span> <span class='ocrx_word' id='word_1_610' title='bbox 821 4332 890 4385; x_wconf 89' lang='lat' dir='ltr'><strong>sunt</strong></span> <span class='ocrx_word' id='word_1_611' title='bbox 918 4360 921 4364; x_wconf 92' lang='lat'><em>-</em></span> <span class='ocrx_word' id='word_1_612' title='bbox 944 4328 1076 4395; x_wconf 74' lang='lat' dir='ltr'><strong>putatet</strong></span> <span class='ocrx_word' id='word_1_613' title='bbox 1087 4338 1138 4381; x_wconf 90' lang='lat' dir='ltr'><strong>sua</strong></span> <span class='ocrx_word' id='word_1_614' title='bbox 1152 4324 1285 4395; x_wconf 90' lang='lat' dir='ltr'><strong>repetitio</strong></span> <span class='ocrx_word' id='word_1_615' title='bbox 1296 4324 1407 4381; x_wconf 90' lang='lat' dir='ltr'><strong>nullum</strong></span> <span class='ocrx_word' id='word_1_616' title='bbox 1421 4325 1550 4382; x_wconf 86' lang='lat' dir='ltr'><strong>obtineat</strong></span> <span class='ocrx_word' id='word_1_617' title='bbox 1561 4325 1701 4397; x_wconf 88' lang='lat' dir='ltr'><strong>ellectum,</strong></span> <span class='ocrx_word' id='word_1_618' title='bbox 1715 4328 1764 4384; x_wconf 90' lang='lat' dir='ltr'><strong>sed</strong></span> 
     </span>
     <span class='ocr_line' id='line_1_47' title="bbox 21 4401 1769 4488; baseline -0.001 -15"><span class='ocrx_word' id='word_1_619' title='bbox 21 4401 41 4453; x_wconf 72' lang='grc'><strong>’·</strong></span> <span class='ocrx_word' id='word_1_620' title='bbox 61 4416 139 4473; x_wconf 72' lang='lat' dir='ltr'><strong>bec:</strong></span> <span class='ocrx_word' id='word_1_621' title='bbox 163 4416 318 4486; x_wconf 83' lang='lat' dir='ltr'><strong>cundram,</strong></span> <span class='ocrx_word' id='word_1_622' title='bbox 345 4414 497 4488; x_wconf 84' lang='lat' dir='ltr'><strong>blahlrelm,</strong></span> <span class='ocrx_word' id='word_1_623' title='bbox 530 4416 653 4486; x_wconf 77' lang='lat' dir='ltr'><strong>cristan,</strong></span> <span class='ocrx_word' id='word_1_624' title='bbox 682 4416 795 4488; x_wconf 86' lang='lat' dir='ltr'><strong>Salvan,</strong></span> <span class='ocrx_word' id='word_1_625' title='bbox 815 4419 891 4475; x_wconf 88' lang='lat' dir='ltr'><strong>Ger-</strong></span> <span class='ocrx_word' id='word_1_626' title='bbox 903 4403 931 4466; x_wconf 84' lang='lat' dir='ltr'><strong>D</strong></span> <span class='ocrx_word' id='word_1_627' title='bbox 945 4428 1069 4486; x_wconf 77' lang='lat' dir='ltr'><strong>presens</strong></span> <span class='ocrx_word' id='word_1_628' title='bbox 1078 4413 1263 4471; x_wconf 86' lang='lat' dir='ltr'><strong>commutatio</strong></span> <span class='ocrx_word' id='word_1_629' title='bbox 1278 4413 1356 4469; x_wconf 94' lang='lat' dir='ltr'><strong>omni</strong></span> <span class='ocrx_word' id='word_1_630' title='bbox 1371 4416 1496 4484; x_wconf 92' lang='lat' dir='ltr'><strong>tempore</strong></span> <span class='ocrx_word' id='word_1_631' title='bbox 1510 4415 1590 4470; x_wconf 90' lang='lat' dir='ltr'><strong>brma</strong></span> <span class='ocrx_word' id='word_1_632' title='bbox 1603 4423 1769 4485; x_wconf 89' lang='lat' dir='ltr'><strong>permaneat</strong></span> 
     </span>
     <span class='ocr_line' id='line_1_48' title="bbox 59 4502 1767 4580; baseline -0.002 -16"><span class='ocrx_word' id='word_1_633' title='bbox 59 4507 147 4578; x_wconf 92' lang='lat' dir='ltr'><strong>linto,</strong></span> <span class='ocrx_word' id='word_1_634' title='bbox 159 4506 297 4576; x_wconf 82' lang='lat' dir='ltr'><strong>Folcmar,</strong></span> <span class='ocrx_word' id='word_1_635' title='bbox 311 4505 447 4579; x_wconf 86' lang='lat' dir='ltr'><strong>Paldlrilt,</strong></span> <span class='ocrx_word' id='word_1_636' title='bbox 463 4507 593 4578; x_wconf 87' lang='lat' dir='ltr'><strong>llatpirn,</strong></span> <span class='ocrx_word' id='word_1_637' title='bbox 609 4506 763 4580; x_wconf 87' lang='lat' dir='ltr'><strong>Wolipirc,</strong></span> <span class='ocrx_word' id='word_1_638' title='bbox 785 4507 891 4564; x_wconf 91' lang='lat' dir='ltr'><strong>Wald-</strong></span> <span class='ocrx_word' id='word_1_639' title='bbox 945 4518 1010 4561; x_wconf 90' lang='lat' dir='ltr'><strong>cum</strong></span> <span class='ocrx_word' id='word_1_640' title='bbox 1026 4503 1213 4573; x_wconf 86' lang='lat' dir='ltr'><strong>stipulatione</strong></span> <span class='ocrx_word' id='word_1_641' title='bbox 1227 4502 1358 4560; x_wconf 83' lang='lat' dir='ltr'><strong>subnixa.</strong></span> <span class='ocrx_word' id='word_1_642' title='bbox 1374 4502 1476 4560; x_wconf 79' lang='lat' dir='ltr'><strong>dotum</strong></span> <span class='ocrx_word' id='word_1_643' title='bbox 1489 4503 1767 4577; x_wconf 82' lang='lat' dir='ltr'><strong>Reganesburgcivi·</strong></span> 
     </span>
     <span class='ocr_line' id='line_1_49' title="bbox 60 4592 1765 4670; baseline -0.001 -15"><span class='ocrx_word' id='word_1_644' title='bbox 60 4597 150 4668; x_wconf 88' lang='lat' dir='ltr'><strong>cnud,</strong></span> <span class='ocrx_word' id='word_1_645' title='bbox 164 4595 285 4667; x_wconf 82' lang='lat' dir='ltr'><strong>Frobilt,</strong></span> <span class='ocrx_word' id='word_1_646' title='bbox 301 4595 430 4667; x_wconf 88' lang='lat' dir='ltr'><strong>sonpirc,</strong></span> <span class='ocrx_word' id='word_1_647' title='bbox 451 4597 596 4669; x_wconf 87' lang='lat' dir='ltr'><strong>Peinbart,</strong></span> <span class='ocrx_word' id='word_1_648' title='bbox 620 4599 805 4670; x_wconf 77' lang='lat' dir='ltr'><strong>lantswinto,</strong></span> <span class='ocrx_word' id='word_1_649' title='bbox 828 4600 891 4655; x_wconf 86' lang='lat' dir='ltr'><strong>ilie-</strong></span> <span class='ocrx_word' id='word_1_650' title='bbox 944 4595 1002 4649; x_wconf 87' lang='lat' dir='ltr'><strong>tate</strong></span> <span class='ocrx_word' id='word_1_651' title='bbox 1012 4592 1120 4649; x_wconf 83' lang='lat' dir='ltr'><strong>subdio</strong></span> <span class='ocrx_word' id='word_1_652' title='bbox 1134 4593 1223 4648; x_wconf 82' lang='lat' dir='ltr'><strong>vlial.</strong></span> <span class='ocrx_word' id='word_1_653' title='bbox 1238 4593 1392 4664; x_wconf 86' lang='lat' dir='ltr'><strong>Septemb,</strong></span> <span class='ocrx_word' id='word_1_654' title='bbox 1408 4606 1482 4649; x_wconf 92' lang='lat' dir='ltr'><strong>anno</strong></span> <span class='ocrx_word' id='word_1_655' title='bbox 1496 4608 1525 4649; x_wconf 83' lang='grc' dir='ltr'><strong>ιι</strong></span> <span class='ocrx_word' id='word_1_656' title='bbox 1538 4595 1664 4666; x_wconf 91' lang='lat' dir='ltr'><strong>propitio</strong></span> <span class='ocrx_word' id='word_1_657' title='bbox 1678 4595 1765 4653; x_wconf 82' lang='lat' dir='ltr'><strong>Chri-</strong></span> 
     </span>
     <span class='ocr_line' id='line_1_50' title="bbox 61 4680 1765 4761; baseline -0.002 -16"><span class='ocrx_word' id='word_1_658' title='bbox 61 4688 149 4761; x_wconf 86' lang='lat' dir='ltr'><strong>rigis,</strong></span> <span class='ocrx_word' id='word_1_659' title='bbox 163 4685 268 4756; x_wconf 82' lang='lat' dir='ltr'><strong>Rodui,</strong></span> <span class='ocrx_word' id='word_1_660' title='bbox 291 4684 442 4757; x_wconf 88' lang='lat' dir='ltr'><strong>blabtberi,</strong></span> <span class='ocrx_word' id='word_1_661' title='bbox 457 4685 570 4759; x_wconf 84' lang='lat' dir='ltr'><strong>Magoll,</strong></span> <span class='ocrx_word' id='word_1_662' title='bbox 588 4687 746 4759; x_wconf 82' lang='lat' dir='ltr'><strong>ceizperht.</strong></span> <span class='ocrx_word' id='word_1_663' title='bbox 770 4687 890 4759; x_wconf 89' lang='lat' dir='ltr'><strong>insuper</strong></span> <span class='ocrx_word' id='word_1_664' title='bbox 945 4686 989 4738; x_wconf 93' lang='lat' dir='ltr'><strong>sto</strong></span> <span class='ocrx_word' id='word_1_665' title='bbox 998 4681 1184 4753; x_wconf 86' lang='lat' dir='ltr'><strong>regnidomni</strong></span> <span class='ocrx_word' id='word_1_666' title='bbox 1195 4680 1353 4738; x_wconf 84' lang='lat' dir='ltr'><strong>illudowici</strong></span> <span class='ocrx_word' id='word_1_667' title='bbox 1364 4681 1440 4753; x_wconf 89' lang='lat' dir='ltr'><strong>regis</strong></span> <span class='ocrx_word' id='word_1_668' title='bbox 1453 4682 1623 4761; x_wconf 89' lang='lat' dir='ltr'><strong>inorientali</strong></span> <span class='ocrx_word' id='word_1_669' title='bbox 1634 4684 1765 4758; x_wconf 86' lang='lat' dir='ltr'><strong>Francia,</strong></span> 
     </span>
     <span class='ocr_line' id='line_1_51' title="bbox 59 4768 1766 4847; baseline -0.001 -16"><span class='ocrx_word' id='word_1_670' title='bbox 59 4778 98 4835; x_wconf 89' lang='lat' dir='ltr'><strong>de</strong></span> <span class='ocrx_word' id='word_1_671' title='bbox 112 4782 190 4834; x_wconf 89' lang='lat' dir='ltr'><strong>terra</strong></span> <span class='ocrx_word' id='word_1_672' title='bbox 204 4774 307 4831; x_wconf 89' lang='lat' dir='ltr'><strong>arabili</strong></span> <span class='ocrx_word' id='word_1_673' title='bbox 322 4776 381 4847; x_wconf 83' lang='lat' dir='ltr'><strong>jug.</strong></span> <span class='ocrx_word' id='word_1_674' title='bbox 396 4788 466 4846; x_wconf 81' lang='lat' dir='ltr'><strong>xvir,</strong></span> <span class='ocrx_word' id='word_1_675' title='bbox 482 4779 510 4832; x_wconf 93' lang='lat' dir='ltr'><strong>et</strong></span> <span class='ocrx_word' id='word_1_676' title='bbox 524 4776 559 4833; x_wconf 90' lang='lat' dir='ltr'><strong>de</strong></span> <span class='ocrx_word' id='word_1_677' title='bbox 572 4777 663 4847; x_wconf 88' lang='lat' dir='ltr'><strong>pratis</strong></span> <span class='ocrx_word' id='word_1_678' title='bbox 671 4777 705 4834; x_wconf 87' lang='lat' dir='ltr'><strong>ad</strong></span> <span class='ocrx_word' id='word_1_679' title='bbox 717 4777 851 4834; x_wconf 81' lang='lat' dir='ltr'><strong>carradas</strong></span> <span class='ocrx_word' id='word_1_680' title='bbox 859 4790 888 4833; x_wconf 83' lang='grc' dir='ltr'><strong>ιιι</strong></span> <span class='ocrx_word' id='word_1_681' title='bbox 945 4770 1045 4828; x_wconf 89' lang='lat' dir='ltr'><strong>iudici.</strong></span> <span class='ocrx_word' id='word_1_682' title='bbox 1064 4768 1098 4826; x_wconf 83' lang='lat' dir='ltr'><strong>lb</strong></span> <span class='ocrx_word' id='word_1_683' title='bbox 1110 4771 1139 4825; x_wconf 93' lang='lat' dir='ltr'><strong>in</strong></span> <span class='ocrx_word' id='word_1_684' title='bbox 1152 4770 1202 4825; x_wconf 87' lang='lat' dir='ltr'><strong>Dei</strong></span> <span class='ocrx_word' id='word_1_685' title='bbox 1218 4769 1334 4826; x_wconf 90' lang='lat' dir='ltr'><strong>nomine</strong></span> <span class='ocrx_word' id='word_1_686' title='bbox 1344 4769 1476 4828; x_wconf 79' lang='lat' dir='ltr'><strong>feliciter.</strong></span> <span class='ocrx_word' id='word_1_687' title='bbox 1495 4771 1614 4845; x_wconf 90' lang='lat' dir='ltr'><strong>Signum</strong></span> <span class='ocrx_word' id='word_1_688' title='bbox 1629 4772 1766 4830; x_wconf 87' lang='lat' dir='ltr'><strong>Ucoiandi</strong></span> 
     </span>
     <span class='ocr_line' id='line_1_52' title="bbox 59 4860 1766 4939; baseline -0.002 -15"><span class='ocrx_word' id='word_1_689' title='bbox 59 4866 198 4938; x_wconf 81' lang='lat' dir='ltr'><strong>adiacens</strong></span> <span class='ocrx_word' id='word_1_690' title='bbox 208 4864 328 4936; x_wconf 89' lang='lat' dir='ltr'><strong>vicoqui</strong></span> <span class='ocrx_word' id='word_1_691' title='bbox 338 4863 449 4920; x_wconf 90' lang='lat' dir='ltr'><strong>dicitur</strong></span> <span class='ocrx_word' id='word_1_692' title='bbox 461 4864 649 4939; x_wconf 88' lang='lat' dir='ltr'><strong>Leiebilinga,</strong></span> <span class='ocrx_word' id='word_1_693' title='bbox 662 4871 694 4922; x_wconf 90' lang='lat' dir='ltr'><strong>ut</strong></span> <span class='ocrx_word' id='word_1_694' title='bbox 710 4866 763 4923; x_wconf 89' lang='lat' dir='ltr'><strong>boo</strong></span> <span class='ocrx_word' id='word_1_695' title='bbox 774 4867 804 4923; x_wconf 90' lang='lat' dir='ltr'><strong>in</strong></span> <span class='ocrx_word' id='word_1_696' title='bbox 821 4879 891 4937; x_wconf 90' lang='lat' dir='ltr'><strong>pro-</strong></span> <span class='ocrx_word' id='word_1_697' title='bbox 945 4862 995 4934; x_wconf 93' lang='lat' dir='ltr'><strong>qui</strong></span> <span class='ocrx_word' id='word_1_698' title='bbox 1016 4861 1088 4917; x_wconf 81' lang='lat' dir='ltr'><strong>lianc</strong></span> <span class='ocrx_word' id='word_1_699' title='bbox 1102 4860 1352 4917; x_wconf 91' lang='lat' dir='ltr'><strong>commutationem</strong></span> <span class='ocrx_word' id='word_1_700' title='bbox 1373 4860 1434 4916; x_wconf 87' lang='lat' dir='ltr'><strong>lieri</strong></span> <span class='ocrx_word' id='word_1_701' title='bbox 1447 4866 1475 4917; x_wconf 94' lang='lat' dir='ltr'><strong>et</strong></span> <span class='ocrx_word' id='word_1_702' title='bbox 1489 4861 1629 4920; x_wconf 87' lang='lat' dir='ltr'><strong>adlrmare</strong></span> <span class='ocrx_word' id='word_1_703' title='bbox 1644 4863 1766 4935; x_wconf 82' lang='lat' dir='ltr'><strong>rogavit</strong></span> 
     </span>
     <span class='ocr_line' id='line_1_53' title="bbox 60 4948 1770 5029; baseline -0.002 -16"><span class='ocrx_word' id='word_1_704' title='bbox 60 4955 215 5028; x_wconf 84' lang='lat' dir='ltr'><strong>prietatem</strong></span> <span class='ocrx_word' id='word_1_705' title='bbox 225 4952 621 5025; x_wconf 78' lang='lat' dir='ltr'><strong>babeatprmdictallllrilind,</strong></span> <span class='ocrx_word' id='word_1_706' title='bbox 632 4955 675 5012; x_wconf 90' lang='lat' dir='ltr'><strong>vel</strong></span> <span class='ocrx_word' id='word_1_707' title='bbox 685 4959 773 5012; x_wconf 89' lang='lat' dir='ltr'><strong>mater</strong></span> <span class='ocrx_word' id='word_1_708' title='bbox 785 4955 889 5029; x_wconf 88' lang='lat' dir='ltr'><strong>ipsius,</strong></span> <span class='ocrx_word' id='word_1_709' title='bbox 944 4951 1062 5023; x_wconf 90' lang='lat' dir='ltr'><strong>Signum</strong></span> <span class='ocrx_word' id='word_1_710' title='bbox 1075 4949 1217 5006; x_wconf 88' lang='lat' dir='ltr'><strong>lleilonis.</strong></span> <span class='ocrx_word' id='word_1_711' title='bbox 1233 4949 1351 5022; x_wconf 79' lang='lat' dir='ltr'><strong>Signum</strong></span> <span class='ocrx_word' id='word_1_712' title='bbox 1362 4948 1499 5006; x_wconf 78' lang='lat' dir='ltr'><strong>liberati.</strong></span> <span class='ocrx_word' id='word_1_713' title='bbox 1515 4951 1634 5023; x_wconf 90' lang='lat' dir='ltr'><strong>Signum</strong></span> <span class='ocrx_word' id='word_1_714' title='bbox 1648 4952 1770 5011; x_wconf 81' lang='lat' dir='ltr'><strong>swarza-</strong></span> 
     </span>
     <span class='ocr_line' id='line_1_54' title="bbox 61 5037 1770 5117; baseline -0.002 -14"><span class='ocrx_word' id='word_1_715' title='bbox 61 5046 87 5103; x_wconf 85' lang='lat' dir='ltr'><strong>si</strong></span> <span class='ocrx_word' id='word_1_716' title='bbox 98 5043 219 5117; x_wconf 87' lang='lat' dir='ltr'><strong>longius</strong></span> <span class='ocrx_word' id='word_1_717' title='bbox 233 5043 347 5100; x_wconf 82' lang='lat' dir='ltr'><strong>uixerit.</strong></span> <span class='ocrx_word' id='word_1_718' title='bbox 363 5045 398 5099; x_wconf 83' lang='lat' dir='ltr'><strong>Et</strong></span> <span class='ocrx_word' id='word_1_719' title='bbox 413 5042 466 5100; x_wconf 92' lang='lat' dir='ltr'><strong>boc</strong></span> <span class='ocrx_word' id='word_1_720' title='bbox 478 5057 510 5100; x_wconf 90' lang='lat' dir='ltr'><strong>ea</strong></span> <span class='ocrx_word' id='word_1_721' title='bbox 526 5045 636 5101; x_wconf 86' lang='lat' dir='ltr'><strong>ratione</strong></span> <span class='ocrx_word' id='word_1_722' title='bbox 650 5044 836 5103; x_wconf 86' lang='lat' dir='ltr'><strong>conciliatum</strong></span> <span class='ocrx_word' id='word_1_723' title='bbox 847 5050 891 5103; x_wconf 92' lang='lat' dir='ltr'><strong>est</strong></span> <span class='ocrx_word' id='word_1_724' title='bbox 946 5040 1016 5097; x_wconf 91' lang='lat' dir='ltr'><strong>lobi.</strong></span> <span class='ocrx_word' id='word_1_725' title='bbox 1030 5040 1149 5112; x_wconf 86' lang='lat' dir='ltr'><strong>Signum</strong></span> <span class='ocrx_word' id='word_1_726' title='bbox 1160 5037 1307 5095; x_wconf 89' lang='lat' dir='ltr'><strong>Odallriti.</strong></span> <span class='ocrx_word' id='word_1_727' title='bbox 1321 5039 1440 5112; x_wconf 80' lang='lat' dir='ltr'><strong>Signum</strong></span> <span class='ocrx_word' id='word_1_728' title='bbox 1453 5040 1574 5113; x_wconf 87' lang='lat' dir='ltr'><strong>liugolll.</strong></span> <span class='ocrx_word' id='word_1_729' title='bbox 1589 5041 1708 5114; x_wconf 91' lang='lat' dir='ltr'><strong>Signum</strong></span> <span class='ocrx_word' id='word_1_730' title='bbox 1719 5043 1770 5098; x_wconf 80' lang='lat' dir='ltr'><strong>lle</strong></span> 
     </span>
     <span class='ocr_line' id='line_1_55' title="bbox 61 5129 1768 5206; baseline -0.004 -14"><span class='ocrx_word' id='word_1_731' title='bbox 61 5139 105 5205; x_wconf 92' lang='lat' dir='ltr'><strong>ut,</strong></span> <span class='ocrx_word' id='word_1_732' title='bbox 120 5133 146 5189; x_wconf 88' lang='lat' dir='ltr'><strong>si</strong></span> <span class='ocrx_word' id='word_1_733' title='bbox 158 5130 300 5204; x_wconf 89' lang='lat' dir='ltr'><strong>quislibet</strong></span> <span class='ocrx_word' id='word_1_734' title='bbox 309 5145 457 5190; x_wconf 86' lang='lat' dir='ltr'><strong>successor</strong></span> <span class='ocrx_word' id='word_1_735' title='bbox 467 5132 671 5191; x_wconf 80' lang='lat' dir='ltr'><strong>Ambriehonis</strong></span> <span class='ocrx_word' id='word_1_736' title='bbox 682 5148 725 5206; x_wconf 90' lang='lat' dir='ltr'><strong>ep.</strong></span> <span class='ocrx_word' id='word_1_737' title='bbox 742 5135 794 5192; x_wconf 89' lang='lat' dir='ltr'><strong>boc</strong></span> <span class='ocrx_word' id='word_1_738' title='bbox 805 5133 891 5206; x_wconf 91' lang='lat' dir='ltr'><strong>placi·</strong></span> <span class='ocrx_word' id='word_1_739' title='bbox 946 5131 1033 5187; x_wconf 93' lang='lat' dir='ltr'><strong>rardi.</strong></span> <span class='ocrx_word' id='word_1_740' title='bbox 1047 5129 1165 5202; x_wconf 87' lang='lat' dir='ltr'><strong>Signum</strong></span> <span class='ocrx_word' id='word_1_741' title='bbox 1174 5129 1311 5202; x_wconf 84' lang='lat' dir='ltr'><strong>billungi.</strong></span> <span class='ocrx_word' id='word_1_742' title='bbox 1323 5129 1442 5202; x_wconf 89' lang='lat' dir='ltr'><strong>Signum</strong></span> <span class='ocrx_word' id='word_1_743' title='bbox 1455 5131 1639 5189; x_wconf 82' lang='lat' dir='ltr'><strong>berehttoldi.</strong></span> <span class='ocrx_word' id='word_1_744' title='bbox 1649 5132 1768 5203; x_wconf 89' lang='lat' dir='ltr'><strong>Signum</strong></span> 
     </span>
     <span class='ocr_line' id='line_1_56' title="bbox 61 5219 1768 5295; baseline -0.004 -15"><span class='ocrx_word' id='word_1_745' title='bbox 61 5221 296 5281; x_wconf 88' lang='lat' dir='ltr'><strong>tumdissolvere</strong></span> <span class='ocrx_word' id='word_1_746' title='bbox 303 5223 458 5293; x_wconf 85' lang='lat' dir='ltr'><strong>conaverit,</strong></span> <span class='ocrx_word' id='word_1_747' title='bbox 475 5226 544 5279; x_wconf 90' lang='lat' dir='ltr'><strong>tunc</strong></span> <span class='ocrx_word' id='word_1_748' title='bbox 557 5224 691 5295; x_wconf 81' lang='lat' dir='ltr'><strong>predicta</strong></span> <span class='ocrx_word' id='word_1_749' title='bbox 706 5225 793 5281; x_wconf 89' lang='lat' dir='ltr'><strong>vidua</strong></span> <span class='ocrx_word' id='word_1_750' title='bbox 808 5223 893 5280; x_wconf 84' lang='lat' dir='ltr'><strong>Elli-</strong></span> <span class='ocrx_word' id='word_1_751' title='bbox 944 5219 1768 5292; x_wconf 81' lang='lat' dir='ltr'><strong>dibericiSignumllandulll.Signumddalperti.signum</strong></span> 
     </span>
     <span class='ocr_line' id='line_1_57' title="bbox 62 5306 1771 5385; baseline -0.005 -15"><span class='ocrx_word' id='word_1_752' title='bbox 62 5313 124 5371; x_wconf 90' lang='lat' dir='ltr'><strong>lind</strong></span> <span class='ocrx_word' id='word_1_753' title='bbox 141 5315 310 5384; x_wconf 86' lang='lat' dir='ltr'><strong>potestatem</strong></span> <span class='ocrx_word' id='word_1_754' title='bbox 329 5327 417 5383; x_wconf 85' lang='lat' dir='ltr'><strong>supra</strong></span> <span class='ocrx_word' id='word_1_755' title='bbox 439 5314 563 5385; x_wconf 83' lang='lat' dir='ltr'><strong>scriptas</strong></span> <span class='ocrx_word' id='word_1_756' title='bbox 585 5328 629 5371; x_wconf 91' lang='lat' dir='ltr'><strong>res</strong></span> <span class='ocrx_word' id='word_1_757' title='bbox 648 5327 698 5371; x_wconf 87' lang='lat' dir='ltr'><strong>seu</strong></span> <span class='ocrx_word' id='word_1_758' title='bbox 714 5314 827 5385; x_wconf 90' lang='lat' dir='ltr'><strong>babere,</strong></span> <span class='ocrx_word' id='word_1_759' title='bbox 840 5328 892 5372; x_wconf 92' lang='lat' dir='ltr'><strong>seu</strong></span> <span class='ocrx_word' id='word_1_760' title='bbox 946 5308 1113 5367; x_wconf 88' lang='lat' dir='ltr'><strong>Wolibarii.</strong></span> <span class='ocrx_word' id='word_1_761' title='bbox 1133 5309 1252 5381; x_wconf 88' lang='lat' dir='ltr'><strong>Signum</strong></span> <span class='ocrx_word' id='word_1_762' title='bbox 1273 5309 1415 5366; x_wconf 85' lang='lat' dir='ltr'><strong>Grimoni.</strong></span> <span class='ocrx_word' id='word_1_763' title='bbox 1442 5310 1561 5383; x_wconf 87' lang='lat' dir='ltr'><strong>Signum</strong></span> <span class='ocrx_word' id='word_1_764' title='bbox 1582 5307 1703 5382; x_wconf 85' lang='lat' dir='ltr'><strong>Egilold.</strong></span> <span class='ocrx_word' id='word_1_765' title='bbox 1719 5306 1771 5362; x_wconf 93' lang='lat' dir='ltr'><strong>Sl-</strong></span> 
     </span>
     <span class='ocr_line' id='line_1_58' title="bbox 62 5393 1768 5475; baseline -0.007 -15"><span class='ocrx_word' id='word_1_766' title='bbox 62 5401 178 5460; x_wconf 88' lang='lat' dir='ltr'><strong>tradere</strong></span> <span class='ocrx_word' id='word_1_767' title='bbox 204 5400 254 5459; x_wconf 88' lang='lat' dir='ltr'><strong>eui</strong></span> <span class='ocrx_word' id='word_1_768' title='bbox 282 5401 412 5460; x_wconf 86' lang='lat' dir='ltr'><strong>delectet.</strong></span> <span class='ocrx_word' id='word_1_769' title='bbox 437 5402 488 5461; x_wconf 92' lang='lat' dir='ltr'><strong>isti</strong></span> <span class='ocrx_word' id='word_1_770' title='bbox 512 5408 581 5461; x_wconf 89' lang='lat' dir='ltr'><strong>sunt</strong></span> <span class='ocrx_word' id='word_1_771' title='bbox 606 5407 691 5461; x_wconf 88' lang='lat' dir='ltr'><strong>testes</strong></span> <span class='ocrx_word' id='word_1_772' title='bbox 717 5417 751 5460; x_wconf 83' lang='lat' dir='ltr'><strong>ex</strong></span> <span class='ocrx_word' id='word_1_773' title='bbox 771 5406 893 5475; x_wconf 86' lang='lat' dir='ltr'><strong>utraque</strong></span> <span class='ocrx_word' id='word_1_774' title='bbox 948 5414 1035 5474; x_wconf 88' lang='lat' dir='ltr'><strong>gnum</strong></span> <span class='ocrx_word' id='word_1_775' title='bbox 1050 5399 1196 5469; x_wconf 87' lang='lat' dir='ltr'><strong>llodperti.</strong></span> <span class='ocrx_word' id='word_1_776' title='bbox 1212 5398 1330 5471; x_wconf 90' lang='lat' dir='ltr'><strong>Signum</strong></span> <span class='ocrx_word' id='word_1_777' title='bbox 1345 5398 1454 5473; x_wconf 89' lang='lat' dir='ltr'><strong>Ogasti.</strong></span> <span class='ocrx_word' id='word_1_778' title='bbox 1472 5400 1591 5472; x_wconf 88' lang='lat' dir='ltr'><strong>Signum</strong></span> <span class='ocrx_word' id='word_1_779' title='bbox 1610 5393 1768 5452; x_wconf 86' lang='lat' dir='ltr'><strong>Wleconis.</strong></span> 
     </span>
     <span class='ocr_line' id='line_1_59' title="bbox 64 5481 1771 5567; baseline -0.008 -18"><span class='ocrx_word' id='word_1_780' title='bbox 64 5495 145 5563; x_wconf 84' lang='lat' dir='ltr'><strong>parte</strong></span> <span class='ocrx_word' id='word_1_781' title='bbox 168 5505 219 5563; x_wconf 92' lang='lat' dir='ltr'><strong>per</strong></span> <span class='ocrx_word' id='word_1_782' title='bbox 232 5504 318 5549; x_wconf 86' lang='lat' dir='ltr'><strong>aures</strong></span> <span class='ocrx_word' id='word_1_783' title='bbox 333 5492 435 5549; x_wconf 90' lang='lat' dir='ltr'><strong>tracti:</strong></span> <span class='ocrx_word' id='word_1_784' title='bbox 459 5493 623 5567; x_wconf 87' lang='lat' dir='ltr'><strong>Engilpero,</strong></span> <span class='ocrx_word' id='word_1_785' title='bbox 639 5492 807 5564; x_wconf 79' lang='lat' dir='ltr'><strong>cuniperht,</strong></span> <span class='ocrx_word' id='word_1_786' title='bbox 824 5492 894 5549; x_wconf 89' lang='lat' dir='ltr'><strong>ilel-</strong></span> <span class='ocrx_word' id='word_1_787' title='bbox 947 5491 1066 5562; x_wconf 86' lang='lat' dir='ltr'><strong>Signum</strong></span> <span class='ocrx_word' id='word_1_788' title='bbox 1085 5488 1195 5545; x_wconf 90' lang='lat' dir='ltr'><strong>Unlazi.</strong></span> <span class='ocrx_word' id='word_1_789' title='bbox 1221 5488 1339 5561; x_wconf 88' lang='lat' dir='ltr'><strong>Signum</strong></span> <span class='ocrx_word' id='word_1_790' title='bbox 1354 5488 1472 5545; x_wconf 80' lang='lat' dir='ltr'><strong>Albuni.</strong></span> <span class='ocrx_word' id='word_1_791' title='bbox 1490 5487 1608 5558; x_wconf 88' lang='lat' dir='ltr'><strong>Signum</strong></span> <span class='ocrx_word' id='word_1_792' title='bbox 1633 5481 1771 5540; x_wconf 87' lang='lat' dir='ltr'><strong>lllldrici.</strong></span> 
     </span>
     <span class='ocr_line' id='line_1_60' title="bbox 65 5576 1501 5657; baseline -0.007 -18"><span class='ocrx_word' id='word_1_793' title='bbox 65 5581 160 5656; x_wconf 91' lang='lat' dir='ltr'><strong>muni,</strong></span> <span class='ocrx_word' id='word_1_794' title='bbox 183 5580 255 5654; x_wconf 78' lang='lat' dir='ltr'><strong>dvo,</strong></span> <span class='ocrx_word' id='word_1_795' title='bbox 274 5580 345 5655; x_wconf 90' lang='lat' dir='ltr'><strong>Ogo,</strong></span> <span class='ocrx_word' id='word_1_796' title='bbox 366 5583 527 5657; x_wconf 87' lang='lat' dir='ltr'><strong>Perebtrib,</strong></span> <span class='ocrx_word' id='word_1_797' title='bbox 552 5583 696 5656; x_wconf 87' lang='lat' dir='ltr'><strong>Salomon,</strong></span> <span class='ocrx_word' id='word_1_798' title='bbox 709 5579 892 5655; x_wconf 84' lang='lat' dir='ltr'><strong>Ercbauirid,</strong></span> <span class='ocrx_word' id='word_1_799' title='bbox 947 5578 1117 5638; x_wconf 86' lang='lat' dir='ltr'><strong>Dominicus</strong></span> <span class='ocrx_word' id='word_1_800' title='bbox 1130 5577 1254 5635; x_wconf 88' lang='lat' dir='ltr'><strong>clericus</strong></span> <span class='ocrx_word' id='word_1_801' title='bbox 1273 5579 1373 5648; x_wconf 82' lang='lat' dir='ltr'><strong>jussus</strong></span> <span class='ocrx_word' id='word_1_802' title='bbox 1386 5576 1501 5646; x_wconf 88' lang='lat' dir='ltr'><strong>scripsi.</strong></span> 
     </span>
    </p>
   </div>
   <div class='ocr_carea' id='block_1_7' title="bbox 253 5684 1631 5785">
    <p class='ocr_par' dir='ltr' id='par_1_7' title="bbox 253 5684 1631 5785">
     <span class='ocr_line' id='line_1_61' title="bbox 253 5684 1631 5785; baseline 0.007 -31"><span class='ocrx_word' id='word_1_803' title='bbox 253 5697 370 5758; x_wconf 79' lang='lat' dir='ltr'><strong>Parnon.</strong></span> <span class='ocrx_word' id='word_1_804' title='bbox 391 5698 518 5758; x_wconf 81' lang='lat' dir='ltr'><strong>cxxiii.</strong></span> <span class='ocrx_word' id='word_1_805' title='bbox 760 5705 765 5710; x_wconf 82' lang='grc'><em>“</em></span> <span class='ocrx_word' id='word_1_806' title='bbox 974 5776 983 5785; x_wconf 23' lang='lat'><strong><em>³</em></strong></span> <span class='ocrx_word' id='word_1_807' title='bbox 1595 5684 1631 5745; x_wconf 82' lang='lat'><strong>³⁰</strong></span> 
     </span>
    </p>
   </div>
   <div class='ocr_carea' id='block_1_8' title="bbox 0 0 1949 6084">
    <p class='ocr_par' dir='ltr' id='par_1_8' title="bbox 0 0 1949 6084">
     <span class='ocr_line' id='line_1_62' title="bbox 0 0 1949 6084; baseline 0 0"><span class='ocrx_word' id='word_1_808' title='bbox 0 0 1949 6084; x_wconf 95' lang='lat' dir='ltr'><strong> </strong></span> 
     </span>
    </p>
   </div>
  </div>
 </body>
</html>
