3876 6090
111 221 150 282 33

479 219 757 292 [INTERPRETATIO
775 218 899 276 stnobl
917 222 977 278 vlll
994 221 1356 280 Guussnltts.-ncr10
1370 225 1392 280 1.

1738 226 1775 288 3i

110 351 168 404 Nos
182 352 279 403 autem
294 350 322 402 et
335 345 415 402 aliud
441 345 510 416 quid
534 345 667 402 volumus
689 345 836 401 ostendere
851 347 908 402 Deo
924 350 954 413 A
969 347 1087 404 nitatem
1101 352 1130 404 et
1145 348 1290 419 pacificam
1305 348 1515 406 ordinationem
1535 352 1650 410 reduxit
1669 358 1772 428 vestra,

110 435 911 507 amicissimaecnaritatircstra,quianultotrmporeulc
932 436 934 440 ”

110 528 300 595 demorantes,
311 529 340 581 ct
349 524 463 582 diutius
473 524 593 592 anxiati,
605 524 768 594 accepimus
779 538 828 594 per
839 539 912 595 sup-

114 617 295 687 plicationem
306 616 341 670 ad
359 614 522 684 piissimum
533 617 561 669 et
571 618 701 669 sanctum
713 613 910 684 imperatorem

112 714 252 776 nostrum,
260 710 387 774 petentes
396 704 514 760 celerem
520 702 769 759 absolutionemad
778 703 894 773 propria
906 722 913 771 i

111 797 163 868 qui
179 810 243 853 cum
255 796 294 852 sit
307 794 483 864 compatiens
492 798 521 848 et
532 793 690 863 miserator,
702 797 787 862 atque
798 791 916 847 miseri-

111 901 186 958 cors,
201 885 305 940 annuit
317 883 450 954 lacrymis
460 883 586 953 nostris3
601 888 629 937 et
639 881 749 937 volebat
761 895 824 937 mox
844 880 915 937 satis

968 445 995 493 ct
1011 438 1126 494 reducet
1141 438 1170 494 in
1187 438 1375 494 universalem
1387 438 1527 511 letitiam,
1543 446 1572 497 et
1587 444 1773 515 tranquillam

969 527 1451 597 quietemcommunisltominidivi
1475 530 1672 602 itas,longaeva
1691 548 1774 590 man-

970 616 1123 672 suetudine
1137 630 1169 673 ac
1180 617 1317 687 sospitate
1327 631 1470 689 concessa,
1488 622 1520 674 ut
1531 633 1582 689 per
1590 621 1653 690 ejus
1664 608 1771 694 curam,

970 719 1055 776 quam
1070 705 1105 762 de
1120 706 1254 763 omnibus
1269 708 1352 779 gerit,
1370 714 1455 778 atque
1471 708 1602 764 solertem
1620 710 1776 780 providen-

971 794 1050 866 tiam,
1067 808 1132 851 cum
1148 795 1264 865 proprio
1279 797 1365 852 etiam
1380 811 1530 854 commune
1542 813 1674 869 prospere
1685 805 1774 873 gerat,

970 896 1092 953 superno
1109 890 1181 940 nutu
1195 892 1330 941 consuete
1345 887 1527 956 conspirante
1546 892 1633 958 atque
1657 901 1777 945 coacce-

112 974 307 1043 nobislacere,
320 973 561 1044 nosquecelerius
578 971 724 1027 dimittere
736 971 812 1040 binc,
822 970 914 1040 jussit
969 972 1053 1027 dente
1068 990 1076 1044 ς
1092 987 1141 1043 per
1156 973 1271 1046 singula
1285 975 1388 1030 vestris
1409 989 1523 1047 quoque
1537 976 1681 1033 divinitus
1701 990 1778 1048 praa-

113 1081 165 1121 nos
175 1066 320 1120 denudare
333 1063 390 1119 sibi
406 1062 514 1132 scripto
525 1066 636 1117 nostras
647 1074 733 1130 super
743 1059 847 1131 positis
859 1073 913 1116 ne-
971 1061 1058 1117 mium
1082 1067 1232 1118 consecute
1251 1064 1444 1136 contumeliis,
1469 1070 1498 1121 et
1525 1065 1775 1140 distractionibus,

112 1156 200 1227 gotiis
218 1153 389 1224 voluntates,
406 1159 433 1207 et
453 1165 508 1222 quo
520 1151 602 1207 modo
617 1149 709 1207 luturi
724 1163 847 1220 eramus,
863 1162 915 1205 ve-
969 1152 1172 1222 quasperpessi
1182 1152 1253 1208 estis
1263 1153 1360 1224 abbis,
1373 1155 1624 1225 quiviolentiusin
1639 1156 1730 1228 vobis,
1748 1163 1777 1215 et

113 1239 769 1311 nientibusiratribusvicariisseuiorisllomae,
781 1239 914 1295 dicerene
968 1241 1116 1298 crudelius
1131 1242 1175 1298 usi
1192 1248 1403 1313 suntpotestate
1415 1263 1422 1315 3
1432 1244 1541 1301 tristem
1550 1245 1657 1316 pariter
1667 1251 1696 1302 et
1708 1261 1778 1319 gra-

110 1334 241 1402 judimre
255 1329 619 1388 deecclesiasticiscausis.
632 1331 793 1385 Nosautem
803 1330 916 1384 beote-
970 1333 1029 1385 tum
1040 1330 1171 1388 allectum
1189 1333 1446 1405 accomodarimus,
1468 1339 1525 1390 tm
1541 1335 1676 1391 videlicet
1687 1337 1777 1394 intac-

113 1422 280 1492 stimonio·,
292 1419 770 1492 quinovitabscouditahominum,
781 1423 809 1473 et
823 1423 917 1473 mter-
970 1425 1026 1475 tam
1042 1420 1078 1475 ab
1093 1421 1170 1477 omui
1186 1421 1284 1478 dolore
1300 1437 1332 1477 ac
1343 1423 1472 1479 molestia
1489 1438 1575 1494 super
1590 1425 1776 1496 impositione

115 1512 288 1583 rrqatcorda
299 1514 428 1580 eirenes,
441 1509 515 1565 nihil
528 1508 708 1579 pergratiam
725 1521 815 1578 nequae
830 1519 916 1562 acce·
971 1508 1031 1565 iore
1047 1510 1267 1582 nobilissimam,
1278 1516 1307 1567 et
1318 1512 1513 1569 honorabilem
1524 1516 1779 1573 sanctitatemves-

115 1602 270 1672 ptationem
291 1613 417 1670 personae
438 1598 589 1668 probantes
612 1596 654 1652 vel
672 1597 844 1667 iudicantes,
866 1610 916 1666 per
970 1596 1392 1672 tramcupientes3qnanquam
1404 1603 1510 1672 oppido
1520 1603 1668 1662 manifeste
1679 1607 1779 1663 scien-

114 1692 221 1761 scripta
231 1703 332 1745 sensus
341 1694 454 1745 nostros
462 1693 490 1743 et
500 1688 534 1742 de
546 1687 707 1757 prepositis
722 1687 806 1742 rebus
825 1686 1023 1768 expo-,Biteq
1040 1689 1107 1760 quia
1123 1687 1393 1762 fulgentiusaurum
1410 1692 1575 1749 etlucidius
1590 1695 1656 1765 erit,
1671 1696 1696 1750 si
1714 1696 1775 1768 igni

114 1783 236 1852 suimus,
254 1794 316 1850 quar
330 1785 359 1834 et
373 1779 483 1834 anobis
499 1778 579 1848 lecta,
593 1790 668 1832 nuuc
678 1778 828 1833 ostendent
839 1776 917 1833 luci·
971 1784 1129 1850 coaptetur,
1146 1781 1187 1836 vel
1204 1781 1229 1836 si
1244 1781 1448 1837 abundantiori
1469 1783 1640 1839 conflatione
1655 1786 1778 1856 quodam

113 1872 220 1926 diuset
235 1869 350 1940 planius
364 1869 475 1924 eosdem
491 1881 592 1923 sensus
608 1872 729 1938 nostros,
740 1873 825 1937 atque
833 1866 919 1936 J'udi-
973 1867 1056 1923 modo
1069 1874 1216 1925 extensum
1234 1870 1310 1925 abea
1327 1884 1389 1940 quae
1408 1870 1482 1927 inest
1504 1872 1560 1927 sibi
1578 1875 1779 1930 commistione

115 1962 169 2016 cia.
183 1963 323 2031 legantur
338 1959 429 2030 igitur
444 1958 536 2028 primo
551 1971 614 2027 quaa
625 1957 732 2027 scriptu
751 1965 819 2012 sunt
833 1969 849 2010 a
865 1969 920 2026 pa·
975 1959 1080 2028 peioris
1100 1960 1234 2028 materiae,
1253 1964 1436 2031 expurgetur.
1455 1962 1505 2017 Est
1522 1963 1598 2018 enim
1616 1970 1644 2019 et
1663 1965 1779 2034 quando

117 2050 241 2105 triarcba
257 2055 364 2119 nostro,
380 2054 465 2118 atque
484 2048 597 2103 demum
617 2061 681 2102 cuna
701 2046 750 2102 Dei
775 2045 919 2114 adjutorio
976 2055 1090 2120 propter
1108 2048 1276 2104 insolentem
1293 2049 1433 2105 desidiam
1454 2052 1592 2108 mentium
1617 2057 1778 2109 nostrarum

116 2154 217 2195 sensus
236 2144 349 2195 nostros
363 2152 413 2208 per
430 2137 575 2207 expositas
598 2136 714 2192 anobis
736 2135 920 2191 definitiones
975 2137 1010 2197 ab
1028 2139 1191 2209 integritate
1215 2138 1376 2193 animorum
1404 2139 1507 2207 partim
1535 2141 1639 2204 aversi,
1660 2146 1688 2196 ct
1710 2141 1780 2198 bene

117 2229 246 2285 disceris.
261 2231 320 2284 lieo
334 2228 503 2283 amicissimi
516 2226 616 2281 ricarli
628 2226 752 2281 senioris
763 2226 856 2282 llomae
871 2225 922 2281 di·
975 2229 1136 2297 disponere,
1146 2226 1496 2298 acagcreopiuati,avero
1513 2229 1613 2299 utiquc
1626 2231 1779 2287 commisso
1879 2223 1880 2227 ’

117 2324 220 2375 rorum
235 2337 241 2373 ε
259 2318 371 2374 Placuit
387 2317 478 2372 nobis.
491 2319 641 2388 tegantur.
653 2315 794 2370 Similiter
804 2319 832 2369 et
842 2326 923 2370 sanc
977 2317 1074 2391 procul
1094 2315 1246 2388 ellicimur,
1264 2316 1404 2387 semitam,
1425 2332 1488 2386 quae
1508 2318 1541 2372 ad
1577 2319 1780 2376 rectitudinem

119 2415 145 2464 ta
159 2407 384 2480 synodusdinit:
401 2409 551 2478 tegantur.
563 2407 597 2461 Et
607 2404 751 2474 accipiens
760 2404 921 2473 Stephanus
975 2407 1068 2479 ducit,
1088 2406 1280 2479 negligentius
1295 2404 1482 2478 declinantes,
1499 2412 1584 2478 atquc
1598 2408 1780 2479 perplexione

118 2502 173 2554 [reo
187 2496 384 2554 amicissimus
397 2497 650 2552 diaconussanctae
668 2494 919 2551 constantinorum
974 2497 1303 2567 deteriorisimproride,
1313 2495 1388 2564 quod
1400 2496 1503 2553 melius
1513 2502 1564 2567 est,
1581 2497 1781 2556 turbulentum

120 2589 251 2643 Ecclesiae
265 2593 294 2643 et
308 2587 427 2642 devotus
443 2585 573 2642 notarius
589 2583 681 2656 legit:
916 2618 921 2627 ·
976 2587 1139 2643 statuimus.

122 2738 133 2767 o.
146 2717 194 2768 l‘rr
205 2717 296 2768 omnio
308 2714 476 2767 sanctissimo
484 2713 578 2777 moiri,
592 2714 617 2763 ei
629 2711 808 2764 comministro
815 2710 922 2763 domino
1013 2677 1108 2732 “Hinc
1121 2689 1282 2731 ammarum
1292 2681 1453 2733 ”marum
1469 2677 1703 2747 sapientissnnus
1720 2692 1783 2734 '¹¹⁰'

153 2789 270 2853 lqnutr'o,
304 2784 490 2852 qubmnoculo
525 2782 677 2836 rraodrrrrntt'
703 2782 924 2835 nominatissimae
978 2767 1140 2835 dicusapte
1156 2765 1239 2821 ¹¹0bi⁵
1254 2766 1284 2820 ¹¹¹
1299 2765 1488 2822 ῑΓῙῧΠῙὶῙῑῙΟΠθ
1502 2767 1605 2823 ‘lilim
1623 2769 1783 2839 appositam

152 2857 429 2925 cnrrsomrmopotcos,
446 2855 595 2908 urrlvrrscti
602 2854 777 2923 patriarcba,
802 2852 925 2906 Theodo-
980 2856 1132 2928 caliginem
1149 2855 1308 2911 intellectui
1324 2855 1484 2912 animarum
1500 2862 1662 2914 nostrarum
1676 2859 1784 2914 sensim

153 2932 210 2984 sius
222 2944 315 2983 smus
327 2929 390 2981 5³⁸⁸
404 2926 505 2981 ⁶7¹?ssst
516 2925 772 2993 Hiir⁰⁵⁰²⁹m⁰rm
982 2946 1149 3014 emundans,
1159 2945 1193 3001 ad
1203 2945 1436 3015 resplendendam
1450 2945 1691 3004 illuminationem
1703 2947 1784 3021 regni

148 3041 929 3113 ullonorabilissimisetcultudiguissimislitterisve·
983 3035 1784 3110 sui,atquejustitiaeincordibusnostris.Neigiturcru-

123 3145 185 3209 ,tra
195 3125 518 3202 sancti'tatissusceptis,
530 3145 546 3186 a
557 3133 613 3188 Deo
628 3131 795 3203 glorificate,
823 3132 926 3187 vestris
943 3112 968 3174 C
983 3127 1070 3183 cieris
1089 3139 1179 3198 neque
1193 3125 1331 3196 anxieris,
1346 3127 1535 3195 precedentes
1550 3129 1722 3184 terrationes
1737 3142 1786 3198 per

124 3220 685 3295 quidemdivinitusdatisvaletudinibus
695 3225 723 3275 et
738 3220 927 3276 incolumita-
985 3223 1104 3273 mentem
1121 3215 1275 3286 accipiens.
1290 3215 1476 3285 inexpediens
1488 3216 1564 3271 enim
1578 3222 1606 3273 ct
1626 3218 1786 3292 incongru-

127 3316 202 3370 tibus
214 3327 379 3387 magnopere
389 3311 696 3384 congratulatisumus,
712 3324 846 3380 prospere
855 3324 928 3365 con·
985 3321 1032 3362 um
1042 3305 1207 3376 perfectioni
1217 3306 1570 3363 virtutisetmundissimo
1584 3307 1690 3364 mundo
1707 3307 1788 3364 diri*

124 3402 451 3460 servandosvosabomni
461 3401 741 3468 malitiaenoptantes
755 3417 762 3452 ι
774 3399 821 3454 sed
831 3398 928 3456 dolere
983 3410 1025 3450 naa
1037 3409 1069 3449 ac
1079 3394 1249 3451 honorandae
1261 3396 1487 3450 correersationis
1505 3403 1533 3450 et
1547 3396 1710 3466 disciplina
1731 3403 1787 3454 tuae

125 3509 172 3550 nos
186 3493 263 3564 lecit,
279 3498 307 3549 et
322 3492 412 3548 multo
429 3503 546 3546 moerore
557 3489 676 3560 replevit
693 3487 928 3544 ecclesiaevestrae
982 3481 1301 3550 consistitnuiusfflotli.
1324 3483 1372 3537 ssd
1389 3481 1583 3537 h0¹¹⁰fflbi¹sffl
1596 3490 1624 3538 ct
1643 3487 1787 3541 decentem

124 3585 300 3655 negotiorum
315 3580 503 3648 dissonantia,
518 3593 566 3648 per
586 3578 776 3633 membrorum
795 3577 929 3633 videlicet
984 3568 1345 3643 morem,beneabinlantia
1361 3569 1491 3640 usquead
1505 3575 1676 3628 senectutem
1688 3573 1789 3630 direc-

122 3676 258 3730 alternam
269 3671 498 3727 communionem
506 3675 534 3724 et
544 3668 772 3724 consonantiam:
791 3667 927 3737 quoniam
983 3670 1043 3718 tum
1064 3659 1341 3731 respiciens,omnia
1356 3658 1560 3730 longanimiter
1571 3674 1604 3715 ac
1620 3661 1744 3717 modeste
1759 3667 1788 3719 et

123 3757 928 3826 secundumvetustissimumsermonemconllucntiauna,
985 3748 1676 3824 promptepatiprocnra.Nonautemdoceudoaut
1694 3751 1790 3807 ³dffl0·

122 3853 297 3924 conspiratio
309 3865 375 3923 nna,
400 3855 429 3906 et
442 3849 601 3919 compassio
621 3862 678 3904 una
692 3854 736 3904 est
747 3847 929 3922 inomnibus,

124 3961 184 4016 qum
199 3949 268 3999 sunt
282 3941 505 3998 orthodoxarum
521 3939 706 3996 ecclesiarum
723 3957 729 3992 :
747 3939 794 3994 sed
811 3938 887 3994 sicut
898 3937 928 3993 in

123 4033 258 4090 membris
283 4032 391 4102 qaedam
416 4028 531 4100 quidem
550 4029 584 4084 ad
610 4029 771 4100 vivendum,
799 4028 927 4099 quaedam

986 3838 1418 3907 neudohaecdicerepraesumpsi
1432 3837 1567 3894 advirum
1583 3839 1660 3894 verbi
1673 3843 1701 3895 et
1715 3853 1786 3910 ope-

986 3931 1026 3987 ris
1051 3928 1221 3999 perfectione
1240 3932 1446 3997 coruscantem,
1472 3928 1519 3982 sed
1540 3929 1692 3984 charitatis
1706 3930 1788 4000 copia

984 4021 1116 4075 detentus
1129 4015 1461 4073 suaviterconsolatoriis
1471 4016 1566 4072 verbis
1579 4019 1621 4073 uti
1639 4019 1785 4089 proposui.

124 4131 216 4180 autem
233 4123 267 4178 ad
284 4122 354 4176 bene
368 4120 519 4176 vivendum
544 4117 714 4173 naturaliter
736 4116 834 4172 ellectu
862 4120 930 4171 sunt
984 4106 1476 4179 Nequeenimlluviustotussemper
1488 4106 1589 4178 linens,
1605 4105 1789 4179 fontequoli-
1891 4116 1896 4123 ·

125 4212 286 4270 mortaria
297 4211 412 4281 virtum,
429 4216 457 4277 et
467 4208 548 4264 stella
559 4223 574 4262 a
585 4207 667 4263 steila
677 4206 774 4262 dinen
792 4207 821 4261 in
836 4205 928 4261 clari·
984 4196 1202 4268 betanushabet
1215 4213 1222 4260 a
1237 4195 1487 4251 honorabilitatem
1502 4200 1590 4268 tuam,
1605 4197 1662 4266 aro,
1685 4197 1787 4255 diviua

128 4310 192 4372 tate,
209 4303 249 4356 ita
264 4306 292 4356 et
305 4300 382 4355 circa
392 4298 528 4355 ecclesias
538 4297 718 4352 sentiendum
738 4296 822 4351 estid
839 4295 926 4364 enim,
985 4287 1125 4358 molentis
1137 4286 1257 4355 lllssssffl·
1270 4284 1350 4340 Νθὸῑῑ
1362 4289 1456 4339 autem
1469 4284 1581 4356 ulique,
1596 4285 1787 4360 sanctissime,

127 4388 498 4462 quoinordinatepositrest
510 4385 774 4456 illa,quaestabilita
784 4385 929 4441 excellen-
942 4382 969 4442 D
984 4376 1243 4447 musamobquam
1251 4388 1341 4444 neque
1358 4373 1484 4430 scribere
1498 4388 1588 4445 neque
1601 4377 1714 4432 mittere
1733 4390 1790 4446 po-

129 4487 170 4536 ter
183 4487 211 4536 et
227 4479 343 4552 prelata
358 4477 500 4546 consistit,
526 4480 731 4545 consequenter
745 4473 929 4530 contristabit
984 4467 1094 4532 ruimus
1108 4467 1142 4522 ad
1154 4480 1212 4536 vos,
1228 4478 1262 4519 ue
1272 4463 1344 4520 lorte
1358 4464 1488 4520 fieremus
1504 4477 1588 4534 penes
1610 4471 1787 4540 potestatem,

130 4578 279 4643 soquentes
292 4574 378 4640 atque
397 4567 531 4637 minores,
557 4565 691 4636 quoniam
711 4571 740 4620 et
755 4564 847 4633 majus
862 4563 929 4620 binc
986 4572 1049 4628 qua
1063 4569 1115 4613 nos
1138 4560 1213 4611 tenet
1232 4554 1440 4610 existimationi
1462 4553 1542 4610 malae
1556 4554 1598 4610 vel
1614 4555 1788 4625 suspicioni.

129 4655 559 4727 discrimenelilcitzoperatrice
571 4668 691 4725 namque
701 4668 787 4710 causa
803 4653 932 4725 aliquan·

132 4752 221 4821 tisper
234 4763 249 4805 a
262 4746 387 4805 naturali
399 4753 476 4802 motu
486 4750 668 4816 commutata,
680 4751 708 4801 et
721 4757 737 4799 a
757 4742 934 4814 plenissimis

129 4848 157 4896 et
169 4840 290 4896 multum
302 4838 455 4908 capacibus
471 4837 543 4893 locis
557 4836 708 4905 detinente,
721 4847 754 4889 ac
773 4836 931 4903 emanante,

133 4931 198 4999 pius
211 4928 373 4984 eritbertus
387 4928 533 4997 accedens,
546 4926 620 4996 quod
640 4923 800 4980 molestiam
817 4920 929 4978 inierat.

131 5022 177 5076 Sic
189 5020 288 5090 itaque
298 5031 331 5073 ex
342 5013 392 5091 [ea
403 5014 412 5091 ]
425 5011 830 5087 precipncncbismoestiuilta
842 5010 935 5067 ettri-

133 5111 223 5165 stiora
237 5108 460 5177 constituerunt,
472 5119 535 5176 quae
546 5109 623 5177 gesta
634 5108 702 5159 sunt
718 5107 817 5158 vestrae
827 5099 935 5156 coniu-

987 4647 1098 4702 Etenim
1132 4645 1249 4702 multam
1267 4642 1491 4700 benevolentiam
1513 4648 1541 4700 et
1564 4644 1790 4715 compassionem

989 4737 1142 4793 ostendunt
1159 4735 1257 4803 innos,
1274 4732 1419 4789 licentiam
1427 4732 1509 4787 nobis
1524 4732 1681 4803 prebentes
1695 4735 1792 4791 aediil-

989 4824 1341 4889 candiecclesiasnostras,
1351 4829 1378 4878 et
1394 4822 1507 4877 tenendi
1517 4822 1580 4877 sine
1594 4822 1790 4891 prohibitione

991 4928 1081 4971 mores
1107 4920 1219 4970 nostros
1243 4913 1332 4982 3juste
1358 4917 1482 4984 agentes,
1510 4917 1537 4967 et
1558 4912 1588 4966 in
1607 4912 1688 4969 nullo
1704 4913 1792 4971 nobis

990 5003 1126 5073 injuriam
1141 5003 1183 5059 vel
1199 5001 1364 5058 violentiam
1377 4999 1538 5056 inserentes.

1026 5093 1187 5162 «Quoniam
1203 5097 1334 5147 verotam
1349 5090 1384 5146 ab
1408 5091 1520 5146 hamera
1536 5089 1571 5166 b,
1589 5093 1638 5163 qui
1649 5094 1725 5162 apud
1741 5106 1794 5149 nos

133 5198 227 5254 sionis
241 5210 347 5265 causa3
364 5197 412 5252 sed
423 5197 472 5266 qui
487 5193 583 5265 posuit
598 5193 721 5248 resinam
736 5189 895 5258 inGalaad,
906 5192 936 5244 et
989 5187 1041 5252 est,
1059 5196 1143 5253 quam
1165 5180 1429 5238 abhominatoriis⁰
1454 5184 1560 5242 litteris
1581 5183 1656 5254 jussi
1679 5195 1791 5253 sumus,

135 5284 533 5358 melicumpraepararitillic,
542 5284 602 5353 ipse
611 5282 688 5338 enim
697 5282 732 5338 ad
744 5294 844 5352 puram
855 5291 937 5336 sero-
991 5273 1215 5342 transmisimus,
1224 5270 1310 5328 sicuti
1321 5273 1486 5345 postulavit,
1496 5275 1611 5332 oculum
1621 5277 1751 5330 nostrum
1765 5274 1794 5326 et

170 5508 182 5535 ·
197 5498 255 5553 lloc
269 5499 313 5552 est
330 5494 387 5550 Deo
409 5494 488 5548 teste.

172 5561 713 5635 summamectrocaatprlacipcm
722 5561 941 5636 Saracenorum,
1032 5567 1046 5599 ο

995 5486 1200 5612 iuterpretatur
1226 5486 1331 5568 autem,
1355 5482 1459 5568 'linqua
1483 5496 1591 5556 eorum,
1618 5478 1792 5552 prebeatur.

1092 5561 1154 5614 orte
1165 5572 1184 5612 o
1196 5557 1383 5615 dommmorra.
