3876 6090
108 266 170 327 885

618 264 664 321 DE
682 265 764 328 vlla
780 271 808 327 S.
829 268 1045 327 Wltbblldis.
1067 298 1101 309 ·-
1120 271 1220 327 tibba
1239 271 1287 327 lll.

111 410 166 466 we,
189 391 394 449 adaloltestoch
415 391 630 463 nuncupamine
650 395 805 457 vocitatus.
828 394 939 466 multis,
958 387 1139 465 Acrymosis
1154 394 1335 467 singultuum
1346 395 1466 452 vocibus
1477 395 1664 466 postulantes.
1675 396 1827 467 Quoseum

114 484 191 543 mibi
206 496 322 555 quoque
338 482 392 538 ista
408 481 531 538 fideliter
548 484 686 541 scribenti
711 486 877 556 plenissime
892 499 945 541 co-

114 575 228 648 gnitus,
244 573 274 628 in
288 586 345 643 quo
360 572 489 643 quaedam
512 573 607 629 adbuc
623 575 652 630 in
670 562 734 632 vita¹
743 580 887 647 superstes
901 579 945 631 est

115 660 300 732 muliercula,
312 661 534 730 nominedsnia,
546 663 575 718 in
585 678 641 734 qua
651 680 775 736 superna
786 665 942 735 miseratio,

115 751 345 824 suffragantibus
360 751 461 806 matris
476 758 580 808 nostru
597 755 720 824 meritis,
737 755 866 826 quinque
881 753 945 809 eri-

114 841 288 899 dentissima
304 841 419 910 operari
434 840 553 912 dignata
567 847 611 897 est
626 843 717 914 signa.
735 846 804 898 Nam
821 843 903 898 labili
917 847 945 898 et

115 929 242 987 tremulo
264 942 384 999 corpore
409 933 468 984 tota
495 930 613 1001 caduca,
643 932 761 1002 insuper
788 932 945 987 obsistente

114 1020 199 1078 obice
213 1019 384 1075 inflexibilis
394 1018 501 1090 linguae
513 1019 717 1076 miserabiliter
733 1024 821 1090 muta,
833 1021 867 1077 ad
878 1034 946 1076 cun·

114 1109 173 1166 ctis
187 1113 285 1165 notum
300 1108 505 1164 monasterium
518 1114 561 1163 est
576 1109 710 1181 adducta,
727 1115 759 1165 ut
772 1110 812 1165 ibi
830 1109 947 1165 inveni-

115 1203 161 1255 ret
173 1198 343 1257 remedium.
361 1198 411 1254 ubi
427 1198 510 1254 multi
527 1199 680 1269 quaesitum
696 1201 827 1256 invenere
842 1198 947 1269 praesi-

114 1288 208 1344 dium.
223 1287 352 1359 Cumque
361 1286 434 1343 inibi
447 1288 620 1359 lacrymosas
630 1290 665 1345 ad
674 1290 828 1345 Dominum
840 1288 947 1345 funde-

116 1382 159 1433 ret
171 1389 279 1449 preces,
294 1388 348 1431 vox
360 1376 390 1431 in
400 1376 522 1432 sublimi
538 1378 638 1434 audita
648 1382 692 1434 est
702 1376 904 1448 supplicantis,
918 1379 947 1431 et

115 1464 227 1522 sociata
238 1463 373 1536 lacrymis
383 1464 506 1521 sanitate
515 1479 662 1536 corporea,
674 1465 829 1522 incolumis
840 1464 947 1521 mulier

115 1553 299 1612 remeavitad
315 1555 441 1624 propria.
455 1554 512 1610 Sed
529 1554 663 1626 insipide
677 1555 832 1612 multorum
850 1553 946 1609 rusti-

113 1657 255 1700 canorum
268 1656 300 1699 ac
313 1644 495 1699 saecularium
505 1650 622 1713 mentes,
633 1645 785 1701 dumdona
796 1658 812 1699 a
823 1644 944 1700 Domine

113 1738 143 1790 et
157 1732 275 1804 praemia
285 1739 503 1803 consequuntur
518 1734 656 1802 indebita,
670 1748 725 1790 non
736 1735 770 1788 ad
783 1733 883 1790 laudes
894 1746 944 1788 nec
960 1724 987 1786 B

114 1823 149 1879 ad
171 1822 279 1894 dignas
299 1822 458 1894 gratiarum
480 1837 510 1879 se
526 1829 685 1895 praeparant
706 1824 853 1880 actiones:
872 1822 943 1894 quin

115 1913 211 1985 magis
225 1925 275 1982 pro
289 1911 388 1983 dignis
403 1926 508 1969 munus
523 1927 552 1969 se
567 1914 680 1970 coeleste
695 1915 855 1984 percepisse
870 1913 947 1970 aesti-

116 2001 386 2071 mantmoritis,aut
396 2007 471 2058 certe
481 2003 572 2058 nullis
585 2003 811 2073 praecedentibus
822 2004 945 2077 meritis,

115 2093 166 2148 sed
184 2090 279 2148 solum
293 2091 399 2147 divinae
415 2091 527 2147 auxilio
549 2091 752 2148 miserationis.
772 2095 812 2147 lta
829 2093 946 2149 inbono

114 2180 349 2252 deiciuntopera
360 2186 392 2237 ut
403 2181 709 2252 nequaquamstabiles
720 2183 904 2238 inveniantur
915 2181 945 2237 in

115 2271 182 2327 lide.
194 2270 275 2341 Quod
290 2271 377 2341 bajus
391 2270 569 2328 mulierculae
589 2270 728 2328 fortuitus
744 2271 844 2341 probat
859 2286 947 2327 even-

115 2366 176 2431 tus,
191 2362 261 2418 dum
277 2360 319 2416 rei
334 2366 419 2432 gestae
435 2366 570 2416 narratur
585 2361 713 2417 auilites.
734 2361 855 2416 Veniens
871 2374 947 2417 nam·

115 2463 173 2516 que
187 2450 304 2505 domum
321 2455 378 2505 tota
392 2450 526 2505 restituta
544 2449 642 2518 saluti,
659 2447 733 2504 infra
747 2449 842 2505 decem
859 2449 946 2506 ferme

115 2537 360 2595 hebdomadarum
376 2537 519 2593 circulum
538 2538 643 2609 nullas,
661 2544 693 2594 ut
705 2538 818 2608 opinor,
829 2538 945 2595 debitas

114 2626 268 2684 ditissimo
277 2628 377 2685 retulit
387 2635 489 2702 grates.
502 2629 577 2697 Quin
593 2629 689 2698 petius
700 2628 831 2699 segnitiae
842 2635 946 2698 tempe·

118 2716 192 2773 ralis
215 2716 329 2773 incuria
350 2732 457 2789 pressa,
483 2723 602 2773 mentem
626 2717 765 2774 lubricam
782 2718 816 2773 ad
837 2718 944 2774 caduca

115 2807 232 2863 reflexit
241 2814 267 2863 et
279 2807 354 2864 baud
366 2807 568 2863 obliviscendae
580 2808 703 2877 propriae
714 2807 805 2863 oblita
815 2813 859 2862 est
869 2807 944 2862 sani·

112 2896 196 2953 tatis.
209 2895 289 2952 Unde
297 2902 360 2966 pest
368 2897 538 2966 explicatam
553 2897 696 2967 prelibati
708 2897 846 2966 temporis
855 2909 944 2967 quan·

113 2985 241 3055 titatem,
257 2983 393 3057 dignatus
406 2987 482 3041 beus
492 2985 674 3055 omnipotens
690 2984 800 3041 salubri
816 2984 944 3056 castiga-

116 3074 199 3131 tione
213 3087 294 3130 suam
315 3087 494 3130 commonere
514 3074 661 3146 ancillam,
677 3088 711 3129 nc
728 3075 800 3130 tanti

114 3162 289 3221 felicissimo
310 3163 385 3220 dono
414 3164 525 3236 ingrata
550 3162 610 3219 fore
633 3163 779 3219 videretur
795 3183 803 3233 3
820 3164 941 3234 quadam

113 3258 200 3308 nocte
214 3252 382 3320 huiusmodi
403 3251 526 3308 visionis
546 3266 607 3307 eam
623 3265 774 3324 aggressus
793 3260 836 3308 est
855 3266 939 3308 voce:

111 3342 183 3412 cur,
199 3341 305 3413 inquit,
320 3341 500 3412 muliercula,
513 3343 572 3412 jam
583 3342 658 3397 enim
673 3342 793 3398 bomine
806 3347 896 3413 grata,
907 3342 942 3398 de

112 3431 258 3502 perceptis
279 3431 367 3486 untis
388 3430 536 3487 beneflciis
557 3431 665 3487 coelesti
687 3431 785 3503 gratiae
806 3431 942 3488 baetenus

111 3519 238 3576 existere
257 3519 377 3576 coluisti
400 3519 542 3592 ingrata?
560 3520 628 3576 Redi
652 3520 743 3593 igitur
761 3521 795 3575 ad
820 3527 941 3576 mentem

112 3611 194 3664 tuam
205 3609 283 3664 omni
295 3608 477 3665 dubitatione
489 3610 631 3680 submota,
643 3609 749 3680 etquid
763 3609 791 3664 in
804 3615 830 3665 te
839 3610 941 3665 deifica

111 3698 209 3755 virtus
225 3699 264 3755 sit
283 3705 408 3771 operata,
430 3700 530 3757 nubilo
552 3699 648 3756 cordis
666 3701 779 3755 deterso
796 3699 939 3772 recogita,

112 3788 248 3857 undeque
259 3788 312 3843 tibi
323 3789 403 3844 salus
414 3789 539 3860 indignae
556 3790 728 3860 provenerit,
740 3789 941 3846 curiosissima

111 3876 207 3932 animi
228 3877 404 3932 scrutatione
424 3881 573 3947 pertracta.
599 3880 715 3933 Etcum
742 3878 942 3933 incunctanter

111 3969 172 4021 tuae
189 3965 319 4022 tenebras
332 3966 501 4037 ignorantie
515 3966 649 4036 diligenti
663 3967 874 4022 examinatione
884 3966 941 4021 dis

111 4055 252 4125 cussonis,
275 4069 396 4127 surgens
414 4057 528 4112 concito
543 4057 645 4127 gradu,
660 4057 695 4111 ad
711 4057 860 4110 bloenlreim
877 4070 942 4111 mo-

112 4144 272 4201 nasterium
288 4158 371 4216 perge
382 4145 480 4216 ibique
492 4146 663 4216 competenti
678 4145 817 4215 completa
829 4146 941 4201 oratio-

112 4246 160 4300 ne,
172 4245 190 4287 a
201 4234 346 4289 Deitbilda
361 4235 485 4289 custrice
497 4234 624 4290 ecclesiae
636 4234 856 4304 adoperandum
871 4248 942 4304 pro-

112 4322 192 4392 priis
215 4322 348 4378 manibus
371 4323 482 4394 aliquid
508 4324 603 4393 operis
624 4324 730 4396 accipe,
755 4328 787 4380 ut
810 4324 885 4379 selas
906 4325 940 4379 de

113 4411 230 4480 reliquo
242 4418 298 4467 tuae
310 4412 432 4468 deminae
447 4412 576 4469 debitum
593 4413 755 4482 impendere
771 4412 939 4470 famulatum

112 4512 200 4571 aqua
211 4501 361 4570 insperatae
371 4502 474 4557 salutis
488 4502 618 4559 meruisti
634 4503 846 4558 commercium.
859 4503 939 4572 Quod

112 4590 141 4645 si
155 4603 213 4646 non
233 4588 344 4661 feceris,
361 4592 436 4646 scias
449 4597 477 4646 te
492 4592 683 4662 proculdubio
702 4592 830 4663 aliquam
847 4592 940 4650 intuo

112 4691 234 4748 corpere
249 4679 377 4735 invenire
394 4680 562 4751 molestiam,
579 4685 611 4736 nt
623 4681 684 4751 ipsa
698 4681 810 4736 vexatio
824 4681 942 4737 intelle-

112 4773 194 4824 ctum
206 4767 320 4825 auditui
336 4768 463 4825 conferat
476 4783 560 4840 quem
571 4769 645 4825 lenis
654 4769 813 4826 admonitio
824 4783 879 4827 non
894 4782 942 4825 re-

111 4855 211 4930 gebat,
228 4862 281 4913 eto.
297 4867 334 4913 ὃ.

430 4967 540 5024 CAPUT
556 4969 625 5024 vill.

148 5078 260 5133 interea
275 5076 343 5134 dum
360 5076 419 5132 lraec
433 5082 596 5149 agerentur,
612 5077 729 5149 quidam
745 5077 837 5150 ignoti
852 5083 910 5138 tres
924 5096 941 5140 a

114 5165 268 5223 nativitate
282 5165 420 5222 advenere
439 5167 505 5222 caeci
525 5171 554 5222 et
570 5167 705 5237 pauperie
725 5172 843 5240 urgente
859 5184 942 5228 men-

111 5255 185 5322 dici,
202 5256 334 5326 corporis
346 5262 372 5311 et
383 5257 504 5312 luminis
516 5256 652 5312 solatium
668 5257 847 5330 requirentes
857 5267 885 5315 et
896 5261 942 5318 la-

148 5412 165 5443 ·
177 5401 213 5456 Et
229 5398 277 5455 nie
293 5413 382 5455 unum
398 5401 545 5456 omissum.

149 5471 165 5514 b
179 5471 337 5538 scipioseu
349 5471 469 5527 baculus
480 5474 506 5526 S.
517 5472 685 5543 walpurgis
696 5473 787 5529 serico
799 5473 939 5548 inclusus,

112 5542 240 5600 casloniae
252 5543 282 5597 in
298 5549 391 5597 monte
404 5544 430 5597 s.
448 5543 625 5615 walpurgis,
637 5559 703 5671 ³⁰ae
716 5546 829 5601 Petrum
842 5547 942 5604 Socie-

113 5614 185 5671 tatis
197 5615 267 5671 lesu
280 5613 402 5670 ecclesia
416 5618 469 5678 est,
484 5615 625 5673 asservari
659 5615 756 5672 icitur.

1001 481 1218 539 materfamilias
1241 483 1354 539 liubila
1375 497 1439 539 cum
1460 485 1571 541 devotis
1586 486 1642 540 Deo
1663 483 1826 544 iamulabus

1000 572 1165 629 humaniter
1184 574 1357 644 suscepisset
1372 580 1399 630 el
1418 574 1512 631 victus
1526 574 1692 630 alimoniam
1708 577 1827 634 miseri-

1000 662 1125 717 corditer
1140 662 1341 720 ministrasset.
1358 663 1450 719 visum
1463 668 1506 719 est
1515 663 1559 719 eis
1573 669 1603 721 ut
1615 662 1752 735 suffragia
1765 665 1828 721 vir-

1000 749 1078 821 ginis
1093 751 1232 807 attentius
1251 750 1447 822 implorarent,
1470 757 1611 823 quatenus
1625 752 1719 808 visum
1733 766 1750 807 a
1763 752 1828 823 pri-

1002 851 1086 893 maeva
1108 838 1221 911 origiue
1244 840 1424 910 inexpertum
1443 841 1506 911 ejus
1527 839 1638 896 meritis
1652 847 1680 896 et
1695 840 1828 911 precibus

1000 927 1124 996 adipisci
1141 934 1325 984 mererentur.
1339 930 1464 986 ilotibus
1478 931 1569 1002 igitur
1579 930 1688 1002 quibus
1698 934 1828 1000 poterant

1002 1016 1031 1071 in
1047 1016 1196 1074 ecclesiam
1213 1019 1363 1088 intravere,
1380 1024 1408 1075 et
1423 1017 1496 1074 facta
1509 1020 1640 1076 oratione
1652 1019 1746 1085 votiva
1760 1022 1829 1076 tan-

1001 1104 1030 1176 gi
1043 1105 1100 1162 sibi
1114 1120 1187 1163 caeca
1200 1107 1311 1164 lumina
1324 1107 1472 1164 oculorum
1485 1108 1520 1164 de
1530 1108 1662 1165 cambuta
1674 1108 1688 1152 b
1702 1107 1828 1181 virginis

1002 1195 1117 1265 petiere.
1133 1196 1212 1265 Quod
1228 1198 1296 1254 dum
1311 1197 1416 1254 factum
1432 1202 1515 1267 esset,
1529 1197 1636 1254 sensim
1651 1198 1731 1254 visus
1744 1198 1829 1255 inco-

1001 1284 1100 1355 gnitus
1116 1287 1292 1355 pervenitad
1311 1287 1403 1359 orbes,
1419 1294 1447 1344 et
1463 1287 1594 1343 irradiati
1611 1287 1702 1345 radiis
1714 1287 1829 1358 jubaris

1002 1371 1094 1428 lucem
1117 1388 1229 1431 crevere
1250 1375 1416 1448 gaudentes.
1440 1376 1469 1432 ld
1492 1390 1589 1432 omnes
1611 1375 1660 1448 qui
1682 1376 1779 1432 videre
1799 1379 1828 1432 et

1001 1460 1119 1518 audiere
1132 1464 1228 1520 mirati
1236 1468 1321 1535 ¹sunt,
1334 1470 1363 1521 ct
1373 1465 1400 1522 ei
1415 1465 1464 1535 qul
1476 1464 1556 1522 solus
1567 1464 1714 1525 mirabilia
1726 1477 1826 1540 magna

1002 1547 1071 1607 fecit
1085 1553 1193 1623 gratias
1209 1567 1265 1610 non
1282 1554 1408 1610 modicas
1424 1552 1595 1610 retulerunt.

1325 1677 1436 1734 CAPUT
1453 1679 1501 1733 tx.

1036 1783 1163 1853 Quadam
1183 1784 1230 1840 die
1246 1784 1313 1840 dum
1330 1800 1382 1858 ego
1401 1786 1436 1842 ad
1451 1786 1527 1843 idem
1544 1785 1749 1843 monasterium
1768 1783 1829 1842 ali-

1002 1874 1071 1944 quid
1082 1872 1187 1931 neriae
1197 1874 1388 1931 desiderabile
1398 1876 1499 1933 audire
1508 1877 1629 1947 cupiens
1638 1877 1827 1948 advenissem,

1001 1967 1029 2017 et
1041 1962 1116 2018 fideli
1128 1964 1259 2020 animosi
1271 1964 1341 2035 quid
1355 1964 1457 2020 auditu
1472 1965 1590 2036 dignum
1605 1967 1741 2022 existeret
1751 1964 1826 2037 quod

1001 2049 1036 2106 ad
1053 2050 1185 2108 notitiam
1210 2053 1369 2122 perveniret
1389 2054 1575 2126 requirerem,
1597 2053 1828 2111 adfueruntduae

1001 2152 1035 2193 en
1052 2140 1177 2211 virginis
1192 2139 1354 2197 famulabus
1368 2141 1524 2197 bietbildis
1542 2148 1570 2198 et
1585 2141 1751 2199 liuatbildis
1765 2154 1828 2213 quae

1002 2241 1070 2283 mese
1085 2228 1283 2285 satisfacerent
1298 2230 1450 2303 voluntati,
1470 2230 1600 2301 mihique
1616 2244 1681 2287 eum
1694 2230 1829 2287 cautione
1901 2248 1907 2257 ·

1001 2318 1169 2374 etcbartula
1183 2319 1320 2375 residenti
1338 2319 1479 2375 lateralia
1492 2319 1688 2389 huiuscemodi
1704 2321 1827 2377 retulere

1003 2407 1183 2463 miraculum.
1208 2407 1322 2463 dccidit
1349 2422 1480 2479 namque,
1503 2409 1597 2479 aiunt,
1619 2414 1651 2465 ut
1670 2409 1826 2466 multorum

1001 2496 1091 2551 moris
1102 2503 1145 2551 est
1155 2498 1345 2567 quaerentium
1355 2499 1508 2554 bominum
1519 2503 1548 2554 et
1557 2512 1675 2554 suorum
1688 2498 1829 2556 interven·

1001 2586 1095 2641 tiones
1109 2592 1282 2657 sanctorum,
1300 2591 1333 2642 ut
1352 2587 1470 2658 quidam
1490 2587 1631 2643 orationis
1646 2600 1731 2644 causa
1753 2587 1828 2644 idem

1000 2677 1158 2730 oratorium
1180 2675 1329 2731 adiissent.
1357 2677 1499 2731 intrantes
1523 2689 1588 2732 vero
1611 2677 1640 2732 in
1666 2677 1826 2752 ecelesiam,

999 2763 1068 2819 dum
1083 2766 1275 2821 adoraverunt
1288 2765 1428 2820 viventem
1446 2765 1474 2821 in
1492 2766 1607 2838 saecula,
1623 2766 1710 2823 etlam
1725 2767 1829 2825 beatis-

999 2853 1080 2909 sime
1090 2854 1259 2926 walpurgis
1271 2855 1371 2926 pronis
1384 2854 1514 2912 vultibus
1527 2855 1666 2927 quaesiere
1679 2856 1824 2931 suffragia.

998 2942 1200 3013 completoque
1214 2958 1264 3014 pro
1275 2958 1332 3014 quo
1346 2952 1479 3001 venerant
1492 2948 1567 3016 voto,
1585 2945 1703 3016 insuper
1712 2951 1826 3017 accepta

815 3073 943 3130 muneris
957 3054 982 3117 G
998 3031 1198 3088 benedictione
1214 3047 1277 3104 quae
1296 3047 1390 3089 comes
1411 3034 1440 3089 ln
1456 3035 1550 3091 eundo
1562 3035 1698 3091 existeret
1711 3036 1824 3109 animae,

997 3120 1097 3177 viatici
1114 3135 1228 3192 quoque
1240 3122 1400 3192 corporalis
1416 3123 1560 3195 eulogiam
1576 3136 1592 3178 a
1606 3123 1824 3182 matrefamilias

997 3222 1138 3279 accepere.
1152 3212 1219 3266 Erat
1235 3210 1314 3265 enim
1337 3216 1448 3281 tempus
1466 3211 1628 3267 abstinendi
1644 3224 1660 3265 a
1676 3225 1778 3267 carne:
1795 3218 1824 3269 et

998 3297 1107 3353 idcirco
1131 3311 1163 3352 ea
1182 3312 1245 3368 quae
1269 3311 1370 3354 manus
1390 3299 1540 3369 largientis
1563 3299 1709 3355 invenerat
1725 3313 1821 3356 secum

996 3386 1092 3441 animo
1105 3387 1206 3443 devoto
1221 3387 1322 3456 tulere,
1339 3387 1461 3457 scilicet,
1479 3400 1589 3456 panem,
1606 3401 1719 3443 caseum
1735 3394 1821 3459 atque

996 3474 1157 3531 cervisiam.
1183 3477 1255 3530 bum
1270 3488 1337 3547 ergo
1360 3475 1395 3530 ab
1417 3474 1460 3531 eis
1482 3474 1571 3546 piscis
1594 3482 1777 3546 quaereretur,
1794 3482 1822 3532 et

997 3569 1116 3635 negante
1135 3563 1298 3634 qualitativi
1319 3564 1457 3633 temporis
1483 3564 1543 3619 vice
1563 3563 1681 3620 minime
1697 3564 1821 3635 adipisci

997 3652 1147 3723 potuisset,
1162 3653 1270 3708 onerati
1285 3653 1397 3708 sarcina
1413 3652 1547 3723 superius
1561 3658 1676 3710 exarata
1691 3653 1746 3709 lter
1760 3669 1822 3711 cu-

998 3755 1063 3811 pere
1073 3742 1210 3798 redeundi
1221 3742 1255 3796 ad
1272 3741 1395 3812 propria.
1407 3741 1534 3811 Cumque
1548 3740 1672 3810 plurima
1683 3740 1822 3798 fabulan-

997 3835 1040 3886 tes
1064 3831 1245 3888 comitatium
1278 3844 1355 3887 more
1380 3831 1551 3901 incederent,
1580 3836 1695 3886 ventum
1722 3832 1819 3889 estad

997 3920 1091 3977 locum
1114 3921 1163 3976 ubi
1180 3926 1261 3993 grata
1279 3926 1307 3976 et
1326 3920 1448 3976 virentia
1465 3919 1605 3989 jumentis
1625 3920 1753 3991 gramina
1769 3935 1821 3992 pro

996 4011 1134 4081 temperis
1144 4011 1331 4082 congruentia
1344 4009 1551 4065 invenirentur.
1562 4011 1592 4065 ln
1601 4023 1658 4081 quo
1668 4014 1820 4067 exonerato

995 4098 1159 4155 eorumdem
1184 4099 1307 4170 pondere
1328 4100 1533 4168 iumentorum,
1556 4098 1591 4154 de
1609 4099 1660 4154 Dei
1683 4099 1769 4155 donis
1787 4112 1820 4155 ac

995 4189 1072 4246 datis
1084 4196 1112 4244 et
1126 4188 1378 4244 benedictionibus
1400 4187 1523 4258 virginis
1540 4188 1701 4257 percepturi
1718 4202 1778 4244 sese
1790 4189 1820 4244 in

996 4279 1091 4336 fenum
1107 4279 1199 4334 viride
1217 4283 1440 4349 prostraverunt.
1451 4279 1521 4332 Tum
1538 4277 1626 4348 isqui
1642 4291 1740 4334 cerum
1754 4291 1821 4334 sar-

952 4369 1072 4445 Dcinis
1098 4383 1212 4425 manum
1239 4367 1393 4423 immittere
1421 4365 1597 4421 familiarius
1622 4371 1818 4436 consueverat,

996 4458 1144 4514 sistarcias
1160 4470 1172 4499 0
1188 4457 1334 4513 evidenter
1354 4455 1495 4525 aperiens,
1574 4453 1647 4510 miro
1667 4455 1819 4512 admodum

997 4547 1080 4602 medo
1094 4547 1219 4602 invisum
1234 4550 1317 4601 antea
1334 4550 1362 4601 et
1376 4545 1514 4600 intactum
1533 4543 1646 4614 aspexit
1657 4549 1685 4599 et
1700 4542 1821 4601 sustulit

997 4637 1113 4707 piscem,
1133 4640 1186 4691 etc.

1326 4766 1437 4823 capul
1451 4768 1487 4823 X.

1031 4893 1819 4969 buoaregioneTuringiaBurcbardieomitismilites,

995 4988 1162 5046 Dcitbarius
1176 4990 1262 5056 atque
1276 4983 1356 5052 lleio,
1368 4996 1455 5039 sacrae
1468 4981 1592 5055 virginis
1604 4983 1743 5053 quaesiere
1754 4998 1822 5056 prae·

996 5080 1082 5147 sidia,
1092 5077 1266 5133 adducentes
1276 5086 1370 5129 secum
1383 5069 1517 5127 feminam
1527 5072 1678 5142 quamdam
1691 5074 1821 5130 humanae

1000 5167 1124 5226 modulis
1140 5163 1259 5237 loquelae
1271 5166 1424 5232 carentem,
1440 5166 1473 5217 ut
1483 5160 1525 5216 ibi
1534 5163 1657 5219 Domino
1669 5163 1821 5219 miserante

997 5263 1156 5316 mereretur
1174 5254 1303 5325 accipere
1323 5252 1443 5325 gratiam
1463 5250 1514 5307 ubi
1532 5252 1616 5309 multi
1633 5250 1821 5322 multiplicem

1032 5415 1045 5445 0
1065 5385 1489 5470 Grecisurapxiacommmlam
1508 5408 1698 5474 demersumque
1721 5389 1818 5461 signi-

997 5476 1078 5532 ficat:
1090 5471 1201 5528 Latinis
1209 5471 1332 5531 sitarcia,
1344 5475 1477 5538 corrupte
1487 5467 1611 5521 sistarcia
1620 5468 1746 5545 sumitur
1756 5473 1819 5529 pro·

996 5548 1069 5602 cista
1084 5549 1136 5600 aut
1148 5542 1275 5598 canistro
1290 5540 1331 5595 vel
1349 5540 1471 5595 mantica
1498 5549 1554 5608 qua
1572 5534 1668 5590 edulia
1683 5544 1819 5601 compor-

997 5622 1106 5688 tantur,
1122 5617 1134 5672 l
1148 5615 1265 5685 liegum,
1281 5624 1343 5681 cap.
1360 5623 1400 5681 rx,
1415 5622 1443 5663 v.
1458 5579 1485 5662 7’.
