3876 6090
111 220 186 314 'eut
758 250 936 309 nunsrasn
955 248 1224 305 nruerornecnnn
1780 243 1837 301 aus

130 367 288 425 amicorum
305 368 460 440 imagines:
471 383 526 423 non
541 367 665 423 matenae
680 367 721 422 vel
737 365 884 422 coloribus
897 365 955 420 cul·
968 359 998 418 A
1011 375 1086 417 nune
1103 362 1180 418 lectae
1200 368 1275 432 sunt,
1298 363 1462 434 quaequede
1477 363 1593 419 Oriente
1609 362 1703 418 missae
1720 361 1841 419 luerunt

130 462 191 513 turn
206 457 364 525 alicrentes,
381 457 427 512 sed
446 471 495 526 per
510 456 568 512 haec
585 454 822 526 intelligibilibus
842 453 954 509 risilrus
1010 449 1043 504 ad
1062 451 1210 506 Tarasium
1233 451 1446 506 sanctissimum
1471 451 1721 520 archiepiscopum
1743 455 1770 506 ct
1795 464 1842 520 pa·

129 545 164 600 ad
185 545 371 615 principalem
396 542 575 619 [principale]
596 545 725 614 adducti,
748 545 882 599 honorem
908 542 953 598 illi
1010 538 1176 610 triarcham,
1195 554 1210 595 a
1226 540 1395 596 delinitione
1416 540 1481 596 hdel
1501 553 1585 610 quam
1606 540 1666 610 ipse
1685 545 1752 594 ante
1773 553 1840 595 con·

129 631 259 690 debitum
279 634 487 704 impendimus:
501 635 623 689 scientes
642 633 798 688 secundum
814 631 953 687 Basiliam
1012 625 1103 683 lessus
1123 626 1226 700 luerat,
1249 629 1397 685 inveniens
1414 634 1509 700 elego
1529 629 1677 701 indiguus,
1701 627 1749 683 his
1767 642 1841 684 con-

128 735 272 793 magnum,
285 722 650 794 quodimaginishonorad
664 720 851 791 principalem
863 724 954 775 trans·
1009 717 1102 772 sentio
1119 723 1147 772 et
1163 731 1282 774 concors
1300 717 1416 787 ellicior,
1436 718 1598 788 suscipiens
1616 723 1645 773 et
1662 716 1840 787 amplectens

126 815 181 866 eat.
195 811 282 867 Porro
297 811 365 882 quia
378 811 510 868 nonnulli
525 810 735 866 contentiosius
748 815 846 880 agunt,
863 814 891 863 et
903 808 953 863 di-
1009 804 1220 862 honorabiliter
1237 813 1385 862 sanctaset
1394 806 1569 862 venerabiles
1585 806 1740 878 imagines:
1751 811 1840 876 atque

126 902 195 956 cunt
221 913 276 955 non
303 905 433 970 oportere
462 905 627 955 sanctorum
656 898 796 970 imagines
822 897 951 968 adorare,
1007 892 1202 950 adorationem
1226 910 1288 967 quau
1303 909 1352 965 per
1377 895 1501 965 latriam,
1519 895 1546 950 id
1563 902 1615 965 est,
1632 896 1689 950 Deo
1709 894 1838 950 debitam

124 1001 190 1044 cum
211 988 272 1044 sint
295 988 482 1056 manufactae,
497 987 653 1043 simulacra
677 986 782 1043 stolide
807 986 867 1057 has,
895 985 952 1041 imo
1007 982 1174 1039 servitutem
1189 983 1837 1055 edicitur,solisupersuhstautialietvivilicae

126 1076 213 1147 impie
237 1083 453 1147 nuncupantes:
469 1077 602 1134 noverint
628 1075 678 1146 ‹yui
695 1075 844 1144 ejusmodi
872 1078 950 1144 sunt,
1006 1071 1142 1127 Trinitati
1169 1072 1311 1144 impendo.
1331 1075 1367 1129 Et
1387 1073 1437 1144 qui
1459 1073 1498 1129 ita
1519 1087 1575 1128 non
1592 1073 1720 1144 sapiunt,
1745 1085 1838 1143 neque

124 1167 199 1237 quod
213 1165 372 1239 cherubim,
384 1170 413 1222 et
423 1163 668 1236 propitiatorium,
679 1169 793 1233 etarca,
805 1168 833 1219 et
844 1176 949 1233 mensa,
1007 1161 1173 1231 praedicant,
1190 1176 1205 1218 a
1220 1168 1318 1219 sancta
1332 1162 1475 1219 catholica
1489 1166 1517 1218 et
1534 1162 1692 1232 apostolica
1707 1161 1835 1218 Ecclesia

124 1268 187 1326 quae
199 1257 308 1326 Moyses
320 1255 535 1312 sacratissimus
546 1254 646 1310 divino
660 1257 798 1324 precepto
813 1257 950 1308 constru-
1005 1263 1132 1322 segrego,
1148 1256 1176 1307 et
1189 1251 1363 1308 anathemati
1382 1251 1517 1322 subjicio,
1535 1257 1621 1322 atque
1647 1250 1775 1321 portioni
1791 1263 1837 1307 ne·

122 1343 176 1410 xit,
191 1341 351 1398 manufacta
363 1347 455 1413 erant,
469 1349 497 1398 et
509 1341 717 1398 adorabantur:
728 1345 845 1396 accusat
854 1345 949 1396 autem
1005 1339 1135 1409 gautium
1154 1340 1330 1397 incarnatam
1347 1345 1376 1396 et
1392 1339 1571 1397 salutiferam
1588 1339 1835 1410 dispensationem

121 1430 221 1488 diuina
241 1431 389 1501 Scriptura
408 1445 457 1487 eos
479 1431 528 1502 qui
549 1430 672 1486 adorant
696 1428 845 1499 sculptilia
864 1426 947 1498 (l’sul.
1003 1426 1112 1483 Christi
1136 1429 1194 1485 veri
1209 1430 1260 1485 Dei
1277 1431 1367 1486 nostri
1388 1429 1563 1486 transmitte.

121 1533 186 1576 xcvi
200 1539 208 1587 ;
221 1523 276 1576 leo.
294 1520 362 1594 nuri)
373 1539 381 1589 3
394 1521 443 1577 sed
462 1525 489 1576 et
505 1519 572 1576 illos
585 1518 634 1589 oui
648 1517 827 1575 daemonibus
844 1517 950 1574 immo-
1039 1517 1165 1573 Basilius
1189 1519 1391 1576 sanctissimus
1414 1519 1567 1590 episcopus
1592 1517 1711 1588 Ancyrae
1734 1517 1830 1573 dixit:

122 1608 192 1664 lant.
212 1610 247 1665 Et
266 1609 381 1679 quidem
405 1609 547 1677 abjectum
567 1613 629 1663 erat
648 1620 822 1679 paganorum
843 1607 949 1662 sacriti-
1003 1605 1160 1661 Destinatis
1178 1606 1285 1662 litteris
1304 1608 1339 1663 ab
1353 1607 1481 1664 Orientis
1501 1606 1695 1663 sanctissimis
1711 1605 1834 1663 summis

121 1697 288 1767 cium3sed
314 1698 458 1767 justorum
489 1702 637 1767 acceptum
666 1702 708 1752 est
734 1693 817 1766 (Ereti
848 1678 1201 1767 xxxv).sssacerd0tibus
1225 1697 1260 1752 ad
1285 1697 1499 1753 sanctissimum
1526 1696 1779 1765 archiepiscopum
1802 1701 1831 1751 et

120 1785 189 1844 Cum
202 1800 268 1859 ergo
281 1787 434 1842 crassioris
449 1787 600 1856 scripturae
614 1783 791 1841 venerabiles
807 1785 948 1856 imagines

121 1875 190 1945 sint,
210 1880 321 1946 oportet
337 1889 384 1931 eas
401 1876 542 1932 honorare
561 1878 676 1945 propter
694 1873 878 1944 principalia.
897 1874 948 1929 llis

121 1963 218 2034 itaque
235 1964 382 2034 synodicis
404 1966 511 2021 nostris
533 1963 656 2019 libenter
672 1962 806 2032 acceptis,
830 1963 948 2018 sanctis

110 2052 201 2123 ¹simi,
219 2052 244 2108 si
265 2053 333 2121 quid
352 2053 497 2108 inventum
518 2051 654 2109 fueritin
672 2052 733 2108 illis
750 2051 948 2107 emendatione

122 2140 265 2212 indigens,
276 2141 339 2196 sine
350 2141 459 2198 invidia
470 2147 568 2197 vestrae
579 2143 635 2198 lieo
644 2139 733 2210 plenae
745 2141 883 2197 doctrina:
896 2154 947 2196 nos

121 2229 275 2300 participes
294 2228 389 2302 facite,
410 2231 490 2286 etad
512 2230 714 2286 remittendum
734 2243 766 2285 ea
786 2229 869 2285 nohis
888 2243 948 2284 uor-

122 2322 198 2374 reeta
216 2322 305 2375 estote
327 2318 502 2388 precabiles:
517 2325 548 2374 ut
561 2318 744 2374 concorditer
757 2332 791 2373 ex
807 2317 859 2374 hoc
881 2317 947 2372 lide

119 2405 198 2463 libus
211 2408 351 2480 utrisque,
367 2407 394 2463 id
411 2414 462 2477 est,
475 2406 558 2463 vohis
572 2412 600 2462 et
613 2407 696 2462 nohis
710 2407 844 2476 inventis,
860 2406 946 2478 glori-

36 2526 39 2535 ·
118 2493 219 2551 licetur
240 2497 320 2551 Pater
335 2501 363 2552 et
377 2495 470 2551 Filius
484 2501 512 2551 et
528 2495 655 2566 Spiritus
675 2502 802 2563 sauctus,
827 2500 945 2551 nuncet

118 2596 230 2653 semper
246 2588 274 2640 et
291 2583 321 2639 iu
342 2584 445 2639 saecula
462 2584 643 2640 saeculorum.
664 2583 763 2639 Amen.

151 2674 186 2727 Et
202 2678 264 2743 post
279 2673 429 2729 lectionem
447 2674 547 2729 l‘etrus
561 2677 589 2727 et
603 2674 713 2743 Petrus,
734 2674 791 2727 Deo
805 2672 944 2728 amabiles

118 2761 285 2832 presbyteri,
318 2768 345 2817 et
373 2761 467 2817 lucum
499 2766 626 2817 tenentes
656 2761 833 2817 sanctissimi
866 2775 943 2831 papae

1004 1785 1195 1853 patriarcham
1220 1786 1367 1841 consentio
1389 1793 1416 1842 et
1442 1799 1592 1857 permaneo
1609 1803 1616 1855 3
1633 1791 1661 1840 et
1683 1799 1747 1854 qure
1773 1784 1829 1854 ipsi

1002 1872 1208 1930 confessisunt
1225 1875 1346 1930 admitto
1363 1875 1522 1932 cumomni
1541 1873 1718 1945 benignitate
1736 1879 1765 1928 et
1778 1888 1832 1930 re-

1003 1962 1176 2019 luntate:et
1198 1964 1248 2035 qul
1270 1965 1309 2020 ita
1331 1979 1387 2021 uon
1412 1966 1539 2036 sapiunt,
1565 1963 1740 2019 anathemati
1765 1962 1832 2020 suh

1003 2052 1096 2108 mitto.

1037 2141 1172 2199 Nicolaus
1198 2143 1399 2199 sanctissimus
1425 2143 1578 2213 episcopus
1605 2142 1699 2212 Cyzici
1729 2142 1826 2198 dixit:

1002 2231 1828 2301 Lectislitterissanctissimietbeatissimiarchiepiscopi

1000 2324 1029 2373 et
1044 2320 1221 2389 patriarcha,
1234 2326 1262 2375 et
1273 2335 1288 2376 e
1299 2321 1413 2377 diverso
1428 2321 1527 2377 missis
1541 2320 1576 2375 ah
1590 2321 1719 2377 Orientis
1735 2320 1829 2376 ortho

999 2409 1083 2464 doxis
1112 2409 1233 2465 summis
1264 2409 1461 2465 sacerdotibus
1487 2409 1596 2465 libellis
1620 2409 1770 2466 consentio
1793 2409 1828 2465 de

999 2499 1108 2557 sanctis
1133 2513 1166 2554 ac
1190 2498 1405 2557 venerabilibus
1432 2498 1618 2569 imaginibus,
1649 2505 1678 2554 et
1700 2512 1827 2554 commu-

1000 2589 1113 2645 nionem
1130 2601 1228 2643 eorum
1250 2587 1376 2657 recipio:
1389 2591 1417 2643 et
1432 2600 1481 2643 eos
1498 2587 1549 2658 qui
1566 2587 1605 2642 ita
1621 2600 1677 2642 non
1696 2587 1825 2658 sapiam,

999 2676 1172 2733 anathemati
1193 2676 1367 2731 transmitto.
1718 2679 1722 2689 '

1034 2764 1825 2836 EuthymiussanctissimusepiseopusSardisdixit:Ut

116 2849 235 2906 Adriani
258 2850 381 2908 senioris
404 2851 507 2920 Romae,
529 2850 667 2909 dixerunt
685 2869 691 2905 ι
711 2850 940 2921 hequiesrimus,
998 2855 1027 2909 in
1044 2853 1335 2910 omnibusreritatem
1348 2858 1509 2925 exsecutus,
1526 2857 1554 2909 et
1569 2854 1599 2909 in
1616 2853 1824 2911 traditionibus

116 2940 185 3011 quia
198 2941 354 2997 secundum
372 2938 467 3030 fldem,
487 2955 571 3012 quam
588 2948 662 2998 recte
674 2941 809 2997 Tarasius
824 2943 943 2997 sanetis·
996 2943 1257 2999 sacratissimorum
1277 2943 1479 3012 Apostolorum
1495 2948 1523 2998 et
1538 2945 1653 2999 Patrum
1673 2943 1822 3014 educatus,

116 3029 209 3087 simus
225 3034 253 3087 et
268 3030 453 3087 beatissimus
473 3031 636 3101 patriarcha
655 3030 942 3100 constantinopoleos
956 3040 981 3102 c
996 3031 1145 3088 consentio
1164 3032 1250 3087 etiam
1267 3032 1313 3088 his
1328 3032 1544 3088 exarationibus
1562 3045 1624 3103 quae
1641 3032 1725 3088 modo
1746 3030 1823 3088 lecte

115 3125 159 3176 est
173 3118 330 3192 coufessus,
346 3125 375 3175 et
389 3120 565 3190 apostolicus
586 3134 656 3190 papa
680 3124 776 3176 noster
796 3120 942 3176 Adrianus

115 3210 277 3280 suscipiens
292 3224 427 3266 unacum
447 3209 604 3265 venerabili
625 3216 722 3266 sancta
741 3210 941 3282 synodoque

113 3300 188 3368 apud
206 3298 300 3368 ipsum
316 3302 368 3370 est,
387 3299 540 3369 consentit,
557 3301 585 3354 et
602 3312 700 3355 eorum
720 3313 783 3368 quae
805 3298 854 3354 ille
869 3312 942 3354 con-

112 3383 207 3443 fessus
219 3384 322 3455 fuerat,
338 3387 568 3443 communionem
583 3387 733 3456 amplexus
744 3390 796 3441 est.
813 3388 846 3441 Et
861 3386 941 3442 hene

112 3475 305 3547 dietusueus,
319 3475 388 3546 quia
402 3474 718 3532 Orientissanctissimi
734 3474 840 3531 summi
852 3488 942 3530 saeer-

112 3564 193 3621 dotes
220 3564 374 3620 concordes
399 3563 428 3617 in
455 3563 613 3619 orthodoxa
640 3563 694 3617 llde
720 3567 749 3618 et
771 3563 940 3620 adoratione

112 3652 319 3708 venerabilium
337 3651 495 3721 imaginum
511 3650 706 3706 sanctissimis
719 3650 846 3707 Adriano
862 3666 939 3722 papae

112 3743 200 3797 Roma
222 3746 307 3809 o,et
340 3740 457 3795 Tarasio
495 3739 664 3808 patriarche
704 3753 782 3794 norae
818 3741 937 3812 llomm,

115 3828 224 3884 inventi
246 3833 333 3884 sunt:
346 3834 374 3883 et
389 3828 439 3897 qui
457 3827 496 3882 ita
513 3841 569 3884 non
585 3827 768 3897 confitentur,
790 3829 939 3886 anathema

113 3916 199 3971 sinta
211 3917 319 3972 sanctis
338 3916 474 3972 trecentis
494 3915 590 3972 decern
606 3922 635 3971 et
649 3921 712 3972 octo
728 3916 870 3988 Patribus,
888 3918 938 3989 qui

114 4004 162 4060 hic
181 4008 246 4059 ante
262 4003 374 4060 collecti
397 4010 474 4061 sunt.

148 4093 249 4148 Sancta
263 4093 389 4164 synodus
406 4094 482 4149 dixit
495 4111 501 4148 :
512 4093 584 4161 Fiat,
604 4093 662 4166 tlat,
682 4094 740 4150 liat.

148 4181 276 4253 hgapius
295 4182 496 4239 sanctissimus
515 4183 668 4253 episeopus
686 4185 818 4241 Caesarem
841 4184 935 4240 dixit:

112 4269 939 4343 DestinatisabOrieutissanctissimispontilleibussacra-

996 3126 1074 3192 sunt,
1092 3125 1147 3176 tarn
1164 3119 1277 3176 scilicet
1290 3120 1400 3176 Tarasii
1416 3119 1594 3177 sanctissimi
1610 3134 1644 3176 ae
1659 3119 1822 3176 beatissimi

994 3210 1205 3280 archiepiscopi
1220 3215 1248 3266 et
1264 3210 1443 3280 patriarche,
1467 3222 1551 3282 quarn
1570 3209 1617 3264 his
1636 3223 1700 3280 qure
1719 3209 1756 3264 ad
1773 3209 1823 3265 has

996 3301 1091 3356 missae
1103 3305 1171 3355 sunt
1182 3299 1218 3355 ah
1229 3299 1426 3355 Orientalibus
1439 3297 1613 3369 patriarchis
1623 3316 1629 3351 ε
1640 3302 1669 3353 et
1680 3310 1781 3353 eorum
1791 3311 1823 3353 ac

996 3403 1089 3445 meum
1112 3402 1227 3444 sensum
1248 3401 1334 3458 super
1353 3387 1443 3444 sacris
1464 3387 1648 3460 dogmatibus
1662 3391 1691 3442 et
1714 3385 1822 3443 sanctis

996 3477 1089 3533 iconis
1115 3489 1204 3532 unum
1226 3481 1254 3532 et
1278 3474 1486 3531 immutabilem
1510 3475 1666 3531 existimo:
1684 3488 1735 3531 ecs
1757 3487 1823 3532 vero

995 3565 1047 3635 oui
1064 3569 1164 3633 prater
1180 3563 1239 3619 haec
1253 3578 1323 3619 varie
1338 3563 1508 3634 loquuntur,
1524 3570 1552 3619 et
1567 3564 1703 3635 garriunt
1723 3569 1823 3619 eontra

994 3657 1107 3709 sanetas
1129 3653 1282 3723 imagines,
1303 3659 1330 3708 et
1348 3666 1401 3707 non
1422 3652 1595 3708 conveniunt
1616 3669 1683 3710 cum
1703 3653 1823 3709 sanctis

993 3741 1078 3797 simis
1089 3742 1272 3812 patriarchis,
1287 3741 1436 3797 hareticos
1445 3746 1473 3796 et
1487 3755 1633 3810 perversos
1646 3756 1784 3816 agnosco,
1795 3747 1823 3797 et

993 3829 1029 3884 ab
1048 3843 1145 3885 eorum
1166 3830 1367 3886 communione
1384 3830 1467 3902 longe
1489 3844 1532 3886 me
1555 3845 1639 3899 pono.

1029 3919 1131 3974 l’etrus
1146 3919 1347 3975 sanctissimus
1361 3918 1514 3989 episcopus
1532 3920 1708 3976 Nicomediae
1722 3920 1819 3977 dixit:

993 4006 1153 4064 Secundum
1178 4007 1281 4063 missas
1306 4006 1418 4064 litteras
1439 4021 1455 4062 a
1478 4009 1600 4065 summis
1621 4008 1824 4068 sacerdotibus

994 4095 1149 4152 Orientalis
1161 4096 1316 4153 dioereseos
1330 4096 1364 4151 ad
1379 4097 1595 4153 sanctissimum
1607 4101 1638 4153 el
1651 4103 1696 4155 ter
1707 4099 1822 4156 beatum

993 4185 1240 4255 archiepiscopum
1256 4191 1284 4241 et
1299 4185 1491 4256 patriarcham
1500 4180 1669 4259 'Tarasium,
1685 4188 1824 4244 salutabi-

995 4275 1061 4331 liter
1087 4275 1225 4344 suscipio,
1252 4282 1280 4331 et
1306 4275 1368 4331 colo
1397 4281 1483 4345 atque
1510 4276 1598 4332 adoro
1626 4277 1771 4347 pretiosas
1794 4283 1824 4334 et

113 4358 237 4414 tissimis
253 4359 359 4415 litteris
371 4361 405 4415 ad
418 4359 566 4416 'larasium
584 4362 800 4417 sanctissimum
819 4363 938 4432 patriar·
951 4360 978 4422 D
993 4379 1088 4420 srrcras
1099 4365 1213 4421 iconas:
1231 4378 1279 4420 eos
1291 4377 1356 4420 vcro
1369 4364 1419 4434 qui
1434 4364 1474 4420 ita
1491 4378 1546 4422 non
1561 4365 1691 4437 sapiunt,
1706 4367 1824 4423 anathe-

113 4448 210 4503 cham:
226 4448 282 4520 his,
295 4454 429 4520 tanquam
442 4449 560 4505 titulum
573 4449 751 4505 orthodoxia
762 4451 935 4521 suscipiens,

112 4537 247 4593 omnihus
259 4538 351 4593 medis
361 4537 519 4603 consentio,
531 4542 559 4592 et
568 4539 797 4594 communionem
810 4540 935 4609 recipio,

112 4631 141 4682 et
153 4640 200 4682 eos
215 4627 265 4698 qui
281 4627 320 4682 ita
336 4640 391 4682 rron
407 4627 534 4697 sapiunt,
551 4628 723 4682 anathemati
742 4627 935 4684 submiserim.

146 4716 268 4772 loannes
281 4716 434 4786 episcopus
447 4716 551 4785 Ephesi
569 4716 645 4772 dixit
656 4734 662 4769 :
674 4716 831 4772 Destinatis
849 4717 884 4773 ab
900 4717 938 4773 iis

113 4804 234 4861 summis
244 4805 440 4862 sacerdotibus
450 4806 501 4877 qui
514 4806 544 4862 in
554 4805 669 4862 Oriente
680 4813 757 4875 sunt,
769 4805 938 4863 orthodoxis

114 4892 220 4950 litteris
234 4895 268 4950 ad
283 4894 498 4951 sanctissimum
514 4900 542 4951 et
558 4902 600 4950 ter
614 4895 728 4952 beatum
746 4896 937 4966 patriarcham

111 4982 260 5039 Taraslum
287 4983 493 5056 consentimus,
525 4988 553 5040 et
578 4998 675 5040 earum
706 4985 937 5040 communionem

113 5071 323 5143 amplectimur.
347 5075 402 5129 Eos
422 5088 488 5130 vero
508 5074 558 5145 qui
580 5073 619 5129 ita
641 5073 823 5145 confitentur,
848 5088 938 5144 neque

112 5161 242 5231 adorant,
262 5175 353 5233 neque
370 5163 516 5233 recipiunt
534 5167 647 5217 sanctas
659 5167 687 5216 et
702 5174 798 5217 sacras
812 5176 844 5217 ac
859 5177 939 5219 verre-

113 5251 221 5307 rahilcs
246 5251 396 5323 imagines,
423 5252 532 5307 alienos
558 5250 692 5306 existimo
718 5251 881 5320 apostolicae
906 5267 938 5308 ac

113 5339 261 5395 catholicae
272 5340 415 5410 Ecclesia,
424 5345 509 5410 atque
520 5353 568 5394 eos
577 5338 750 5394 anathemati
764 5340 937 5396 transmitto.

147 5429 353 5485 Constantinus
372 5428 574 5485 sanctissimus
596 5427 747 5498 episcopus
765 5428 938 5485 Constantia

113 5516 198 5589 Cypri
208 5518 300 5575 dixit:
312 5520 343 5575 ln
357 5517 436 5574 nulle
451 5532 537 5574 sensu
549 5522 737 5574 commutatas
749 5516 861 5575 litteras
876 5535 938 5589 qua

994 4454 1105 4509 matizo.

1027 4543 1166 4613 llypatlus
1189 4542 1391 4599 sanctissimus
1415 4543 1567 4615 episcopus
1592 4545 1696 4601 Nlcaeae
1719 4545 1819 4601 dixit:

992 4630 1166 4687 Orthodunis
1185 4630 1295 4687 litteris
1314 4647 1377 4702 qua
1397 4633 1492 4689 missae
1507 4638 1575 4690 sunt
1591 4634 1627 4689 ab
1644 4633 1774 4704 Oriente,
1791 4633 1819 4689 id

992 4727 1045 4789 est,
1062 4735 1078 4776 a
1091 4721 1211 4777 summis
1221 4722 1419 4779 sacerdotibus
1431 4723 1481 4794 qui
1496 4722 1602 4779 ibidem
1616 4727 1696 4795 sunt,
1709 4724 1745 4780 ad
1759 4736 1821 4780 sau·

992 4809 1153 4866 ctissimum
1178 4815 1206 4866 et
1228 4816 1272 4866 ter
1299 4810 1411 4867 beatum
1439 4811 1631 4881 patriarcham
1656 4812 1819 4879 Teresiam,

993 4899 1150 4971 consentio,
1177 4904 1206 4955 et
1230 4913 1262 4955 ea
1287 4914 1349 4970 que
1375 4899 1497 4956 confessi
1528 4904 1606 4970 sunl,
1637 4901 1750 4971 recipio
1767 4919 1775 4973 3
1792 4907 1820 4958 et

993 4993 1105 5044 sanctas
1123 5002 1156 5043 ae
1173 4987 1348 5043 venerabiles
1366 4988 1505 5060 imagines
1524 4989 1633 5045 honoro
1647 4995 1677 5044 et
1690 4990 1781 5047 adoro
1792 4993 1820 5046 et

992 5076 1166 5146 amplector:
1179 5083 1206 5132 et
1225 5077 1389 5146 omnesqui
1409 5090 1464 5133 non
1484 5083 1645 5148 sequuntur
1664 5076 1820 5136 consessio

994 5160 1056 5221 uem
1080 5165 1161 5235 hane,
1180 5165 1289 5221 alienos
1310 5164 1414 5234 opinor
1432 5179 1449 5221 a
1470 5164 1611 5222 catholica
1628 5167 1770 5237 Ecclesia,
1792 5170 1820 5223 et

993 5253 1166 5309 arrathemati
1186 5253 1287 5310 subde.

1028 5342 1105 5398 Elias
1124 5342 1325 5400 sanctissimus
1343 5345 1495 5414 episcopus
1514 5344 1602 5399 Crete
1621 5343 1819 5402 dixittbestl-

993 5436 1074 5487 nautas
1093 5432 1203 5489 litteras
1224 5431 1259 5488 ab
1278 5433 1394 5490 Oriente
1412 5446 1534 5503 sequens
1554 5433 1704 5492 consentio
1725 5441 1754 5490 et
1772 5447 1819 5504 pa·

992 5535 1095 5577 crscor.
