3876 6090
114 245 169 308 263
712 242 890 300 hhhsihsll
928 238 1199 299 amuorlmcsllh

115 375 254 430 sanctum.
270 372 312 428 lta
326 369 481 442 procedens
496 381 572 424 uuus
585 380 620 424 ex
633 365 747 426 duobus
760 367 937 426 contrariis·
949 368 980 430 A
994 372 1106 426 centum
1122 365 1335 441 quiuquaglnta
1350 365 1466 423 Petrum
1481 363 1609 437 synodus
1622 361 1756 421 coutras

114 464 188 520 Deus
203 460 335 532 llerbum,
351 473 416 516 curu
430 456 571 529 perlectus
586 461 688 514 natura
702 458 777 513 Deus
791 457 936 528 existeret,
994 463 1041 516 tus
1060 459 1287 532 impugnatorem
1312 456 1756 527 111111111111,111)11111111

115 551 207 609 lactus
220 556 321 608 natura
332 546 475 620 perlectus
487 547 570 603 homo
584 545 658 602 idem
670 546 741 618 ipse,
754 559 810 604 non
824 550 938 603 mutans
996 548 1151 605 miariauos
1165 547 1258 604 soclos
1271 548 1334 617 ejus
1346 565 1352 602 :
1365 560 1428 618 qus
1443 543 1681 616 sanctasynodus
1694 556 1756 601 eun

116 645 257 712 naturam,
272 651 362 709 neque
372 636 513 693 simulans
523 635 767 705 dispensationem
778 654 786 706 ς
797 635 845 693 sed
857 634 938 692 carui
993 637 1133 708 splritum
1149 640 1278 694 sanctum
1298 635 1399 692 ducem
1415 648 1447 692 ac
1462 634 1632 708 magistrum
1658 631 1756 690 haben

117 727 329 786 rationabiliter
352 732 380 782 et
401 723 628 796 intelligibiliter
647 721 717 798 idn,
737 720 880 800 animatae]
905 737 940 780 ex
995 728 1076 784 Patre
1103 727 1166 784 siue
1195 733 1321 798 tempore
1347 739 1381 783 ao
1406 725 1579 795 sempiterne
1612 721 1756 795 processit

115 824 212 876 sancta
232 817 349 890 Virgine
370 818 500 886 sumptae,
515 817 544 870 et
560 813 589 869 iu
606 813 668 884 ipso
684 818 716 870 ut
730 818 805 871 esset
818 812 938 884 sortite,
995 816 1199 892 dogmatisavit
1222 816 1339 885 habere,
1361 820 1390 872 et
1412 815 1583 872 homousion
1605 813 1682 870 l’atri
1702 813 1755 870 et]

117 908 217 965 unitus
232 911 276 963 est
291 919 340 976 per
355 903 572 961 subsistentiam
589 899 939 973 iuconluseaciudivise3
997 906 1057 964 iore
1078 905 1289 965 coadorandum
1310 910 1338 963 et
1357 904 1714 978 conglorificandumzeos
1732 914 1755 961 al

116 1010 172 1053 nou
187 993 361 1051 transferens
373 992 492 1048 deitatis
504 1005 563 1048 suae
578 997 708 1048 naturam
722 992 752 1048 iu
764 992 862 1048 earnis
876 991 943 1048 sub
997 997 1046 1069 qui
1069 996 1338 1068 blasphemaverunt
1356 996 1386 1051 in
1405 995 1535 1052 eumdem
1554 993 1745 1062 Paracletum,

114 1085 260 1156 stantiam,
281 1083 329 1140 sed
344 1095 435 1154 neque
455 1080 645 1138 substantiam
663 1082 759 1138 caruis
775 1095 834 1138 suae
849 1080 880 1138 in
896 1094 944 1137 ua·
997 1079 1755 1144 remissioneanathematismissubmisitinenarrabili

115 1172 418 1238 turamsuaedeltatis.
434 1171 724 1244 Duaeigituruaturae
740 1170 943 1229 inconvertibi·
998 1190 1055 1234 uno
1084 1190 1149 1233 cum
1177 1175 1338 1246 desipiente
1367 1172 1569 1246 Apollinarlo,
1589 1172 1638 1244 qui
1670 1171 1755 1229 Salva

116 1264 182 1321 liter
192 1263 313 1320 invicem
323 1262 455 1319 adunate
470 1261 568 1317 ln-uua
582 1260 632 1317 llel
645 1260 727 1317 llerbi
741 1260 939 1330 subslsteutia,
998 1267 1088 1326 nostri
1113 1265 1256 1323 hominem
1281 1260 1351 1339 iiic,
1373 1262 1546 1320 salvatorem
1568 1266 1700 1319 nostrum
1722 1273 1755 1319 se

116 1367 205 1411 uuum
228 1352 335 1409 Filium
353 1357 381 1407 et
398 1350 551 1407 Dominum
574 1348 658 1408 nobis
676 1350 942 1408 demonstraverunt
996 1357 1064 1414 dum
1089 1352 1243 1431 hominem]
1267 1355 1330 1412 sine
1353 1352 1512 1420 intellectu,
1535 1363 1600 1408 cum
1621 1355 1698 1407 esset
1718 1363 1755 1407 aa

114 1440 259 1499 visibilem
274 1445 303 1496 et
320 1437 507 1510 invisibilem,
527 1437 674 1495 mortalem
692 1441 721 1494 et
740 1437 940 1509 immortalem,
997 1444 1113 1503 verbose
1132 1442 1290 1515 perhibuit.
1306 1444 1341 1499 lit
1356 1441 1441 1499 tertia
1464 1440 1543 1511 prior
1562 1439 1666 1510 Ephesi
1685 1439 1755 1496 duci

115 1529 365 1599 circumscriptum
374 1528 504 1584 eumdem
512 1531 541 1583 et
549 1527 843 1602 incircumscriptum,
851 1529 941 1586 Deum
997 1547 1061 1591 rum
1074 1537 1236 1590 sanctorum
1250 1533 1365 1589 Patrum
1382 1527 1527 1601 refulgens
1539 1526 1666 1598 synodus
1678 1526 1755 1584 iude

117 1617 272 1690 perlectum
282 1623 310 1673 et
323 1616 465 1673 bominem
480 1615 646 1689 perlectum,
659 1616 688 1673 iu
703 1616 816 1674 duabus
829 1618 942 1674 naturis
996 1623 1120 1679 ctionem
1138 1626 1167 1678 et
1180 1621 1368 1693 dejectionem
1390 1617 1534 1675 hominem
1557 1615 1680 1673 colentis
1700 1616 1755 1673 Ner

116 1705 336 1780 agnoscendum,
352 1711 381 1761 et
393 1705 422 1760 iu
437 1704 550 1762 duabus
565 1703 666 1762 liberis
683 1706 900 1777 operationibus
913 1710 943 1764 et
957 1702 983 1766 B
996 1719 1025 1770 et
1042 1716 1297 1770 consentaneorum
1320 1711 1400 1780 eius:
1414 1708 1466 1780 nui
1488 1720 1523 1763 ex
1545 1705 1673 1778 propriis
1692 1717 1754 1763 exst

116 1795 313 1854 voluntatibus
323 1794 509 1851 adoraudum.
521 1796 591 1851 Nam
601 1807 656 1851 nou
666 1795 767 1867 utique
776 1800 943 1866 operaretur
998 1797 1107 1855 bilibus
1125 1794 1351 1870 cogitationibus
1369 1795 1516 1869 deceptus,
1539 1795 1630 1853 alium
1652 1796 1754 1854 essell

115 1886 223 1957 divine,
236 1884 293 1941 uisi
303 1886 378 1941 esset
386 1888 487 1941 natura
494 1885 584 1940 Deus:
596 1897 688 1955 neque
696 1899 799 1941 rursus
808 1884 941 1958 humane,
997 1886 1130 1959 Verbum,
1149 1887 1282 1958 quiante
1301 1885 1405 1943 secula
1425 1891 1478 1958 est,
1491 1890 1520 1942 et
1536 1884 1627 1942 alium
1647 1899 1713 1942 eum
1728 1898 1754 1957 (p

117 1975 174 2032 ulsl
193 1980 295 2030 natura
311 1973 389 2029 deret
408 1972 502 2030 homo.
518 1974 599 2029 lluuc
615 1973 795 2045 coudtemur,
813 1974 864 2045 oni
879 1988 943 2031 vere
999 1976 1117 2049 l'irgine
1140 1981 1254 2047 propter
1278 1973 1400 2031 salutem
1425 1980 1551 2032 nostram
1581 1975 1751 2032 incarnatus

115 2065 248 2123 estlleus
266 2067 294 2118 et
310 2062 404 2134 homo,
428 2065 542 2132 propter
561 2061 681 2119 salutem
700 2066 826 2120 nostram
843 2063 945 2121 cruci·
999 2065 1113 2140 garrula
1144 2079 1210 2124 voce
1243 2063 1373 2136 prolatus
1403 2069 1467 2135 est,
1489 2069 1620 2137 quartam
1652 2062 1754 2121 scelera

117 2153 204 2209 fisum
218 2150 318 2220 luisse,
330 2156 452 2207 etcarue
468 2157 585 2209 mortem
600 2157 740 2224 gustasse,
754 2153 944 2224 sepulturam·
998 2155 1085 2212 etiam
1106 2154 1215 2226 nolens,
1236 2167 1384 2226 personam
1401 2155 1431 2211 in
1446 2160 1572 2211 1111111111
1587 2159 1616 2210 11
1634 2152 1754 2212 cousubr

117 2256 171 2314 que
187 2242 275 2299 trium
291 2241 452 2311 suscepisse
463 2240 586 2312 dierum,
602 2247 631 2297 et
641 2242 945 2300 resurrexisseamor
1000 2245 1097 2302 tlalem
1133 2245 1303 2301 Trinitatem
1337 2244 1505 2303 inducens:
1528 2257 1585 2302 non
1616 2245 1712 2301 solum
1745 2258 1754 2301 r

117 2331 176 2389 luis
188 2331 311 2403 propris
323 2330 451 2401 potentia
461 2329 589 2399 deitatis,
602 2328 746 2387 internum
759 2330 943 2402 dispoliasse,
1001 2347 1067 2392 rans
1092 2336 1188 2393 unitas
1211 2335 1283 2392 duas
1305 2335 1414 2391 Christi
1437 2338 1555 2390 naturas
1580 2334 1706 2390 induas
1729 2348 1754 2392 su

116 2426 144 2479 et
157 2418 507 2492 eosquiasaeculoviucti
522 2418 644 2491 lucrant,
663 2420 795 2476 libertate
810 2420 943 2494 donasse,
1001 2426 1142 2499 steatitis,
1158 2440 1255 2483 verum
1281 2424 1367 2481 etiam
1394 2438 1511 2496 vocem,
1531 2438 1586 2497 qua
1615 2424 1665 2481 liei
1695 2424 1754 2482 Gen

117 2513 147 2568 in
164 2511 251 2567 coelos
266 2509 439 2580 ascendisse,
455 2512 483 2564 et
496 2508 526 2563 in
540 2509 656 2565 dextera
671 2509 763 2565 Patris
779 2510 898 2581 sedisse,
917 2515 946 2567 et
1000 2515 1171 2588 appellatur,
1187 2514 1357 2572 maledictus
1373 2514 1521 2585 abiuraus,
1537 2514 1742 2573 christotocon

117 2598 432 2658 venturumseeuudum
442 2610 538 2654 vocem
549 2597 775 2669 incorporalium
785 2599 819 2655 ad
831 2604 948 2671 aposto.
1000 2605 1095 2661 vocari
1123 2605 1298 2678 nequissime
1332 2605 1452 2677 sanxit,
1480 2618 1543 2676 que
1570 2618 1634 2661 vere
1661 2604 1715 2662 Dei
1743 2604 1754 2661 l

118 2691 161 2749 los
174 2689 307 2761 delatam,
324 2689 354 2744 in
369 2689 494 2745 secundo
509 2701 562 2744 suo
577 2688 700 2745 adventu
717 2688 850 2758 iudicare
863 2690 946 2749 vivos
1000 2698 1044 2750 cst
1066 2700 1094 2751 et
1116 2701 1183 2752 aute
1207 2700 1318 2766 partum
1341 2701 1369 2751 et
1392 2700 1457 2766 post
1479 2699 1591 2765 partum
1620 2694 1709 2768 l'irgo
1722 2707 1753 2768 ,a

116 2775 368 2849 etmortuosidct.
382 2777 410 2851 1).
426 2777 707 2835 Condtemurautem
722 2784 751 2834 et
766 2783 944 2836 mortuorum
1000 2784 1095 2842 omnis
1118 2784 1315 2858 intelligibilis
1336 2799 1369 2841 ac
1392 2783 1541 2841 sensibilis
1566 2790 1675 2840 naturae
1696 2782 1753 2858 glor

118 2870 148 2926 iu
167 2868 324 2926 novissima
341 2867 389 2923 die
406 2881 564 2938 perronem
586 2867 792 2940 archangelicae
811 2867 887 2925 tube
904 2883 945 2925 re·
1000 2874 1131 2932 elaritate
1147 2880 1241 2932 creata
1260 2874 1422 2933 sublimior.
1442 2875 1522 2931 llunc
1545 2874 1637 2947 igitur
1653 2875 1753 2932 cadem

119 2959 335 3030 surrectionem,
360 2961 389 3013 et
409 2971 526 3028 operum
549 2971 566 3014 a
591 2957 675 3014 nobis
698 2958 768 3015 bene
794 2958 837 3015 vel
859 2959 944 3016 aliter
1000 2972 1045 3023 cta
1066 2966 1254 3024 ducentorum
1276 2967 1390 3022 Petrum
1415 2966 1542 3036 synodus
1563 2964 1753 3022 anathematis

119 3055 274 3122 gestorum,
287 3049 365 3119 iuste
378 3047 494 3104 Christo
505 3049 562 3105 Deo
574 3051 671 3105 nostro
686 3047 846 3118 judicante,
863 3049 982 3143 cetri-G
1000 3068 1056 3113 uno
1082 3070 1147 3113 cum
1171 3057 1296 3112 animam
1322 3055 1493 3112 laedentibus
1516 3054 1718 3112 deliramentis
1742 3069 1753 3113 1

119 3137 276 3210 bulionem,
293 3142 322 3192 et
336 3136 367 3192 iu
382 3134 480 3193 tuturo
495 3140 627 3194 sternam
643 3137 730 3201 vitam
746 3143 774 3195 et
788 3138 943 3195 terminum
1000 3157 1088 3201 unum
1100 3144 1208 3202 Filium
1220 3158 1254 3202 ex
1268 3146 1348 3201 Patre
1362 3150 1427 3201 aute
1440 3144 1544 3201 111111
1557 3143 1703 3217 illuxisse,
1716 3147 1748 3202 et

120 3242 176 3286 non
198 3227 356 3284 habentem·
999 3238 1062 3295 dem
1081 3237 1111 3294 in
1129 3235 1295 3294 uovlsslmls
1312 3233 1461 3292 diebusde
1477 3234 1645 3291 intemerata
1663 3233 1753 3308 virgil

154 3317 335 3388 suscipimus
349 3319 454 3389 autem,
469 3321 498 3372 et
513 3316 668 3391 drmamus,
685 3321 714 3375 et
726 3319 861 3378 alacriter
880 3332 945 3377 am·
998 3329 1048 3388 pei
1062 3326 1200 3401 genitrice
1214 3326 1303 3383 staria
1322 3331 1418 3382 uatum
1432 3323 1532 3394 luisse,
1550 3328 1683 3381 naturam
1703 3337 1753 3384 nos

122 3409 274 3483 plectimur
294 3412 408 3463 sanctas
423 3410 451 3463 et
466 3406 641 3464 universales
661 3422 709 3465 sex
725 3411 857 3482 synodos,
881 3423 944 3482 ons
999 3419 1133 3478 innninnn
1152 3417 1283 3488 edocens,
1307 3419 1336 3471 et
1351 3415 1439 3471 ileum
1461 3413 1614 3485 perlectum
1635 3419 1665 3471 et
1686 3414 1752 3472 hom

122 3514 171 3571 per
195 3498 336 3569 5111111111
360 3502 490 3554 11101111
512 3504 610 3553 0011111
634 3511 745 3554 01111011
768 3503 945 3572 0011101111
1000 3507 1153 3580 perlectum
1175 3507 1305 3564 eumdem
1324 3505 1430 3561 Filium
1447 3505 1498 3561 Dei
1520 3503 1708 3578 denuntians,
1729 3505 1752 3563 id

120 3594 189 3647 sunl
209 3588 339 3644 haeresim
363 3588 393 3642 in
412 3586 536 3642 diversis
558 3586 629 3642 locis
648 3592 733 3658 atque
755 3588 943 3663 temporibus
999 3611 1088 3656 unum
1104 3596 1210 3653 Filium
1226 3601 1254 3653 ct
1275 3594 1420 3651 Christum
1438 3594 1641 3666 etDomInum,
1657 3600 1688 3651 et
1700 3594 1752 3655 abo

120 3691 192 3750 quas
220 3677 360 3733 universes
388 3673 442 3729 sub
470 3674 530 3730 sole
555 3674 779 3733 orthodoxorum
809 3677 943 3735 Eccleslae
1000 3702 1083 3744 unam
1104 3691 1234 3743 naturam
1250 3685 1300 3742 Dei
1316 3684 1400 3742 Verbi
1422 3684 1711 3755 incarnatam:un
1731 3686 1752 3743 εἴ

121 3780 220 3839 magula
239 3778 306 3821 voce
325 3762 522 3834 predicantes,
541 3763 671 3820 tectisac
685 3764 828 3824 divinitus
848 3768 945 3840 inspi-
999 3778 1064 3834 11131
1077 3779 1200 3836 duarum
1218 3781 1386 3834 naturarum
1399 3775 1570 3844 unitionem,
1588 3790 1651 3847 quae
1667 3762 1752 3849 μὲι

120 3856 191 3913 ratis
203 3868 299 3911 earum
310 3850 493 3924 dogmatibus
503 3850 676 3925 fulciuntur,
690 3856 860 3927 recipientes
870 3873 943 3931 quos
997 3868 1131 3925 scentiam
1152 3866 1225 3924 iacto
1244 3871 1297 3924 est.
1315 3867 1365 3924 bei
1385 3879 1451 3923 vcro
1469 3865 1643 3923 Genitniccm
1661 3874 1752 3939 propr

119 3945 177 4001 illae
192 3943 345 4014 recipiunt,
356 3947 385 3998 et
395 3940 565 4011 abjicientes
577 3957 649 4014 quos
664 3944 733 4014 ipsae
743 3945 894 4017 abiiciunt.
909 3951 944 4006 Et
998 3959 1215 4031 pervenientem
1239 3961 1366 4015 sanciam
1390 3957 1507 4014 hinniens
1532 3957 1677 4014 nominos-i
1701 3956 1750 4033 leg

120 4034 211 4105 111111
227 4033 342 4104 (11111111
361 4032 436 4103 apud
454 4032 577 4089 11100111
594 4032 734 4091 0110111111
750 4039 941 4096 111011101111
997 4048 1110 4106 statuit.
1124 4047 1374 4118 Opportunissime
1388 4052 1484 4104 autem
1494 4046 1672 4103 Chalcedone
1686 4045 1751 4104 dlvl

117 4125 328 4183 101011οῑ0010
343 4127 505 4179 1110101111
522 4124 817 4195 1)1111111111111111111
832 4127 944 4199 1101111·
999 4138 1116 4196 collecta
1131 4141 1194 4196 orta
1208 4141 1251 4193 est
1263 4137 1389 4208 synodus
1409 4143 1608 4194 sexcentorum
1624 4134 1749 4210 triginta

118 4212 223 4268 tionem
243 4211 305 4268 Arii
320 4224 337 4267 a
352 4210 428 4268 iuria
450 4211 655 4285 cognominati,
673 4217 701 4269 et
719 4212 814 4285 ipsius
831 4216 944 4276 animas
997 4233 1108 4286 cononi
1130 4228 1245 4285 pnicum
1268 4229 1298 4285 in
1317 4227 1527 4297 depositionem
1546 4226 1672 4299 decepis
1692 4226 1752 4285 inci

116 4302 362 4374 corrumpentium
375 4300 633 4373 blasphemiarum:
647 4318 730 4375 quem
745 4306 941 4365 utdivisorem
998 4315 1132 4374 coninsns
1145 4317 1253 4374 cinisii
1271 4319 1388 4375 naturas
1403 4316 1600 4388 perhibentis:
1616 4330 1704 4388 qnam
1719 4332 1752 4391 pn

117 4391 260 4463 iumuum,
274 4396 302 4448 et
316 4390 472 4449 incoulusae
488 4392 640 4449 incisorem
655 4393 782 4468 deitatis,
796 4399 824 4451 et
835 4396 941 4455 Filium
955 4413 983 4478 D
999 4406 1163 4463 insensatos
1179 4406 1322 4478 Eutyches
1335 4419 1370 4462 en
1383 4405 1439 4462 insi
1444 4406 1551 4477 pientio
1567 4419 1619 4463 ,eun
1639 4405 1751 4465 inscite

116 4483 387 4540 1111111101111111
406 4482 521 4554 1111111
541 4483 712 4540 1011081110
732 4484 876 4560 silentem,
893 4502 942 4559 iter
998 4508 1055 4553 uuo
1075 4495 1190 4553 Christo
1206 4496 1279 4553 duas
1301 4500 1418 4553 naturas
1443 4494 1706 4553 inconvertibiliter
1731 4510 1751 4554 n

116 4586 199 4642 quem
216 4573 341 4644 prolecto
353 4577 456 4629 cuncta
469 4578 573 4644 creata,
588 4578 616 4628 11
630 4587 664 4630 ex
679 4587 735 4631 nou
749 4576 941 4636 existentibus
975 4595 980 4603 ·
996 4584 1148 4659 abnegans,
1160 4590 1189 4642 et
1199 4599 1283 4643 unam
1296 4590 1427 4643 naturam
1437 4598 1472 4641 11
1481 4585 1595 4643 duabus
1604 4582 1751 4644 lactamet

116 4665 148 4718 ut
159 4667 254 4718 essent
268 4662 406 4733 producta
416 4667 494 4734 suut,
508 4663 833 4723 anathematizavitcum
844 4670 942 4725 omni·
997 4676 1118 4747 positam
1140 4675 1304 4749 prodigiose
1329 4675 1509 4746 conjiciens:
1529 4674 1579 4746 qui
1604 4681 1632 4731 et
1656 4675 1751 4734 Diosoi

115 4749 169 4807 bus
183 4753 381 4808 conseutmeis
399 4752 472 4824 ejus,
489 4756 517 4807 et
533 4752 630 4823 procul
645 4767 662 4811 a
675 4755 785 4814 divinis
804 4759 942 4816 sacrariis
996 4765 1114 4822 noxium
1131 4763 1268 4823 fautorem
1285 4769 1313 4822 et
1324 4764 1500 4822 defensorem
1516 4764 1633 4838 habeus,
1651 4765 1751 4823 orthod

115 4839 236 4911 pepulit,
257 4842 415 4913 praedicans
433 4842 585 4899 Dominum
604 4849 732 4902 nostrum
749 4848 845 4905 lesum
861 4848 942 4908 Chri·
996 4858 1232 4930 rumdogmatum
1242 4856 1443 4929 calumniator,
1453 4862 1482 4913 et
1490 4855 1621 4913 veritatis
1630 4855 1727 4914 bostis
1735 4854 1751 4914 h

114 4933 189 4987 stum
201 4939 266 4988 aute
281 4932 376 4989 omnia
392 4933 495 4990 secula
509 4934 544 4990 de
557 4935 650 4991 Patris
665 4937 826 4995 substantia
838 4941 941 4999 etsub
994 4952 1102 5005 iusesl.
1112 4948 1164 5005 Sed
1175 4946 1571 5018 hosannbcssynodnssonctn
1581 4947 1751 5017 desinunicr

114 5019 256 5094 sistentia,
272 5022 335 5078 sine
348 5028 514 5095 temporeac
524 5024 587 5081 siue
601 5026 680 5084 husu
696 5034 804 5100 uatum,
819 5031 939 5088 cousub
996 5037 1066 5094 liras
1078 5051 1177 5094 vocum
1193 5038 1334 5095 novitates
1350 5033 1420 5110 [dm
1438 5034 1588 5111 vanitates]
1605 5048 1705 5094 eorum
1721 5050 1751 5096 se

114 5110 275 5167 stantialem
298 5112 376 5168 Patri
398 5116 426 5167 et
444 5119 543 5171 sancto
564 5115 687 5185 Spiritui
710 5117 879 5176 existentem
893 5141 900 5177 :
912 5127 940 5180 et
994 5141 1059 5184 cum
1072 5126 1132 5184 illis
1143 5126 1374 5183 anathematibus
1389 5126 1531 5198 subdidit,
1545 5126 1751 5197 predicasset

114 5213 163 5271 per
186 5201 357 5274 symbolum,
384 5203 412 5259 id
436 5208 490 5274 est,
515 5203 581 5261 fldei
609 5211 692 5262 rectae
718 5207 938 5287 contessionem,
994 5218 1053 5275 veri
1068 5218 1118 5274 liei
1135 5218 1226 5274 nostrl
1243 5217 1315 5273 duas
1332 5221 1450 5273 naturas
1466 5216 1751 5275 inconvertibilitert

113 5290 827 5367 1111119(111111111111111110111110011101110111
838 5309 940 5374 myste-
994 5307 1238 5366 commutabiliter
1253 5307 1350 5364 unitas
1365 5307 1395 5364 iu
1411 5320 1467 5364 uua
1482 5306 1672 5364 subsistentia
1685 5320 1750 5366 suar

113 5380 199 5438 rium.
227 5382 355 5439 81111111
381 5395 448 5439 1111
473 5382 591 5440 collecta
617 5391 659 5442 est
686 5387 937 5467 constantinopoli
994 5397 1157 5471 lectumque
1170 5397 1315 5455 indeitate
1325 5396 1412 5455 simul
1423 5397 1552 5454 eumdem
1563 5402 1592 5453 et
1603 5396 1633 5453 in
1645 5396 1750 5457 human

113 5509 159 5622 m?
156 5491 336 5638 rffofflpal?
334 5495 444 5624 οε1113111,
473 5493 541 5567 quia
558 5495 687 5556 visibilis
703 5512 759 5558 una
785 5508 813 5560 el
838 5508 970 5568 mortalis
991 5496 1046 5584 est,
1067 5508 1157 5568 altera
1176 5505 1336 5567 invisibilis
1357 5512 1385 5566 et
1404 5504 1586 5582 lmmortalis,
1608 5513 1641 5567 ut
1658 5507 1750 5583 lpsep
