3876 6090
189 237 261 297 ttaa
580 236 725 296 APPEND.
744 235 794 294 AD
811 232 893 294 SAEC.
915 231 964 292 tlt
984 261 1022 307 e
1037 231 1216 292 tocvovtbs
1242 233 1330 294 nunt
1346 235 1495 294 INOERTI.
1825 236 1895 300 4200

191 368 240 420 tus
264 361 411 419 multoties
432 360 578 433 judicium
602 360 824 435 subterfugerat,
847 361 923 418 intra
946 360 1056 432 pro-,t
1071 361 1125 415 eris
1145 355 1249 432 (Ειιιι.
1272 359 1386 434 xxxin).
1408 361 1477 418 Item
1500 360 1646 434 probibet,
1670 374 1706 419 ne
1729 361 1893 436 quemlibet,

194 453 319 510 vinciam
336 452 473 523 synodum
494 453 721 525 aggregandam:
738 458 779 523 ut,
800 452 825 507 sl
847 451 896 508 ille
917 451 1016 507 adesse
1071 448 1121 520 qul
1143 448 1349 508 ecclesiasticis
1372 450 1511 524 gradibus
1531 451 1737 523 perordinem
1762 466 1820 510 uon
1843 452 1895 511 tuit

194 542 319 601 valuerit
343 556 477 615 praesens,
504 543 529 599 si
552 542 682 614 conlidit,
704 542 739 599 ad
761 541 871 612 objecta
895 554 1017 612 respon·
1071 537 1207 596 initiatus
1232 537 1311 612 (dist.
1336 536 1381 613 59,
1404 555 1428 595 c.
1458 539 1626 615 Ordinatur),
1653 540 1689 597 ad
1715 541 1894 612 episcopatus

193 632 260 689 deat
282 650 290 702 ς
312 633 337 688 ιι
361 633 460 690 adesse
484 631 650 703 neglexerit,
673 629 841 687 dilationem
868 628 1017 686 sententiae
1071 626 1196 685 officium
1212 630 1359 700 pervenire
1374 629 1612 702 patiantur3nec
1624 630 1724 702 illum,
1741 631 1794 703 qui
1808 632 1894 705 virgi·

192 721 228 778 de
242 720 372 779 absentia
387 735 443 778 non
453 721 581 778 lucretur
596 738 603 774 ι
618 721 688 792 quia
701 718 883 777 manifestum
898 724 942 777 ιιι
953 731 1018 775 con·
1072 734 1140 777 num
1162 720 1274 778 incestu
1297 720 1425 792 pollutus
1443 734 1504 778 esse
1518 721 1679 778 asseritur:
1699 725 1730 777 ιι
1748 722 1801 792 qui
1818 721 1894 779 talem

195 810 271 867 bteri
285 825 350 868 eum
363 811 398 868 de
413 809 545 880 crimine,
560 809 610 880 qui
627 808 741 866 indulto
753 813 781 866 ιι
792 809 879 866 toties
888 807 1017 880 delegato
1071 808 1258 881 ordinaverit,
1273 808 1443 882 dignitatem
1466 810 1664 882 episcopatus,
1688 809 1769 867 sicut
1791 815 1820 867 et
1840 811 1894 883 ipse

191 899 305 970 judicio
325 900 466 974 purgandi
479 912 509 957 se
528 898 674 956 uoluntate
688 911 743 955 non
766 903 872 955 utetur.
884 896 1017 954 Praedicti
1071 897 1232 968 ordinatus,
1247 911 1303 956 oon
1317 898 1468 956 obtinebit
1483 902 1551 957 ltem
1565 899 1660 971 iubet,
1674 904 1710 957 ιιι
1724 913 1895 974 unaquaeque

196 1004 276 1062 pape
296 989 484 1062 temporibus,
515 989 578 1059 ipso
600 987 795 1046 consentiente
818 992 846 1043 ιι
872 985 1016 1055 laudante,
1073 986 1219 1059 provincia
1235 1000 1288 1045 suo
1303 987 1522 1063 metropolitano
1537 989 1577 1045 sit
1591 993 1740 1056 ιοιιιιιιιι,
1761 994 1792 1046 ιι
1810 1003 1895 1047 unus

132 1100 136 1107 ⁴
195 1080 340 1138 Honorius
359 1079 507 1152 Augustus
524 1078 561 1135 de
574 1077 783 1135 constitutione
803 1076 923 1133 Romani
944 1088 1019 1146 pon-
1073 1077 1196 1149 quisque
1209 1082 1361 1135 conmotus
1374 1078 1432 1135 cibi
1452 1079 1598 1136 concessis
1613 1078 1767 1136 limitibus
1780 1079 1811 1135 in
1828 1079 1895 1137 alto-

197 1168 294 1242 tineis,
312 1172 345 1226 ut
359 1169 422 1226 sine
436 1167 595 1226 ambitione
606 1167 695 1239 beret,
712 1167 752 1223 lta
766 1165 906 1237 instituit,
919 1164 1019 1222 diceus
1073 1165 1136 1222 rius
1160 1165 1308 1237 provincia
1334 1167 1409 1224 nibil
1434 1171 1605 1239 presumat:
1634 1181 1691 1224 nec
1716 1167 1850 1226 emeritis
1870 1171 1893 1226 in

195 1261 241 1332 (ln
258 1260 389 1330 rescripto
412 1258 450 1314 ad
473 1259 552 1329 epist.
578 1256 590 1314 t
615 1256 785 1328 bonifaciilr
806 1257 929 1326 benique
948 1269 1019 1326 pre·
1074 1255 1137 1313 culs
1151 1254 1282 1312 ecclesiis
1297 1256 1441 1330 peregrini
1457 1263 1485 1314 et
1499 1257 1627 1314 extranei
1645 1259 1892 1330 praeponanturar

195 1351 304 1406 dicante
324 1349 492 1405 beatitudine
506 1352 565 1412 tua,
585 1347 668 1402 idad
685 1350 843 1401 martorum
861 1345 1019 1400 clericorum
1073 1345 1267 1402 exclusionem
1294 1359 1392 1403 eorum
1417 1346 1467 1418 qui
1493 1347 1562 1404 bene
1580 1346 1622 1404 de
1644 1361 1771 1404 suorum
1798 1346 1893 1404 civium

195 1442 321 1496 notitiam
334 1438 458 1493 colurnus
468 1437 622 1509 peruenire,
636 1440 676 1500 ut,
691 1437 717 1490 si
729 1435 799 1506 quid
808 1437 880 1504 sorte
893 1435 1021 1503 religioni
1074 1435 1240 1492 testimonio
1256 1439 1400 1493 merentur
1418 1436 1496 1508 (dist.
1512 1435 1557 1507 bl,
1578 1451 1604 1494 e.
1620 1437 1664 1496 Ne
1679 1437 1821 1510 emeritis).
1836 1441 1893 1495 Ιιιιι

195 1534 258 1594 tue,
283 1528 435 1599 quodnam
460 1532 594 1597 ιριιιιιιιι,
620 1525 742 1580 bumana
769 1530 840 1580 rorte
865 1525 1017 1593 contigerit,
1070 1525 1162 1600 jubet,
1179 1531 1212 1582 ut
1227 1525 1326 1584 nullus
1343 1526 1445 1583 invitis
1458 1527 1543 1585 detur
1557 1527 1718 1598 episcopus
1734 1526 1771 1598 (c.
1786 1529 1892 1604 Nutu),

134 1646 149 1657 -
195 1624 283 1677 sciant
302 1633 392 1674 ornnes
412 1617 448 1671 cb
466 1616 660 1671 ambitionibus
679 1629 736 1680 esse
756 1615 935 1684 cessandum
955 1618 980 1670 et
994 1614 1020 1669 si
1075 1616 1132 1673 nisi
1157 1615 1228 1672 cleri
1252 1619 1280 1673 et
1295 1614 1388 1687 plebis
1413 1620 1441 1672 et
1467 1616 1580 1673 culinis
1605 1629 1774 1674 consensus
1800 1622 1828 1674 et
1850 1618 1893 1675 de·

195 1712 249 1767 duo
271 1713 365 1765 contra
385 1709 431 1776 sas
453 1707 601 1762 temeritate
621 1708 739 1760 catania
758 1705 865 1772 itterird
883 1704 1016 1776 ordinati,
1033 1693 1060 1757 B
1075 1705 1216 1764 siderium
1237 1705 1423 1776 inquiratur:
1442 1709 1510 1763 tuuc
1524 1704 1598 1762 alter
1612 1705 1652 1762 de
1667 1705 1762 1765 altera
1781 1705 1893 1781 eligatur

194 1799 303 1855 nultum
315 1812 348 1852 aa
362 1796 404 1850 itis
416 1797 544 1864 futurum
554 1795 666 1864 penitus
677 1792 864 1849 ιιιιιιιιιιιιιι
879 1792 1018 1849 sedilium
1073 1792 1202 1867 ecclesia,
1213 1796 1238 1853 si
1249 1795 1284 1852 de
1296 1794 1426 1852 civitatis
1437 1794 1531 1866 ipsius
1540 1793 1671 1868 clericis,
1683 1796 1736 1853 cui
1747 1801 1792 1852 est
1801 1797 1892 1868 episto

138 1880 155 1905 ³
193 1888 281 1945 toturn
298 1889 330 1942 in
350 1884 575 1954 sedeapostaiica
589 1898 809 1954 permansurum,
827 1898 907 1955 quan
921 1899 1018 1939 eanu-
1074 1901 1128 1957 pus
1146 1885 1338 1955 ordinandus,
1354 1883 1575 1959 nullusdignus
1599 1883 1690 1957 (quoti
1714 1885 1831 1944 evenire
1847 1900 1891 1943 non

192 1993 266 2035 ruera
282 1977 440 2032 clericorum
453 1989 524 2029 noca
538 1972 711 2028 ordmmbne
727 1973 852 2029 diuinum
867 1973 1016 2043 judicium,
1072 1974 1227 2047 credimus)
1252 1974 1378 2045 potuerit
1393 1975 1528 2031 inveniri.
1550 1976 1678 2032 Primum
1701 1976 1779 2031 enim
1798 1976 1840 2030 ilii
1854 1993 1892 2031 rr-

192 2073 218 2125 et
236 2067 425 2124 emussitata
436 2077 581 2119 ιοιιιιιιιιιι
600 2063 718 2131 eoam:
741 2063 793 2120 llic
807 2062 893 2120 etiam
905 2064 1019 2121 consti-
1068 2064 1209 2136 probandi
1232 2068 1307 2129 suat,
1332 2069 1363 2120 ιιι
1383 2065 1474 2135 aliqui
1494 2064 1528 2120 de
1552 2066 1656 2121 clunis
1677 2066 1789 2142 cimicis
1811 2068 1891 2122 memb

194 2157 263 2230 tuit,
280 2154 405 2214 utnulla
420 2151 526 2210 lentina
542 2158 592 2210 aut
607 2153 861 2224 monacbapallam
877 2160 1016 2213 sacratam
1070 2157 1266 2227 maturantur,
1299 2154 1451 2226 iubeatque
1483 2157 1678 2226 unusquisque
1709 2171 1771 2212 suar
1800 2157 1891 2212 miliia

193 2248 382 2318 contingeret,
405 2250 456 2300 aut
477 2242 593 2313 lavaret,
612 2248 663 2299 aut
687 2242 835 2300 incensum
861 2257 911 2314 per
930 2243 1019 2302 eoois·
1070 2247 1193 2316 fructum
1213 2247 1244 2299 in
1258 2245 1380 2308 ecelesia,
1401 2246 1431 2298 in
1450 2260 1506 2316 qua
1526 2260 1606 2300 suurn
1624 2260 1680 2316 per
1697 2247 1796 2316 amaia
1813 2249 1889 2301 omma

192 2337 276 2409 siam,
293 2335 351 2393 uisi
367 2332 507 2403 ministri,
528 2335 664 2402 portaret.
686 2331 841 2390 Probibuit
860 2333 958 2406 etiam,
982 2346 1017 2391 ne
1072 2337 1205 2404 concepit
1218 2338 1334 2390 statera
1350 2334 1393 2391 Sit
1405 2335 1527 2403 [mabar
1545 2334 1655 2390 clericis
1669 2335 1822 2400 ιιιιίιιιιιιι,
1835 2338 1858 2390 si
1868 2352 1889 2391 ιι

191 2441 301 2498 semus,
317 2429 370 2483 aut
382 2423 472 2482 curis
490 2420 643 2492 obnoxius,
659 2419 785 2479 clericus
798 2421 889 2480 beret
1070 2426 1384 2495 uidmntpraepraoarir
1398 2429 1426 2481 ιι
1437 2423 1574 2496 quosslbi
1583 2424 1681 2497 ingeri
1691 2437 1730 2482 ex
1743 2429 1889 2483 transurso

386 2514 467 2571 XLV.
483 2541 519 2553 -
533 2510 560 2568 S.
581 2509 816 2569 GOELESTtNUS.
1071 2515 1267 2589 cognoverint,
1285 2528 1341 2572 non
1358 2514 1478 2571 timeant
1492 2512 1628 2571 relutare.
1646 2516 1677 2571 ln
1694 2515 1797 2572 eadem
1815 2517 1888 2572 etiarn

454 2601 548 2672 (Anno
563 2599 665 2655 christi
679 2597 752 2674 tia.)
1067 2603 1159 2677 iubet,
1174 2610 1206 2661 ut
1216 2603 1251 2660 ab
1268 2603 1384 2660 illicitis
1398 2602 1577 2661 abstineatur
1590 2603 1841 2678 ordinationibus,
1856 2606 1889 2661 tta

223 2694 407 2765 celestinus,
429 2691 546 2749 natione
567 2689 723 2763 Romanus,
744 2703 778 2748 ex
802 2693 882 2762 patre
904 2690 1012 2764 Prisco,
1068 2693 1183 2751 dicens:
1199 2693 1300 2750 Nullus
1314 2709 1348 2748 ea
1364 2694 1452 2757 laicis
1466 2693 1561 2748 nutius
1576 2693 1722 2762 diguatus,
1738 2694 1832 2750 nuum
1848 2699 1890 2766 qur·

190 2786 266 2845 sedit
288 2797 379 2843 annos
401 2786 476 2852 octo,
502 2792 612 2837 menses
634 2779 741 2851 decem,
765 2779 829 2836 dies
852 2780 1014 2852 septemdo-
1068 2784 1105 2838 ιιι
1119 2786 1168 2837 aui
1180 2784 1268 2852 merit
1284 2783 1377 2839 cuiue
1390 2784 1517 2847 marius,
1539 2782 1700 2849 ordinetur,
1715 2784 1768 2840 red
1780 2785 1889 2856 irrepre-

190 2876 262 2933 cim.
292 2873 344 2929 ilic
377 2868 523 2928 ordinavit
550 2868 701 2940 episcopos
732 2869 925 2942 quadraginta
951 2883 1011 2941 sex,
1067 2872 1219 2938 ienubilis,
1244 2879 1270 2928 et
1293 2873 1401 2943 qualem
1427 2874 1507 2942 elegit
1528 2873 1671 2944 apostolia
1698 2875 1729 2944 (Ι
1752 2876 1819 2931 lint.
1840 2877 1887 2946 nr).

191 2962 370 3036 presbyteros
404 2958 525 3031 triginta
553 2957 638 3030 duos,
670 2957 808 3015 diaconos
834 2957 1009 3016 duodecim:
1066 2963 1100 3019 lit
1116 2960 1241 3019 inferius
1255 2962 1345 3020 dicit:
1363 2964 1399 3018 Et
1413 2965 1440 3018 si
1452 2978 1511 3034 que
1524 2966 1591 3018 sunt
1607 2965 1696 3032 nata
1710 2965 1887 3021 οιάιιωιιιιιι

189 3051 325 3127 migravit
351 3054 447 3108 autem
475 3049 510 3106 ad
538 3047 686 3104 Cbrisium
714 3061 765 3104 virt
794 3047 861 3105 idue
889 3047 1008 3119 Aprilis.
1026 3020 1179 3116 Cillicita,
1202 3057 1402 3118 conuocaretur,
1430 3055 1560 3123 quoniam
1582 3057 1660 3109 stare
1687 3069 1747 3110 nort
1771 3060 1885 3127 possunt,

188 3144 239 3201 llic
253 3140 412 3200 Gallicanis
424 3137 568 3210 episeopis
582 3136 733 3207 epistolam
745 3136 852 3195 direxit
865 3135 956 3208 (epist.
972 3134 1007 3213 i),
1063 3158 1111 3199 nes
1125 3142 1321 3199 discussionem
1335 3147 1457 3198 nostram
1476 3143 1681 3212 mitemque.

189 3234 295 3306 inqua
316 3234 413 3289 monet
433 3242 491 3300 ecs,
507 3231 539 3284 ut
554 3225 734 3298 presbyteros
755 3226 832 3298 illos,
854 3228 904 3299 qui
928 3228 1010 3287 indi·
1099 3235 1167 3289 Item
1181 3232 1336 3304 pradictus
1349 3246 1420 3304 papa
1434 3232 1887 3308 universiseplsoopisperbpa-

186 3323 356 3395 sclplinatas
378 3318 552 3393 questiones
577 3317 608 3373 in
636 3316 761 3374 medium
787 3314 951 3393 adembant,
980 3322 1010 3377 et
1063 3322 1133 3379 liam
1153 3324 1183 3378 ιι
1195 3321 1356 3379 calabriam
1371 3320 1540 3379 counitutts
1554 3321 1715 3393 epistolam
1738 3324 1885 3383 destinarit

187 3414 301 3472 veritati
330 3409 511 3468 adversantia
537 3406 741 3480 predicabant,
765 3413 793 3465 et
820 3408 1006 3468 eeclesiarum
1062 3410 1151 3483 (ιριιι.
1174 3408 1211 3485 3),
1233 3412 1262 3468 in
1285 3424 1342 3483 qua
1362 3411 1505 3482 praecepit,
1527 3423 1562 3467 ne
1585 3411 1640 3469 ulli
1664 3414 1812 3472 sacerdoti
1827 3429 1885 3472 suos

184 3503 360 3563 dissensioni
377 3499 540 3570 studebant,
555 3498 726 3570 corripiant,
742 3502 771 3556 et
788 3511 844 3555 nnn
861 3499 1008 3569 patiantur
1061 3514 1184 3560 canones
1197 3499 1282 3558 liceat
1298 3500 1431 3572 ignorare
1444 3499 1523 3571 (dist.
1539 3496 1586 3563 38,
1599 3514 1627 3557 e.
1639 3501 1737 3575 Nullo
1750 3516 1803 3561 nee
1814 3504 1886 3575 quid·

185 3609 234 3653 cos
249 3593 353 3651 babere
367 3590 490 3647 liberum
511 3601 562 3660 pro
580 3587 727 3646 voluntate
741 3601 919 3645 sermonem:
938 3589 1007 3660 quia
1063 3605 1147 3665 quam
1168 3590 1260 3647 tacere
1281 3590 1357 3662 quod
1375 3591 1491 3647 Petrum
1518 3590 1611 3660 possit
1631 3592 1751 3664 regulis
1769 3593 1883 3651 ebriare

185 3698 241 3742 non
266 3682 350 3741 debet
372 3678 537 3750 discipulus
557 3677 592 3734 ad
613 3677 763 3734 doctorum
788 3677 926 3747 iniuriam
949 3678 1006 3735 sibl
1062 3683 1141 3751 ltem,
1154 3681 1265 3752 nequis
1277 3678 1427 3737 laicumad
1439 3678 1569 3736 ordinem
1579 3678 1743 3743 clericatus
1752 3682 1883 3741 admittat

185 3773 333 3830 vindicare
352 3769 524 3827 doctrinam.
543 3767 618 3824 ldem
637 3765 711 3823 dicit
732 3770 764 3822 ut
781 3765 909 3839 episcopi
931 3782 1002 3839 pra>-
1064 3770 1143 3842 ltem,
1157 3770 1232 3841 quod
1247 3768 1371 3841 populus
1383 3768 1581 3826 sitdocendus
1593 3767 1678 3841 (dist.
1693 3769 1741 3844 62,
1757 3787 1785 3829 c.
1798 3776 1884 3829 moes

184 3861 278 3918 dictos
304 3857 488 3930 presbyteros
513 3855 583 3913 talia
607 3855 704 3926 eloqui
731 3867 788 3912 uon
816 3855 1004 3926 permittant:
1062 3856 1881 3934 dus),nonoequendus,eosquesinesciuntqnidlieert,

184 3953 251 4022 quia
271 3951 302 4003 in
323 3947 424 4002 talibus
445 3947 537 4001 causis
557 3960 612 4000 aon
630 3949 704 4001 caret
724 3947 901 4001 taciturnitas
920 3949 1007 4019 auspi·
1062 3947 1168 4020 quidve
1189 3961 1256 4020 non,
1282 3960 1333 4004 nos
1355 3960 1545 4018 commouere,
1570 3961 1623 4004 neo
1651 3947 1703 4007 bis
1723 3963 1881 4009 censebam

183 4042 267 4110 ciam,
288 4038 355 4108 quia
371 4040 523 4092 οιιιινινιι
541 4037 652 4106 uuum,
667 4038 692 4091 :i
707 4036 819 4104 salsitas
840 4036 1004 4107 displiceret.
1062 4038 1187 4109 praebere
1202 4036 1357 4095 debemus:
1375 4036 1502 4108 Quisquis
1517 4052 1579 4093 uero
1595 4045 1715 4096 marus
1729 4042 1819 4109 tiaerit
1829 4047 1882 4097 tes-

182 4131 280 4185 Merito
293 4142 421 4196 namque,
438 4125 546 4196 inquit,
561 4139 645 4180 causa
660 4140 709 4181 nos
723 4126 844 4196 respicit,
861 4127 886 4179 si
900 4126 1007 4181 silentio
1061 4134 1120 4184 tare
1132 4129 1284 4198 prohibitu,
1305 4129 1404 4185 sentim
1421 4143 1563 4183 censuram
1579 4127 1656 4184 sedis
1671 4132 1830 4201 apostoliea
1843 4133 1881 4186 rui

181 4222 324 4290 (aveamus
340 4216 436 4271 mori.
1060 4220 1132 4273 nime
1154 4218 1325 4288 mseriarum.
1339 4217 1422 4284 Οιιιιιι
1435 4218 1505 4273 enirn
1517 4217 1575 4271 sola
1588 4217 1881 4277 admonitionisuucte

217 4312 286 4367 ltem
305 4306 449 4379 episcopis
471 4318 521 4376 per
538 4304 726 4362 Viennensem
747 4308 775 4359 ιι
796 4301 1006 4363 Narbonensem
1059 4309 1143 4364 ritate
1157 4323 1211 4363 noa
1227 4308 1399 4376 corripimus,
1420 4321 1525 4362 ιιιιιιιι
1543 4310 1584 4362 ιιι
1603 4311 1635 4363 ut
1654 4324 1709 4380 per
1722 4312 1880 4367 mamam

182 4399 359 4473 provinciam
378 4395 549 4454 constitutis
569 4394 656 4450 aliam
676 4392 832 4449 destinavit
853 4393 1002 4464 epistolam
1017 4386 1045 4450 D
1060 4401 1252 4466 congruentem
1265 4397 1368 4465 repulia
1385 4395 1561 4451 vindicemus.

181 4492 271 4562 (epist.
287 4486 324 4562 2),
341 4489 443 4559 inqua
463 4483 587 4551 mandat,
605 4495 640 4537 ne
659 4480 735 4538 ultra
749 4481 894 4552 quoslibet
920 4482 1001 4541 illum
1280 4486 1374 4544 xlvi.
1387 4515 1422 4526 -
1433 4487 1461 4542 S.
1477 4484 1601 4542 sixtus
1613 4487 1667 4544 lll.

181 4591 288 4635 norem
313 4576 461 4648 patiantur
484 4582 605 4639 servare,
629 4567 773 4641 videlieet,
799 4576 831 4627 ut
856 4570 1003 4630 credentes
1319 4574 1411 4647 (Anno
1430 4571 1620 4648 οιιὶιιιι32.)

182 4679 212 4722 ιι
232 4670 337 4721 sanctes
357 4664 513 4733 scripture
533 4657 615 4715 iidem
635 4671 692 4716 uon
713 4672 762 4728 per
779 4658 930 4732 Spiritum,
954 4663 1001 4719 sed
1094 4666 1195 4724 sixtus
1207 4664 1322 4736 tertius,
1338 4665 1454 4722 natione
1472 4665 1630 4736 Romanus,
1644 4678 1682 4723 ex
1700 4669 1786 4739 patre
1797 4666 1874 4729 Siata.

180 4767 232 4824 per
253 4753 379 4808 litteram
400 4748 602 4820 completuros,
624 4754 700 4806 stem
721 4748 752 4804 ln
773 4750 893 4807 ecclesia
915 4750 1003 4821 pallia
1060 4756 1442 4825 seditannosocto,menses
1453 4753 1874 4824 octadtesncremdecimutc

178 4842 288 4912 amicti,
304 4845 334 4898 et
347 4839 460 4898 lumbos
474 4839 609 4910 accincti,
626 4839 703 4896 sicut
718 4840 850 4897 lucernas
867 4841 1001 4898 ardentes
1058 4844 1206 4903 ordinavit
1216 4843 1367 4915 episcopos
1379 4841 1589 4916 quinquaginta
1602 4843 1694 4917 duos,
1708 4846 1874 4919 prosarum

178 4946 243 4989 cum
263 4931 365 4990 baculo
389 4932 419 4988 ln
441 4930 576 4987 manibus
600 4943 656 4987 non
677 4935 792 4987 tenent:
815 4931 902 4994 rudes
922 4933 999 4989 enim
1057 4934 1226 5005 octodecim,
1248 4933 1386 4989 diaconos
1399 4930 1561 4989 duodecim.
1578 4930 1643 5004 llic,
1661 4934 1735 5006 quia
1759 4935 1873 5008 llplpba-

180 5022 307 5080 bdelium
329 5030 437 5079 mentes
454 5022 489 5078 ad
512 5020 582 5077 talla
597 5034 653 5077 non
672 5019 777 5076 debent
798 5020 909 5078 induci.
930 5024 997 5078 ltern
1057 5023 1138 5080 nlum
1163 5024 1313 5095 quemdam
1334 5020 1458 5078 nobilem
1479 5035 1500 5091 ¹,
1517 5034 1602 5092 quem
1624 5020 1871 5083 Bassusexeansul

179 5115 209 5170 in
219 5112 315 5170 eadem
328 5111 410 5182 lubet
424 5125 459 5168 ne
472 5111 563 5168 alicui
578 5111 607 5166 in
621 5110 724 5166 ultimo
737 5110 897 5180 postulanti
911 5111 999 5183 poeoi-
1056 5112 1235 5185 ingenuitate
1252 5116 1280 5167 et
1301 5109 1419 5183 prediis
1437 5109 1565 5180 propriis
1586 5111 1706 5181 privare
1729 5114 1870 5178 nitebatur,

177 5203 266 5261 tentia
279 5203 435 5273 denegetur
445 5198 500 5272 (bd,
515 5216 542 5272 q.
556 5198 583 5271 6,
596 5214 622 5255 c.
638 5199 834 5271 amorinum
848 5200 917 5271 quia
932 5215 997 5258 vera
1054 5201 1129 5272 apud
1141 5200 1374 5258 Valentinianum
1382 5198 1723 5275 Augustumadeojurit,
1737 5209 1771 5262 ut
1780 5207 1872 5260 utrum

173 5294 210 5351 ad
223 5292 376 5350 bominum
391 5290 539 5346 cortversio
555 5289 585 5343 in
601 5288 715 5344 ultimis
729 5287 889 5359 positorum
904 5296 998 5347 mente
1055 5305 1110 5364 que
1121 5292 1184 5361 ejus
1201 5289 1330 5347 munitus
1343 5287 1535 5361 cbirograpbo
1548 5287 1702 5357 retineret,
1718 5305 1737 5349 a
1750 5290 1870 5365 predicto

174 5383 273 5455 potius
295 5386 339 5439 ιιι
361 5377 553 5437 existimanda
573 5390 659 5448 quam
682 5383 817 5449 tempore,
841 5378 894 5435 boc
915 5392 997 5437 asse-
1054 5379 1139 5436 Basso
1154 5385 1182 5436 et
1204 5377 1377 5450 Mariniano,
1399 5377 1447 5435 cui
1471 5376 1629 5449 praedictus
1651 5379 1788 5452 pactiles
1808 5391 1871 5452 pra·

174 5476 254 5531 rente
277 5471 431 5543 propbeta:
455 5467 522 5523 Cum
542 5481 685 5522 convusus
708 5469 882 5541 insonueris,
903 5471 996 5525 suiuus
1051 5469 1132 5527 diurn
1152 5473 1312 5543 negaverat,
1335 5467 1413 5539 quod
1433 5467 1616 5528 crescentius
1640 5470 1674 5528 in
1696 5471 1804 5530 Sicilia
1823 5469 1870 5525 bo·

209 5563 305 5621 ¹vlde
320 5567 389 5619 tom.
404 5561 416 5617 l
429 5557 552 5631 concil,
569 5569 631 5632 pag.
646 5552 710 5614 703.
