3876 6090
117 254 170 313 aaa
513 256 786 315 mraaraernrxo
804 259 968 317 acronuu
991 262 1140 318 sacrm
1165 260 1411 320 xccxxunnmr.
1766 224 1832 324 oto

117 383 166 454 qui
180 383 313 440 veritatis
327 389 355 439 ct
367 383 459 440 studii
473 397 568 440 amore
582 384 673 455 legere
687 386 831 442 voluerint
843 387 941 443 divina
953 387 982 445 Α
997 400 1059 440 rum
1075 392 1160 457 atque
1176 387 1344 457 nequitiam,
1363 393 1391 442 et
1407 386 1472 441 ilnis
1484 387 1637 443 seditionis
1651 388 1709 458 hat,
1726 394 1755 447 et
1766 394 1820 447 ter·

117 470 247 542 illorum,
259 479 287 527 et
299 473 439 527 veraciter
451 472 513 527 sine
524 471 641 529 lastldio
654 480 752 529 eontra
767 475 940 546 impietatem
998 474 1094 530 minus
1107 475 1305 545 huiuscemodi
1316 475 1490 529 atrocissimi
1503 475 1580 541 mali,
1596 476 1751 545 pretiosum
1765 479 1820 536 scl-

115 565 142 615 et
151 575 203 630 pro
215 561 320 630 pietate
332 560 442 616 labores
454 560 604 630 plurimos,
618 566 645 615 et
657 563 830 633 conscripta,
842 579 904 634 quae
914 567 943 619 et
997 561 1066 616 licet
1088 562 1204 619 illoram
1227 563 1394 635 sanguinem
1415 561 1632 631 ellandenllum,
1652 563 1740 619 veluti
1762 566 1817 622 sub

114 663 179 705 cum
198 649 277 706 omni
296 648 413 705 solertia
428 654 456 704 et
472 649 625 719 diligentia
640 663 696 705 una
711 665 775 706 cum
795 651 841 707 his
855 653 941 708 etiam
999 649 1097 719 impiis
1109 656 1137 706 ct
1147 652 1196 707 liei
1210 650 1372 707 exsortibus
1384 650 1510 718 Arianis,
1526 664 1576 720 pro
1587 663 1667 707 roseo
1677 652 1817 723 sauguine

114 751 179 808 que
194 743 263 795 sunt
277 752 311 793 ex
326 736 556 794 adversariorum
572 738 799 796 exsecrabilibus
813 741 941 810 scriptis,
997 738 1088 795 sancti
1116 740 1190 795 Petri
1217 738 1404 795 Alexandrini
1434 737 1603 809 patriarchae
1626 752 1658 795 ac
1682 741 1817 810 martyris

113 808 182 881 ¹icet
196 825 322 881 humiles
332 830 361 881 et
372 825 511 881 veraciter
522 825 593 882 viles
603 839 690 897 super
700 828 943 884 omnesinomni-
997 832 1107 897 gestum
1131 833 1182 883 est.
1211 829 1328 897 Propter
1350 828 1424 898 quod
1452 826 1580 897 predicti
1603 827 1692 883 sancti
1718 828 1818 886 Patres

114 913 167 969 bns
183 914 286 970 simus.
303 915 386 971 Juxta
407 915 540 971 virtutem
559 920 652 970 umen
676 930 738 984 quae
757 917 832 971 inest
846 917 939 989 nobis,
996 916 1098 983 nostri,
1119 922 1147 971 et
1165 917 1304 972 veraciter
1326 916 1442 986 pietatis
1459 915 1599 985 doctores,
1618 916 1817 987 precipueque

114 1003 143 1057 in
156 1002 282 1058 diversis
294 1001 379 1058 libris
389 1016 422 1056 ac
433 1001 519 1057 tomis
529 1001 756 1072 conscripsimus
768 1010 796 1058 et
808 1006 940 1061 amatori·
994 1004 1171 1072 apostolicus
1181 1009 1209 1060 et
1218 1004 1364 1060 verticalis
1375 1017 1445 1074 papa
1456 1009 1551 1059 noster
1564 1005 1704 1061 llartinus
1714 1004 1818 1060 simill-

112 1089 308 1145 busveritatis
322 1090 505 1156 tradidimus,
519 1090 548 1145 in
559 1090 679 1161 gloriam
692 1095 720 1147 et
731 1091 938 1149 indesinentem
994 1096 1038 1146 ter
1051 1093 1234 1163 semetipsum
1249 1093 1278 1149 in
1292 1093 1466 1149 sacrificium
1485 1107 1536 1162 pro
1549 1092 1625 1149 hdeli
1644 1093 1749 1164 populo
1762 1100 1817 1152 tra·

114 1178 227 1234 laudem
243 1184 272 1233 ct
287 1178 445 1249 gratiarum
462 1178 603 1233 actionem
623 1179 829 1248 omnipotentis
846 1182 896 1236 Dei
911 1187 940 1238 et
993 1180 1079 1251 didit,
1096 1182 1127 1237 in
1141 1182 1276 1238 omnibus
1290 1180 1489 1253 agonothetam
1503 1181 1648 1237 Christum
1664 1183 1752 1239 Deum
1768 1197 1817 1240 no-

112 1279 176 1321 vere
191 1265 336 1322 mirabilis
354 1267 383 1321 in
402 1267 511 1322 sanctis
528 1267 600 1336 suis,
618 1280 651 1322 ac
666 1266 756 1323 zelum
770 1275 798 1322 et
809 1268 939 1324 alaerita·
993 1275 1096 1339 strum,
1112 1275 1140 1325 et
1151 1270 1284 1326 verticem
1299 1269 1491 1340 apostolorum
1505 1271 1618 1326 Petrum
1633 1271 1773 1342 imitatus,
1786 1276 1816 1328 et

112 1363 168 1410 tem
185 1368 286 1411 eorum
307 1356 356 1427 qui
378 1369 429 1425 pro
451 1355 555 1425 pietate
574 1360 682 1411 certare
701 1355 855 1427 voluerint,
874 1370 939 1413 con·
993 1359 1024 1413 in
1036 1359 1150 1414 cunctis
1164 1365 1289 1430 secutus,
1304 1359 1389 1428 cujus
1403 1364 1431 1414 et
1443 1371 1591 1415 successor
1607 1364 1638 1414 ut
1656 1372 1750 1414 revera
1772 1359 1816 1417 dl·

113 1442 314 1514 lusionemque
325 1457 358 1499 ac
374 1444 540 1500 inevitabile
553 1444 738 1514 opprobrium
754 1445 937 1502 inimicorum
993 1459 1067 1516 gnus
1081 1444 1198 1502 allectus
1212 1451 1270 1502 est:
1289 1459 1441 1515 pacemque
1456 1444 1566 1500 tlrmam
1581 1450 1609 1501 et
1628 1445 1815 1505 indissolubl-

112 1532 254 1601 verltatrs,
275 1536 304 1587 et
322 1532 416 1602 ipsius
431 1532 481 1588 Dei
499 1533 709 1602 universorum,
728 1533 938 1603 instantiasque
993 1533 1046 1588 lem
1069 1534 1206 1589 unitatem
1227 1534 1335 1605 abique
1355 1533 1463 1589 sanctis
1480 1535 1543 1590 suis
1562 1535 1648 1590 donet
1665 1534 1813 1604 Ecclesils,

111 1634 143 1676 ac
162 1620 363 1691 oppositiones
381 1620 526 1677 illatarum
548 1620 604 1676 sibi
626 1619 762 1677 falsarum
782 1621 938 1677 calumnia·
992 1635 1043 1677 nec
1063 1623 1210 1692 permittat
1226 1623 1261 1677 de
1281 1622 1392 1693 reliquo
1417 1622 1556 1704 usquein
1577 1621 1660 1677 hnem
1682 1622 1814 1678 haeresim

112 1724 185 1778 rum,
207 1716 236 1764 et
252 1711 429 1766 decretorum
447 1709 576 1765 inanium
593 1723 625 1765 ac
642 1710 834 1782 instabilium,
850 1717 878 1766 et
891 1710 938 1766 ab
951 1715 978 1775 Β
992 1711 1150 1781 quamlibet
1164 1711 1311 1782 suscitari,
1327 1718 1383 1767 tam
1399 1715 1514 1781 propter
1530 1710 1745 1768 multitudinem
1763 1711 1815 1767 ml·

112 1798 205 1854 solute
226 1811 325 1854 omnes
346 1812 443 1854 eorum
467 1797 678 1855 sacratissimos
697 1812 730 1853 ac
750 1799 814 1868 pins
831 1813 936 1871 agones
992 1800 1168 1855 serationum
1181 1813 1309 1867 suarum,
1327 1812 1410 1870 quam
1425 1797 1461 1855 ob
1475 1798 1670 1855 inhrmitatcm
1683 1803 1711 1855 et
1727 1798 1815 1856 mobi-

111 1892 197 1958 atque
216 1877 346 1957 sudores,
366 1886 417 1958 qui
432 1885 524 1942 abeis
543 1887 593 1958 qui
609 1901 643 1942 ex
662 1887 780 1942 adverso
795 1893 876 1943 erant
894 1888 938 1945 di·
992 1888 1101 1944 litatem
1117 1895 1226 1944 craturae
1239 1893 1352 1957 nostre,
1369 1901 1431 1958 qnae
1444 1901 1531 1957 super
1545 1900 1643 1944 omnes
1655 1888 1814 1957 praeteritas

111 1991 192 2033 verso
205 1976 290 2033 modo
300 1981 368 2032 sunt
379 1976 447 2040 acti,
465 1976 492 2031 id
506 1981 549 2031 est
561 1990 577 2032 a
590 1974 809 2032 subintroducta
826 1990 895 2033 nova
908 1983 937 2034 et
991 1975 1187 2048 generationes
1201 1975 1334 2031 excrevit.

113 2065 246 2121 haeretica
256 2065 353 2120 omnia
362 2064 517 2134 recipiente
529 2063 754 2120 adinventione·
767 2064 936 2123 lleracliano
1025 2064 1120 2119 Tertio
1134 2069 1240 2134 autem,
1259 2069 1290 2119 nt
1310 2063 1471 2120 immobiles
1486 2077 1577 2134 usqae
1596 2064 1626 2119 in
1641 2064 1725 2120 llaem
1740 2079 1813 2122 con-

111 2155 192 2225 dono,
212 2154 323 2226 Sergio,
339 2152 458 2224 Pyrrho,
481 2151 578 2223 Panlo,
602 2152 780 2223 petritarum,
805 2158 833 2208 et
860 2155 936 2210 inre
989 2165 1144 2221 servemur,
1161 2163 1217 2206 non
1230 2150 1322 2206 solum
1336 2164 1398 2220 nos,
1415 2151 1463 2206 sed
1478 2155 1508 2207 et
1519 2164 1616 2207 omnes
1631 2152 1683 2222 pii,
1700 2153 1730 2207 iu
1745 2165 1813 2209 san·

113 2242 253 2298 luntativo
275 2241 538 2311 inoperatistarum,
559 2240 613 2308 vel,
631 2245 663 2295 ut
677 2240 773 2296 verius
792 2242 933 2314 dicamus,
989 2247 1034 2295 cta
1058 2252 1153 2295 revera
1177 2238 1385 2295 et'orthodoxa
1406 2243 1492 2308 atque
1513 2239 1695 2296 immaculata
1714 2246 1812 2298 nostra

112 2345 249 2387 novorum
276 2330 486 2400 epicureorum,
513 2329 541 2385 id
568 2336 611 2384 est
634 2328 749 2398 penitus
775 2330 934 2386 carentium
988 2327 1218 2383 Christianorum
1234 2327 1294 2384 sola
1309 2327 1450 2383 catholica
1462 2332 1490 2382 et
1504 2340 1568 2382 vera
1582 2327 1645 2400 ilde,
1660 2328 1813 2387 remissio-

113 2421 177 2487 Deo,
196 2419 226 2476 ul
243 2419 306 2490 ipsa
320 2432 414 2474 rerum
429 2422 457 2475 et
471 2419 532 2488 ipsa
546 2417 756 2473 contrariorum
771 2418 934 2488 conscripta
990 2429 1110 2486 nemque
1135 2423 1313 2485 peccatorum
1337 2421 1365 2471 et
1384 2415 1504 2471 salutem
1530 2415 1734 2487 percipiamus,
1760 2418 1811 2488 qul

111 2507 422 2577 demonstrauthisqur
435 2505 932 2576 hujuscemodidiscernerenorunt.
989 2507 1128 2562 veraciter
1152 2512 1313 2578 peccatores
1336 2518 1436 2560 sumus
1457 2508 1485 2558 et
1502 2503 1577 2558 servi
1600 2504 1739 2573 omnium,
1754 2505 1811 2575 „qui

112 2598 258 2668 Quatenus
274 2597 314 2667 hi,
336 2597 385 2668 qui
405 2601 469 2666 post
488 2609 540 2651 nos
559 2594 684 2651 studiosi
699 2599 727 2650 et
742 2595 772 2649 in
787 2595 873 2650 verbo
889 2610 935 2666 po
989 2607 1053 2650 vere
1073 2594 1225 2650 orthodoxi
1248 2598 1276 2649 et
1298 2591 1407 2663 propril
1430 2592 1594 2648 adoratores
1615 2596 1683 2647 sunt
1702 2590 1812 2647 Christi

112 2692 200 2743 butes
227 2685 348 2755 luerint,
371 2684 465 2740 ethis
485 2683 610 2739 inventis
632 2698 666 2739 ex
688 2682 734 2739 his
755 2684 933 2741 occasionem
989 2684 1047 2738 veri
1063 2683 1112 2738 Dei
1125 2689 1153 2739 et
1163 2682 1315 2738 salvatoris
1329 2679 1432 2751 nostrl,
1444 2680 1494 2753 qul
1511 2692 1605 2735 revere
1618 2679 1813 2750 glorificantes

110 2775 283 2845 acceperint,
300 2776 357 2829 Deo
374 2787 407 2828 ac
424 2772 532 2829 sanctis
547 2773 610 2842 ejus
630 2772 787 2843 gratiarum
806 2773 934 2829 actiones
988 2785 1018 2827 se
1032 2771 1180 2844 magnilica
1195 2771 1225 2826 in
1240 2770 1360 2826 veritate
1373 2775 1401 2824 et
1413 2766 1573 2841 glorificat:
1589 2767 1695 2839 cuique
1708 2768 1812 2824 decora

110 2864 220 2920 debitas
239 2863 367 2919 reddant.
383 2864 424 2916 liu
440 2863 511 2916 enim
527 2863 646 2930 eripienti
661 2864 835 2924 occasionem,
852 2866 877 2915 et
891 2877 934 2915 so
987 2865 1030 2915 est
1051 2860 1145 2915 omnis
1165 2859 1267 2931 gloria,
1285 2857 1376 2915 honor
1400 2857 1564 2929 imperium,
1587 2856 1809 2928 magnificentia,

110 2954 238 3022 pientior,
253 2951 359 3021 inquit,
371 2952 422 3004 erit
433 2947 521 3020 (Prae.
537 2962 577 3018 1x,
591 2946 628 3020 9).
988 2949 1018 3004 in
1033 2948 1104 3004 coelo
1118 2953 1146 3003 et
1162 2948 1190 3003 in
1210 2953 1296 3017 terra,
1313 2946 1443 3002 adoratio
1463 2952 1490 3000 et
1505 2944 1663 3016 gratiaram
1684 2942 1759 3000 actio
1778 2944 1810 3001 lu

139 3039 273 3096 &cundo
287 3052 363 3108 vero,
384 3036 614 3092 indesinentibus
629 3035 811 3092 orationibus
826 3042 855 3092 et
869 3051 934 3107 sup
947 3028 972 3091 G
987 3048 1073 3090 sensu
1089 3033 1184 3089 cordis
1200 3038 1228 3088 et
1245 3032 1306 3102 ipsa
1321 3033 1450 3103 veritate,
1467 3031 1626 3102 timoreque
1640 3044 1673 3086 ac
1688 3035 1811 3087 tremore

111 3126 327 3198 plicationibus,
348 3140 412 3182 cum
433 3124 569 3195 operibus
586 3124 670 3180 bonis
690 3139 722 3181 ac
737 3125 871 3196 lacrymis
887 3125 933 3180 be
988 3120 1095 3191 pariter
1107 3124 1135 3175 et
1148 3118 1349 3187 exsultatione,
1362 3117 1519 3173 secundum
1536 3117 1733 3187 propheticum
1746 3117 1811 3174 elo-

112 3216 314 3289 nignissimum
333 3219 435 3270 natura
450 3218 479 3268 et
494 3212 797 3268 misericordissimum
814 3213 932 3282 placetis
987 3210 1235 3280 quium,unacum
1246 3204 1809 3277 immortalietmiseratloaumamatore,

110 3304 205 3369 Deum,
226 3310 257 3359 ut
271 3303 463 3373 compatiatur
479 3300 698 3357 infirmitatibus
713 3300 829 3372 nostrie,
844 3302 933 3357 sedet-
986 3295 1319 3367 compatientissimoque
1336 3308 1369 3349 ac
1389 3291 1705 3348 misericordiossisimo
1724 3306 1810 3362 super

111 3406 161 3462 que
171 3392 207 3448 de
217 3396 320 3447 caetero
333 3392 484 3446 instantem
498 3390 592 3445 adbuc
602 3388 740 3451 dolosam,
752 3392 779 3443 et
789 3394 931 3444 versutam
988 3391 1116 3440 naturam
1124 3378 1221 3453 Patre,
1232 3387 1318 3450 atque
1327 3379 1510 3435 sanctissimo
1520 3382 1548 3434 et
1557 3378 1808 3449 consubstantiali,

111 3486 133 3536 et
146 3479 264 3551 penitus
279 3483 518 3550 argumentosam,
535 3485 620 3549 atque
633 3476 829 3548 gravissimam
845 3490 932 3547 super
986 3472 1156 3542 vivitlcoque
1176 3483 1208 3524 ac
1228 3468 1421 3537 omnipotente
1437 3465 1536 3523 divino
1552 3465 1674 3535 Spiritu,
1690 3469 1811 3522 nuncet

111 3582 206 3624 omues
232 3567 422 3638 precedentes
444 3579 566 3638 paganas
585 3572 613 3620 et
635 3564 783 3620 hereticas
805 3578 932 3634 persecu-
986 3574 1107 3630 semper,
1119 3564 1147 3614 et
1160 3559 1191 3614 in
1204 3556 1338 3613 universa
1348 3561 1377 3611 et
1387 3553 1500 3610 intinita
1511 3552 1614 3610 saecnla
1627 3552 1807 3609 saeculorum.

112 3656 216 3713 tiones:
239 3656 346 3726 quippe
362 3668 427 3710 cum
449 3656 522 3711 sciat
538 3653 664 3723 pulveris
682 3653 772 3708 nostrl
793 3651 932 3726 tragilita—
985 3648 1082 3704 llmen.

111 3749 171 3816 tem,
188 3749 218 3800 et
232 3743 345 3799 lacilem
361 3743 470 3813 lapsum
487 3747 602 3813 propter
615 3742 733 3797 nimiam
747 3740 873 3797 fraudem
888 3755 932 3797 eo

141 3904 343 3971 ·lleruelinno,
369 3903 447 3970 cyro,
473 3902 577 3969 Sergio,
607 3906 659 3958 etc.
685 3903 791 3957 Nomen
816 3901 931 3957 videtur
986 3899 1104 3965 ratistae,
1117 3896 1146 3952 id
1157 3900 1200 3951 est
1210 3893 1385 3950 voluntatem
1398 3897 1427 3947 et
1439 3890 1643 3961 operationem,
1656 3890 1808 3948 humanam

113 3989 194 4031 anum
215 3987 249 4030 ex
272 3974 406 4044 pluribus
424 3975 588 4042 condatum,
610 3973 932 4043 lleraclianoCyroSer·
985 3970 1107 4038 scilicet,
1122 3967 1281 4022 adimentes
1295 3965 1420 4020 Christo.

113 4044 526 4117 giolyrrbol‘aulloletritae:
550 4045 627 4101 sicut
645 4043 932 4114 inoperativolnope-

391 4293 578 4394 acia
632 4288 942 4391 silicella
997 4288 1259 4390 sancii
1304 4285 1522 4388 PETRI

638 4472 784 4517 EPISGOPI
804 4471 1027 4514 acuxnrtbltllvl
1053 4471 1094 4513 ET
1112 4469 1282 4514 bisantius

440 4567 723 4672 Anastasio
752 4562 1166 4665 Bibliotheenrc'o
1203 4562 1483 4697 intepretes

614 4727 710 4796 (apua
724 4727 833 4791 nuum,
848 4725 982 4790 spicilegii
998 4728 1069 4774 tomo
1087 4724 1133 4785 ιιι,
1147 4721 1285 4789 paggen.)

845 4853 1070 4868 ———

736 4943 851 5012 lllll
903 4937 1175 5010 MONITUM.

139 5151 319 5213 Anastasium
333 5153 588 5211 bibliothecarium
603 5153 788 5210 transtulisse
801 5153 926 5210 eGraeco
940 5151 968 5212 D
980 5155 1043 5221 post
1061 5147 1226 5204 translatam
1247 5162 1264 5201 a
1284 5162 1326 5201 me
1349 5146 1388 5201 ud
1404 5148 1563 5218 petitionem
1579 5150 1734 5205 sarculatis
1752 5153 1807 5204 tun

113 5246 263 5311 passionem
288 5243 380 5299 sancti
404 5243 477 5299 Petri
494 5243 673 5299 Alexandriae
691 5242 830 5312 episcopi,
855 5240 927 5296 alllr-
981 5237 1124 5309 (loquitur
1138 5250 1203 5293 cum
1223 5237 1305 5291 Petro
1320 5235 1453 5305 episcopo
1469 5237 1635 5309 Gavlnensi)
1651 5238 1807 5306 passionem

111 5341 157 5390 nat
176 5335 302 5404 primum
319 5333 439 5402 ipsemet
454 5331 623 5388 anastasius
639 5332 668 5386 iu
686 5331 803 5401 prologo
820 5345 873 5386 suo
891 5329 925 5385 ad
977 5329 1112 5397 precipui
1124 5326 1241 5380 doctoris
1255 5328 1281 5378 et
1290 5325 1420 5393 martyris
1432 5324 1506 5379 Petri
1517 5324 1717 5379 Alexandrina
1728 5325 1805 5378 urbis

111 5423 262 5488 pasionem
281 5427 438 5493 martyrum
454 5434 620 5489 mcccclxxx,
637 5432 720 5489 quem
740 5417 926 5474 llabillonius
980 5417 1108 5484 episcopi.
1124 5413 1233 5470 Deinde
1248 5426 1408 5483 anonvmus
1423 5411 1599 5485 biographus
1612 5410 1730 5467 loanms
1743 5409 1805 5467 Vlll

111 5505 242 5567 inlluseo
258 5510 358 5565 ltalico
382 5515 449 5564 tom.
469 5511 491 5564 l.
516 5513 588 5578 part.
613 5521 644 5576 ιι,
669 5521 686 5576 p
709 5504 755 5576 80,
777 5505 922 5576 vulgavit:
981 5503 1031 5557 PP.
1052 5502 1127 5572 apud
1148 5501 1340 5557 lluratorium
1356 5501 1387 5555 ll.
1409 5502 1429 5555 l.
1450 5500 1478 5556 S.
1495 5504 1562 5554 tom.
1582 5497 1630 5569 lll,
1650 5501 1722 5567 part.
1744 5509 1754 5550 1
1774 5511 1802 5567 p·
