3876 6090
63 257 121 320 973
789 269 986 327 sinistrius
1004 272 1047 329 lv.
1714 271 1771 333 m

63 400 134 443 vero
147 386 302 459 episcopus
315 387 346 445 in
359 388 443 461 cujus
458 391 593 461 parocbia
607 396 793 451 memoratum
805 398 933 458 vene-A
947 397 1085 469 solvendi,
1103 398 1145 455 ita
1158 411 1192 456 eo
1210 398 1324 456 dicente
1338 416 1346 455 ι
1361 400 1531 472 Qvaamnoue
1545 401 1673 470 ligaveris
1687 416 1771 473 super

64 474 159 532 rabile
173 477 378 535 monasterium
389 477 431 535 vel
443 493 488 536 res
498 482 602 551 elusae
612 483 806 553 possessiones
819 498 894 542 con-
947 491 1057 552 terrem,
1066 491 1146 542 erurd
1160 488 1246 556 ligata
1259 493 1285 545 et
1298 491 1329 544 in
1343 491 1425 553 colb,
1441 494 1467 544 et
1478 505 1644 560 quacunque
1658 491 1770 547 solveris

62 564 207 633 stiterint,
219 563 355 623 iacienda
366 570 476 624 tantum
486 570 681 628 ordinationis
690 585 723 628 ac
732 574 893 643 promotio·
946 592 1029 648 super
1048 581 1158 641 terram,
1179 583 1259 634 erunt
1277 580 1367 634 soluto
1385 583 1411 634 et
1426 581 1457 634 in
1475 581 1549 634 cetis
1568 578 1677 648 (blattis.
1697 580 1769 652 xvv),

63 653 893 731 nissacerdotumatqnclevitarum,velcondolendiobri-
946 667 1064 724 virtutis
1075 667 1551 738 buiusoontldentianitentescoeli
1562 668 1772 738 aditumcupl-

62 747 167 804 smatis
184 745 225 801 sit
240 749 351 801 tantum
370 758 504 804 concessa
523 748 649 807 licentia.
667 750 892 820 Dispositionem
945 755 1047 812 ditatis
1059 770 1118 813 snae
1134 757 1245 813 malitia
1259 756 1341 814 obice
1355 756 1520 815 claudimus
1532 757 1587 814 snb
1600 757 1771 813 anathema-

61 842 161 895 antem
183 832 357 891 venerabilis
379 834 435 892 loci
456 851 553 908 gerere
575 843 627 896 ant
647 841 891 898 conversationem
946 843 985 901 tis
994 845 1121 917 vinculo,
1132 847 1184 918 qni
1197 845 1266 903 bnic
1278 847 1490 917 pernecessario
1505 845 1643 903 beneflcio
1656 845 1686 902 in
1697 845 1772 903 snb-

61 924 268 983 canonicorum
279 923 440 996 exquirere,
455 925 590 998 religioso
601 926 697 984 abbati
708 929 828 1000 ejusque
837 930 892 987 de-
945 934 1577 992 stractionecollatarnmrerumetbonorum
1587 933 1771 991 consentiens

60 1028 146 1086 cano,
162 1012 206 1070 vel
220 1011 330 1085 quique
344 1011 542 1082 probatissimi
558 1016 588 1071 in
603 1017 701 1073 eodem
716 1020 890 1078 monasterio
943 1028 995 1080 ant
1003 1028 1171 1094 cooperator
1179 1023 1315 1092 adiuerit,
1327 1024 1397 1095 nisi,
1410 1028 1442 1081 ut
1453 1023 1655 1094 premisimus,
1666 1022 1768 1079 divino

60 1103 193 1175 inerint,
207 1103 282 1175 qnod
297 1103 384 1159 etiam
399 1103 509 1174 prelati
529 1106 666 1176 presules
677 1121 802 1166 consona
819 1124 890 1167 sen·
943 1113 1161 1184 iretusanxilio,
1170 1114 1358 1171 correctionis
1369 1127 1485 1170 munere
1493 1112 1657 1183 resipuerit,
1668 1112 1766 1167 invasa

61 1191 888 1266 tentiadedniernntdccernimus3neqneperoccasionem
942 1203 1146 1260 restitueritac
1161 1203 1286 1275 neglecta
1302 1200 1767 1272 satisfeceritllnlnsautemde-
1870 1213 1882 1225 ’

59 1281 210 1339 canonice
219 1280 382 1350 discipline
392 1281 516 1339 rimandi
526 1286 889 1358 atqueservandaeqnasli-
943 1290 1087 1348 linitionIs
1101 1304 1135 1347 ac
1148 1291 1313 1363 apostolica
1327 1290 1578 1347 determinationis
1592 1289 1764 1345 sententiam

60 1369 112 1427 bct
121 1371 164 1426 eis
175 1369 329 1441 importent
339 1369 473 1441 injurias,
484 1372 533 1429 sed
546 1371 666 1429 liberam
679 1374 826 1432 licentiam
837 1389 889 1433 sa·
942 1379 1149 1436 inviolabiliter
1163 1394 1180 1436 a
1194 1381 1308 1436 cunctis
1327 1378 1462 1436 tidelibus
1481 1392 1646 1450 quesumus
1662 1377 1766 1435 obser-

60 1459 190 1516 lnbriter
203 1457 307 1514 babere
320 1458 485 1516 statuimus.
501 1458 557 1528 Qui
566 1465 661 1518 autem
673 1462 761 1532 burins
774 1464 888 1521 consti·
942 1468 1071 1537 vandam,
1081 1482 1177 1539 qnam,
1187 1469 1336 1525 ntoertins
1345 1469 1478 1524 credatur
1486 1473 1513 1523 et
1524 1465 1764 1537 irrefragabiliter

60 1546 366 1605 tutionisinstitntnm
377 1546 546 1619 irrumpere,
556 1550 744 1621 autqualibet
753 1567 887 1622 praesum·
941 1557 1116 1627 observetur,
1137 1571 1239 1615 manns
1258 1559 1380 1629 propriae
1397 1556 1611 1627 subscriptione
1626 1554 1765 1611 adnotare

60 1637 163 1710 ptionc
174 1636 218 1693 vel
232 1635 382 1692 occasione
395 1638 547 1694 tentaverit
559 1644 693 1710 evertere,
704 1640 747 1697 vel
757 1641 793 1697 de
804 1643 887 1699 deci·
941 1646 1115 1717 curavimus,
1145 1653 1371 1717 perpetuumque
1398 1644 1567 1701 manendam
1595 1642 1761 1700 statuimus.

60 1723 928 1801 miseorumpotestatiperlegitimosannossubditislau-B
975 1735 1119 1805 Scriptum
1131 1748 1303 1805 permantum
1313 1733 1452 1791 bonifacii
1463 1731 1765 1789 archiscomiilioma-

59 1813 147 1887 terrei
164 1819 306 1885 perpetue
322 1815 516 1873 damnationis
532 1817 680 1874 cumulum
697 1832 762 1875 cum
782 1826 887 1878 sancte
941 1838 984 1880 nac
1002 1824 1144 1894 Ecclesiae,
1164 1824 1194 1880 in
1217 1837 1312 1880 mense
1329 1823 1435 1894 Aprili,
1454 1822 1612 1880 indictione
1631 1820 1763 1891 septima.

59 1904 135 1978 legis
144 1903 573 1974 praevaricatoribussenoverit
584 1904 718 1978 perterre,
730 1908 786 1965 nisi
798 1909 886 1982 digna
941 1915 1013 1970 Bene
1028 1913 1125 1970 valete.

59 1991 260 2053 satisfactione
273 1993 432 2049 correxerit
447 2012 454 2063 3
469 1994 544 2064 qnod
561 1997 712 2054 temeraria
726 1999 886 2068 cupiditate
974 2004 1044 2058 bata
1066 2001 1169 2073 quinto
1189 2001 1258 2057 ldus
1277 2000 1398 2072 Aprilis,
1418 2013 1494 2057 anno
1513 1997 1665 2056 undecimo
1686 2008 1762 2066 pon-

58 2083 179 2156 aggredi
201 2081 362 2152 tentaverit,
387 2087 524 2152 potestate
544 2084 636 2156 igitur
652 2087 683 2142 in
702 2086 785 2144 beato
804 2089 886 2146 Petro
940 2087 1066 2146 tiilcatus
1081 2088 1193 2146 domini
1206 2087 1308 2144 Leonis
1325 2101 1404 2158 papae
1415 2088 1462 2159 111,
1477 2099 1552 2143 anno
1564 2088 1644 2142 sexto
1660 2082 1763 2140 carolo

58 2169 256 2242 apostolorum
272 2168 403 2241 principe
416 2183 550 2227 concessa
564 2173 715 2230 abomino
729 2173 840 2246 ligandi
856 2178 885 2233 st
939 2180 1074 2248 regnante
1093 2176 1263 2247 imperatore
1282 2188 1394 2248 magno.

686 2491 692 2495 ·
878 2455 941 2559 11.

536 2660 1111 2782 STEPHANUS
1168 2662 1292 2781 iv.

120 2975 256 3021 srsvnavu
275 2976 304 3020 rv
318 2976 405 3022 nunna
420 2979 471 3021 vno
490 2978 662 3023 nonrmsaro
678 2979 821 3023 ranrsrvsr.
899 2966 1048 3030 cilnibus
1062 2973 1091 3024 et
1107 2968 1316 3040 appendicibus
1333 2971 1396 3028 suis
1415 2971 1446 3027 in
1466 2971 1621 3043 integrum,
1639 2970 1760 3029 tondum

384 3069 475 3143 (amm
492 3069 567 3145 8η)
939 3055 1128 3112 calistianum
1149 3057 1179 3112 in
1202 3071 1258 3128 qno
1279 3063 1325 3114 est
1346 3058 1466 3116 ecclesia
1487 3058 1579 3115 sancti
1601 3060 1761 3131 Laurentii,

61 3191 158 3272 [arur
174 3196 375 3271 lunarum,
395 3199 456 3256 rer·
469 3199 534 3255 παι·
550 3199 650 3271 sert·
667 3201 702 3271 11,
767 3214 793 3271 v·
810 3197 886 3277 mv
940 3141 1764 3304 {iiiiiiiiiiii’liiliiilliiln{lilii

94 3322 697 3398 Srnrnanusepiscopns,servusservorum
706 3326 887 3398 boidinus
942 3320 1033 3377 sancti
1060 3320 1234 3392 paterniani,
1264 3319 1386 3378 iuncum
1414 3322 1613 3393 arturianum,
1641 3320 1763 3379 fundum

60 3412 94 3470 ln
117 3411 240 3469 Domino
266 3411 327 3471 tilio
352 3414 486 3472 unumne
512 3414 649 3487 religioso
676 3414 838 3487 presbytero
859 3419 889 3472 et
941 3408 1105 3482 Ordeolnm,
1126 3407 1247 3470 fundum
1261 3409 1389 3482 lintella,
1406 3411 1455 3468 ubi
1475 3410 1651 3468 estecclesia
1669 3409 1762 3467 sancti

61 3501 214 3573 monacbo,
223 3505 309 3574 atque
315 3501 412 3560 abbati
425 3503 773 3563 venerabilismonasterii
782 3508 888 3561 sancta
941 3496 1054 3571 angeli,
1070 3499 1148 3556 sicut
1162 3505 1314 3572 atempnre
1325 3500 1446 3557 Adriani
1460 3513 1539 3572 papae
1552 3498 1588 3555 ab
1602 3499 1664 3570 ipso
1676 3511 1765 3555 vene-

60 3588 888 3666 Iteigenitricisllariae,quodponiturinl‘barpba,inloco
942 3586 1029 3646 rabili
1047 3589 1221 3647 monasterio
1238 3602 1400 3660 possessum
1414 3593 1469 3660 est,
1485 3588 1606 3648 tuocum
1618 3588 1765 3645 Urbanum

61 3679 115 3754 qni
124 3681 486 3755 nuncupaturlcntianus,
498 3684 618 3757 suisque
629 3682 847 3742 successoribus
857 3683 887 3740 in
943 3677 994 3751 qui
1013 3682 1042 3735 et
1061 3679 1231 3736 Vicus-auro
1249 3683 1376 3752 vocatur,
1397 3679 1447 3736 nbi
1468 3684 1511 3736 est
1530 3679 1650 3736 ecclesia
1672 3677 1765 3736 sancti

62 3774 244 3841 perpetuum.
943 3767 1013 3839 Viti,
1024 3782 1090 3825 cnm
1101 3768 1202 3841 pratis,
1214 3768 1334 3827 silviset
1343 3768 1566 3840 aquimolendis,
1577 3769 1620 3826 vel
1631 3767 1767 3825 omnibus

97 3857 171 3917 Com
190 3871 293 3932 magna
314 3858 398 3918 nobis
417 3859 617 3920 sollicitudine
638 3862 728 3919 instat
747 3874 818 3920 cura
838 3873 889 3934 pro
943 3856 978 3914 ad
986 3856 1092 3915 eumin
1105 3857 1245 3931 integrum
1264 3855 1766 3930 pertinentibus,extundobdriano

64 3947 211 4008 universis
222 3949 272 4006 Dei
282 3949 462 4007 Ecclesiisac
471 3949 638 4009 bonislocis
651 3951 842 4024 vigilandum,
855 3964 890 4008 ne
945 3946 1045 4003 uncias
1069 3949 1128 4002 tres
1151 3947 1181 4002 in
1204 3961 1261 4019 quo
1284 3951 1328 4006 est
1348 3947 1469 4004 ecclesia
1491 3947 1584 4003 sancti
1607 3945 1765 4016 Valentini,

63 4037 192 4109 aliquam
204 4039 385 4096 necessitatis
394 4040 535 4109 jacturam
549 4040 722 4114 sustineant,
735 4041 783 4098 sed
798 4040 890 4113 magis
944 4033 1065 4092 fundum
1084 4035 1257 4109 Medianum,
1276 4034 1396 4093 lundum
1413 4036 1613 4109 casalmontis,
1629 4049 1664 4092 ex
1676 4035 1767 4094 iundo

63 4126 190 4198 propriae
201 4126 339 4185 utilitatis
349 4129 494 4199 stipendia
506 4134 729 4202 consequantur,
742 4129 806 4186 ideo
817 4142 890 4185 con-
943 4122 1115 4181 Arverriano
1136 4124 1249 4180 unciam
1267 4137 1363 4196 unam,
1385 4139 1420 4182 ex
1440 4124 1529 4183 tundo
1550 4126 1691 4182 Terniano
1708 4139 1767 4184 nn-

63 4215 154 4287 venit,
170 4229 223 4273 nos
236 4216 372 4287 pastorali
385 4222 445 4274 tota
459 4219 563 4274 mentis
573 4218 710 4275 aviditate
723 4218 887 4275 eorumdem
903 4213 1004 4310 Dcias
1017 4226 1056 4282 vr,
1069 4227 1104 4269 ex
1116 4209 1205 4269 tundo
1216 4212 1340 4269 Antiano
1354 4213 1454 4270 uncias
1470 4228 1510 4285 rr,
1526 4213 1576 4272 ubi
1587 4220 1631 4271 est
1645 4214 1766 4271 ecclesia

63 4304 274 4362 venerabilium
289 4305 418 4364 locorum
433 4308 564 4363 maxima
579 4307 749 4364 stabilitatis
765 4307 890 4380 integri·
944 4303 1037 4359 sancti
1050 4301 1164 4373 Felicis,
1177 4301 1298 4358 fundum
1307 4301 1445 4374 Agellam,
1457 4301 1578 4360 fundum
1593 4302 1766 4360 Ciciliannm

64 4398 153 4449 tatem
163 4406 318 4464 procurare
327 4399 356 4450 et
369 4395 467 4452 sedule
481 4395 515 4451 ad
532 4408 630 4452 eorum
648 4395 801 4453 utilitatem
817 4395 891 4452 snb-
945 4395 975 4449 in
986 4407 1043 4465 quo
1055 4397 1098 4450 est
1112 4393 1233 4450 ecclesia
1247 4392 1338 4448 sanmi
1353 4393 1466 4464 Donati,
1479 4390 1600 4449 fundum
1616 4392 1768 4448 Paternin-

63 4481 143 4538 sidia
163 4480 227 4538 illic
247 4480 362 4555 referre,
385 4489 418 4541 ut
437 4486 494 4540 beo
519 4489 616 4540 nostro
637 4485 826 4556 omnipotenti
848 4485 889 4556 id,
945 4497 1019 4551 nem,
1033 4482 1154 4540 turdum
1170 4480 1500 4554 Gignianum,exiundo
1514 4481 1769 4539 Scandilianoun-

64 4571 143 4643 quod
159 4585 211 4642 pro
225 4572 288 4642 ejus
302 4573 393 4629 sancti
410 4573 536 4631 nominis
552 4574 668 4646 bonore,
684 4575 761 4632 etad
777 4575 890 4633 laudem
946 4573 1006 4629 cias
1014 4586 1053 4642 rv,
1063 4571 1183 4629 tondum
1193 4571 1347 4642 Cryptulae,
1358 4569 1479 4628 lundum
1489 4570 1706 4627 marcianellum
1717 4588 1768 4644 per

64 4665 152 4733 atque
168 4661 480 4732 gloriamejnsdivinae
496 4663 653 4733 majestatis
665 4664 728 4734 ejus
740 4665 893 4722 venerabi-
947 4660 1049 4717 uncias
1068 4673 1107 4731 1v,
1128 4658 1249 4716 tondum
1270 4658 1441 4730 Apicianum
1463 4658 1493 4715 in
1514 4673 1569 4730 quo
1588 4661 1632 4716 est
1648 4660 1769 4718 ecclesia

64 4749 146 4807 libus
157 4764 210 4807 nos
219 4754 327 4808 certum
340 4755 383 4809 est
393 4751 550 4809 contulisse
561 4753 643 4825 locis,
657 4753 891 4826 sitacceptabile,
948 4746 1768 4823 sandiGordinari,lundumScaplianum,iundanesta,

65 4838 210 4912 nobisque
221 4839 257 4897 ab
271 4840 334 4910 ejus
349 4841 578 4911 locupletissima
593 4842 793 4899 misericordia
805 4843 894 4914 digna
949 4837 1070 4896 lundum
1081 4837 1219 4907 ceritum,
1234 4833 1356 4893 fundum
1370 4837 1516 4908 ilianum,
1533 4835 1655 4895 fundum
1667 4840 1770 4897 Turris

65 4928 237 5001 bnlnsmodi
250 4929 292 5000 pii
307 4929 403 5001 operis
419 4930 449 4987 in
464 4931 586 4989 sidereis
599 4930 764 4990 conteratur
777 4931 895 4989 arcibus
949 4928 999 4986 nbi
1007 4933 1049 4985 est
1057 4927 1177 4984 ecclesia
1185 4926 1278 4982 sancti
1287 4926 1444 4997 Laurentii,
1454 4925 1584 4984 extundo
1595 4928 1770 5002 pendigiano

66 5018 272 5075 remuneratio.
288 5019 390 5091 Igitur,
407 5019 476 5091 quia
492 5020 636 5092 petistisa
653 5020 737 5079 uobis
752 5025 895 5093 quatenns
949 5012 1556 5088 nnciasu,lundumCaesariannm,landum
1564 5017 1768 5089 ventilianum,

64 5122 99 5165 ex
119 5111 220 5165 nostra
242 5106 376 5180 largitate
397 5114 553 5182 nostroque
574 5110 650 5168 dorro
675 5111 895 5170 concederemus
949 5107 1070 5165 tondum
1091 5105 1240 5164 Fornioaia
1255 5118 1320 5161 cum
1342 5105 1460 5175 trajecto
1477 5119 1529 5162 suo
1548 5120 1599 5164 seu
1613 5107 1724 5166 Gualdo
1740 5108 1770 5169 in

64 5201 169 5255 vestras
189 5195 373 5269 religiositati
391 5211 424 5254 ac
440 5200 612 5257 monasterio
632 5205 724 5257 vestro
741 5201 896 5258 contirma-
950 5198 1094 5270 integrum
1106 5194 1327 5268 pertinentibus,
1339 5208 1372 5251 ex
1383 5192 1701 5254 lundoGermaniciano
1712 5208 1771 5252 un-

65 5287 177 5345 tionem
187 5286 318 5344 omninm
333 5286 484 5360 bonorum,
502 5303 564 5360 qnae
578 5289 662 5347 babet
675 5291 796 5347 modoet
809 5290 897 5347 babi-
950 5287 1011 5344 cias
1026 5302 1055 5343 ιι
1070 5287 1117 5344 ubi
1131 5290 1175 5343 est
1187 5283 1307 5342 ecclesia
1322 5285 1414 5342 sancti
1435 5285 1522 5353 Petri,
1541 5284 1660 5343 landum
1676 5284 1771 5340 illusi-

66 5378 166 5433 tnrnm
182 5378 227 5431 est
242 5373 272 5430 in
288 5379 466 5449 perpetuum,
487 5377 690 5434 contirmamns
704 5381 800 5435 antem
815 5377 897 5437 vobis
951 5376 1038 5451 lenm,
1053 5375 1175 5434 turdum
1193 5376 1372 5449 Cassianum,
1392 5389 1426 5432 ex
1441 5375 1531 5435 tundo
1545 5375 1699 5432 averriano
1711 5385 1771 5429 nn-
1791 5392 1795 5397 ·

67 5464 233 5537 vestrisque
257 5464 473 5523 successoribus
492 5465 614 5524 lnndnm
636 5466 820 5538 acutianum,
845 5467 894 5525 nbi
951 5468 1011 5524 cias
1032 5480 1072 5540 vr,
1097 5465 1219 5524 fundum
1245 5466 1387 5538 casulam,
1417 5465 1535 5523 fundum
1564 5463 1768 5533 lavanianum,

66 5554 166 5627 ipsum
177 5552 553 5614 monasteriumtenerabile
562 5559 759 5614 constructum
767 5560 822 5629 est,
830 5569 896 5616 cum
951 5554 1072 5615 inndnm
1081 5556 1292 5628 marcilianum,
1303 5553 1422 5612 lundum
1431 5553 1634 5621 donatianum,
1647 5547 1769 5632 landum
