3876 6090
109 229 167 288 ota
456 222 461 229 '
484 230 737 287 cotuncrauaa.
751 262 788 273 -
805 233 935 288 ursana.
958 234 1059 290 innan
1078 237 1104 290 s,
1127 239 1253 293 staxlu.
1274 241 1316 294 nr
1333 244 1455 299 auson.
1769 252 1823 313 nno

142 389 206 469 πρὸς
229 388 306 449 αὐτὸν
326 393 353 448 ιν
374 393 412 470 τῷ
432 391 629 468 κατήγωρ)
649 396 695 462 τῆς
714 394 850 462 mmm
876 398 922 462 τῆς
956 363 1064 422 Aoum
1082 367 1109 421 in
1128 369 1374 427 catechumenium
1390 374 1516 430 ecclesiae
1532 376 1624 445 ipsius
1643 381 1821 450 monasterii,

140 482 219 548 offic
233 482 335 547 μονῆς,
357 478 401 535 xci
419 484 466 535 rob
480 448 600 548 συγήὸους
615 452 759 537 {creoceo
772 479 922 556 γενοώου,
1000 452 1131 524 iactaque
1148 464 1282 513 consueta
1302 459 1476 516 salutatione
1504 463 1638 520 sederunt
1652 472 1784 536 cogentes
1795 473 1823 523 et

148 534 281 634 ἐκάθιόαν,
295 564 444 641 βιασάμενοι
466 565 510 623 καὶ
534 565 610 623 αὐτὸν
628 534 750 623 satirae·
774 568 817 625 καὶ
833 539 924 645 Ιιἰπιιρ.
1002 543 1093 611 ipsum
1110 547 1217 614 sedere,
1231 552 1259 601 et
1273 562 1357 602 orsus
1382 549 1509 605 habitum
1526 552 1640 607 adeum
1664 567 1821 611 sermonem

140 651 306 726 ξάμνκτῶ
319 650 383 730 πρὸς
404 650 753 727 αὐτὸνλόγουΊῬΩΜΟΣ
778 645 869 711 εἶπεν,
891 655 924 712 «0
999 631 1128 702 Taulara,
1150 633 1395 692 dixit:Dominns
1409 637 1488 693 orbis
1503 639 1592 707 jussit
1607 654 1659 696 nos
1672 642 1769 697 venire
1787 643 1822 698 ad

139 736 267 807 &mm
288 741 364 813 ἡμῶν
379 737 511 797 {abaco
524 736 593 808 ἠώς
607 740 670 817 πρὸς
689 738 719 798 σὲ
738 739 863 817 γενέσθαι,
881 741 924 799 mg
999 725 1036 788 te,
1051 725 1079 774 et
1090 721 1185 777 dicere
1197 721 1278 778 vobis
1295 737 1359 794 ηοω
1380 725 1439 780 visa
1456 734 1523 782 sunt
1534 727 1677 784 divinitus
1691 729 1824 787 roborato

139 826 254 894 λαλῆσαι
268 829 328 899 ὑμῖν
339 823 372 882 τὰ
381 821 491 896 δόξαντα
501 797 627 883 τῶάὐτοῧ
637 826 810 905 θεοωρρκτω
820 826 918 885 sadra.
1000 809 1121 877 imperio
1131 824 1192 865 suo.
1206 811 1257 866 Sed
1273 811 1412 869 dicnobis
1426 814 1572 882 primitus,
1582 816 1607 870 si
1623 814 1824 885 laciasjussio

148 913 222 970 m,
237 909 295 970 εἰπὲ
308 915 492 992 γμῖνπρῶτω,
503 883 639 980 „gam
652 910 767 972 χεγευων
782 885 829 971 e'oa
844 918 923 990 βασι,
1001 908 1062 950 nem
1080 897 1268 967 imperatoris,
1285 913 1320 955 an
1338 902 1415 956 nont
1433 902 1567 958 Manruns
1579 904 1673 959 dixit:
1690 906 1820 976 Domine,

137 996 214 1064 λίως.
227 996 284 1070 ici
293 1003 392 1070 ποιεῖςς
405 1000 578 1057 θίλΞΙθίΟΣ
588 989 643 1056 εἶπε
656 1023 663 1036 ·
676 999 809 1069 Δέσποτα,
818 997 922 1057 ἀκούσω

137 1084 165 1145 τί
180 1085 302 1145 ἐκέλευσε
315 1085 346 1143 τὸ
359 1083 459 1150 εὐσεθὲς
471 1089 549 1144 αὐτοῦ
562 1083 665 1166 κρότος,
679 1087 723 1145 καί
733 1083 839 1151 δεόντως
854 1092 921 1144 ἀπο-

137 1172 261 1253 κρίνομαι
272 1190 279 1203 ·
290 1173 346 1231 ἐπεί
358 1173 421 1251 πρὸς
433 1172 464 1231 τὸ
476 1171 643 1250 ἀγνοόμενον,
657 1173 732 1231 ποίαν
745 1170 800 1251 ἔχω
813 1172 922 1252 ἀπόκρι·

137 1283 178 1320 σιν
201 1261 309 1332 imvm
324 1262 447 1319 ‘1’l’tlln
465 1259 573 1337 ἐπέμενε
597 1260 700 1337 λόγων·
717 1265 774 1321 Οὐκ
789 1260 920 1339 ἐνδέχεται

137 1345 178 1406 ότι
190 1346 301 1425 λέγομεν
312 1344 343 1406 τί
360 1371 434 1422 ποτε,
450 1346 493 1406 tio
504 1346 541 1422 μὴ
556 1351 658 1427 πρῶτον
671 1351 746 1427 εἴπῃς
761 1351 783 1406 εί
797 1354 887 1414 ποιεῖς.
903 1349 920 1420 ἢ

138 1437 258 1501 οῦποιεῖς
267 1433 315 1504 τὴν
322 1434 438 1494 κελευσιν
446 1441 493 1494 τοῦ
502 1434 637 1513 βασιλέως.
649 1435 703 1493 Καί
711 1439 746 1499 ὡς
755 1426 819 1492 οἶδεν
831 1434 922 1502 αὐτοῦς

138 1520 330 1597 ίνισταμένους,
350 1522 394 1580 καὶ
412 1522 453 1580 ἐπὶ
476 1525 510 1600 τῇ
535 1523 647 1602 ἀναὸολῇ
669 1526 747 1581 αὐτοῦ
773 1520 922 1602 πικρότερον

139 1606 296 1686 βλέποντας,
305 1610 350 1668 καί
363 1608 520 1690 τραγῦτερον
541 1608 759 1689 ἀποκριναμένους
775 1607 840 1686 μετδι
853 1609 920 1666 πάν·

137 1717 190 1754 των
203 1697 257 1754 τῶν
272 1693 400 1755 συνόντων
413 1699 507 1768 αὐτοῖς,
523 1696 567 1755 καί
582 1700 633 1755 τῶν
649 1694 799 1773 ἀξιωμάτων
813 1694 921 1769 κόσμοις

138 1780 294 1862 ‘supplente
305 1826 314 1854 ‚
327 1783 470 1863 ἀποκριθεὶς
484 1788 498 1842 δ
511 1783 591 1850 οἷόῦᾶς
615 1784 706 1842 blas.
723 1774 792 1842 εἶπεν
808 1806 815 1821 ·
839 1780 921 1841 Ἐπθν

138 1872 186 1929 οῦκ
197 1870 321 1949 ἀνέχεσθε
330 1873 408 1929 εἰπεῖν
420 1873 459 1952 τῷ
472 1870 555 1951 δοόλιρ
566 1874 637 1947 ὑμῶν
651 1868 685 1930 τθ
701 1869 870 1950 παραστάντα
883 1875 921 1951 τῷ

139 1955 253 2033 δεσπότῃ
268 1959 402 2032 ἡμῶνκαὶ
416 1960 525 2036 βασιλεῖ,
540 1957 606 2024 ἰδοῦ,
620 1956 691 2036 λε’γω
713 1957 850 2024 ἀκούοντος
873 1964 921 2017 τοῦ

138 2044 264 2105 ewam
275 2044 415 2123 τῶνᾶγίων
423 2046 550 2122 ἄγγελων,
561 2045 607 2103 καὶ
619 2044 723 2102 πάντων
736 2048 817 2121 ὑμῶν.
832 2043 920 2124 ὅτιπερ

140 2129 200 2190 εἶτε
212 2132 311 2204 δήποτε
323 2130 422 2191 κελεύει
432 2154 477 2208 μοι
489 2133 547 2211 περὶ
560 2132 710 2203 οἱανδήποτε
722 2131 873 2211 πράγματος
883 2136 921 2213 τῷ

140 2221 211 2276 clim
221 2218 308 2299 τούτῳ
320 2217 548 2296 ωγκοιταλυμίνου
562 2220 606 2277 καί
616 2217 843 2299 συμφθειρομένου,
858 2242 921 2298 προ·

141 2303 226 2383 &ipone
237 2309 316 2367 ποιῶ.
334 2306 386 2365 Καί
399 2303 489 2372 εὐθέως
504 2303 616 2370 ἀναστὰς
626 2306 750 2364 ’θῬΩΙΛ.
768 2296 837 2365 εἶπεν
850 2326 856 2338 ·
870 2304 920 2365 Εὗ-

141 2392 215 2462 ξασθί
237 2417 302 2471 μοι,
317 2391 369 2471 ἐγὼ
386 2391 487 2470 ίνπθγω.
505 2384 589 2460 tricor
612 2390 660 2472 γθρ
682 2390 752 2450 οὐδὲν
773 2396 850 2450 ποιεῖ.
868 2392 922 2451 Καὶ

143 2484 239 2541 πολλῶ
256 2481 325 2541 πόνυ
340 2479 476 2560 γενομένω
493 2480 612 2559 θορύδου,
630 2481 674 2539 καί
686 2483 785 2550 πολλῆς
804 2485 921 2559 ταραχῆς

145 2568 185 2628 καί
196 2567 360 2649 συγχύσεως,
370 2559 440 2626 εἶπεν
452 2571 538 2634 αὐτοῖς
547 2568 658 2628 ΘΕΟΔ.
670 2566 835 2632 dictionario<
848 2586 854 2598 ·
874 2567 920 2625 Εἴ·

145 2679 205 2717 ποτε
221 2660 294 2738 cicc}
311 2655 360 2727 τὴν
373 2654 517 2736 ἀπόκρισιν,
528 2657 571 2715 καί
586 2659 666 2733 γνῶτε
681 2679 707 2714 τι
724 2653 795 2731 λέγει
806 2672 813 2686 ·
823 2655 878 2715 ἐπεὶ
891 2655 921 2712 τὸ

144 2742 221 2811 οὔτως
234 2745 341 2814 ξελθεῖν
354 2745 432 2819 μηδὲν
445 2742 577 2821 εἰρηκότας
593 2743 639 2801 καὶ
654 2738 732 2818 μηδὲν
744 2743 918 2817 ἀκούσαντας,

149 2834 188 2890 οόι
209 2829 280 2892 ἔστιν
303 2829 419 2910 εὔλογον.
433 2828 502 2891 Τότε
529 2831 632 2889 ΕΠΙΦ.
647 2834 661 2888 δ
683 2828 817 2908 πατρίκιος
842 2819 917 2886 εἶπε·

151 2917 227 2978 Τοῦτό
246 2940 291 2979 σοι
301 2919 377 2988 δηλοῖ
389 2918 421 2976 δι’
436 2921 511 2993 ἡμῶν
525 2923 539 2977 δ
553 2916 682 2996 βασιλεὺς.
697 2914 780 2992 λέγων
796 2914 920 2986 ’Ἐπειδὴ

152 3013 210 3064 adca
221 3009 239 3076 ἡ
253 3009 338 3077 δύσις,
347 3005 392 3064 καί
403 3008 427 3063 οἱ
440 3008 508 3076 ίντῆ
523 3006 636 3082 ἀνατολῇ
647 3002 838 3085 διαστρέφοντες
848 3005 882 3069 είς
891 3001 921 3061 σὲ

152 3094 274 3174 θεωροῦσι,
290 3093 336 3152 καί
346 3091 455 3158 ἅπαντες
469 3091 510 3151 διό
525 3114 555 3149 σε
568 3091 733 3159 στασιάζωσι
759 3087 795 3165 μὴ
806 3088 920 3156 θέλοντες

153 3179 348 3256 ωμῦιῦασθῆναι
371 3183 434 3256 ἡμῖν
459 3175 501 3237 διὰ
526 3176 573 3249 τὴν
595 3178 680 3238 πίστιν
696 3194 703 3209 ·
719 3175 852 3243 κατανύξοι
863 3182 921 3236 σεδ

150 3264 208 3334 Θιδς
218 3272 372 3338 κοινωνῆσαι
385 3270 449 3344 ἡμῖν
463 3266 505 3325 ἐπὶ
517 3270 556 3347 τῷ
572 3267 633 3346 παρ’
649 3269 711 3343 ἡμῖν
739 3263 863 3322 ἑκτεθίντι
875 3268 920 3322 τό·

146 3371 194 3436 ἥρ,
207 3356 255 3416 καί
266 3354 422 3435 ἐξερχόμεθα
433 3359 508 3433 ἡμεῖς
528 3356 560 3413 δι’
575 3357 672 3413 ἑαυτῶν
689 3357 724 3419 είς
737 3350 785 3423 τὴν
802 3351 919 3424 Χαλκὴν,

144 3442 185 3504 *τί
204 3441 374 3518 θοπαζόμεθό
394 3466 444 3514 σε,
465 3440 511 3500 καί
532 3439 701 3519 ὖποτιθίμεθα
719 3444 778 3516 ὑμῖν
788 3437 834 3511 τὴν
847 3444 921 3519 χεῖρα

140 3527 225 3603 θροῦν,
240 3531 288 3590 καὶ
300 3527 366 3608 μετθ
373 3529 459 3600 πόσης
472 3534 550 3606 τιμῆς
559 3530 605 3589 καί
618 3527 690 3600 δόξης
702 3528 837 3603 εἰσάγομεν
850 3531 919 3603 ὑμᾶς

138 3618 176 3681 ‘k
190 3616 239 3690 τὴν
250 3618 367 3697 μιγαλην
389 3617 558 3688 Ἐκκλησίαν,
575 3616 620 3675 καί
631 3618 685 3694 μεθ’
698 3617 795 3673 ἑαυτῶν
808 3618 920 3690 ἱστῶμεν

137 3698 166 3756 ff*
178 3696 201 3786 ᾧ
211 3703 281 3765 κατὰ
296 3707 425 3779 συνήθειαν
439 3709 463 3764 οἱ
477 3706 592 3784 βασιλεῖς
604 3702 732 3773 ἵστανται,
743 3701 787 3760 καί
798 3709 921 3779 ποιοῦμεν

137 3786 195 3866 ἅμα
207 3794 257 3863 τὴν
272 3796 385 3865 πίναξιν,
407 3792 452 3852 καί
470 3798 641 3868 κοινωνοῦμεν
656 3790 712 3867 ἅμα
731 3794 782 3848 τῶν
801 3791 921 3872 ἀχρότων

137 3882 182 3943 ld
200 3886 338 3952 ζωοποῖων
358 3879 505 3962 μυστηρίων
525 3886 574 3938 τοῦ
591 3883 720 3947 ζοιοποιοῦ
740 3875 860 3955 σώματος
877 3880 922 3938 καί

139 3967 254 4048 tipum
267 3974 316 4028 τοῦ
330 3970 451 4049 Χριστοῦ.
471 3967 523 4027 Καὶ
545 3964 754 4047 ἀνακηρύττομέν
776 3989 806 4024 σε
823 3965 923 4046 πατέρα

142 4058 227 4133 θεῶν,
251 4061 299 4119 καὶ
320 4058 418 4138 γίνεται
437 4055 507 4140 χαρδι
524 4061 553 4117 οὗ
572 4055 649 4135 μόνον
662 4060 695 4136 τῇ
709 4057 866 4136 ριλοχρίστω
879 4058 923 4117 καλ

145 4144 253 4217 mi&
274 4150 354 4223 ἡμῶν
374 4145 460 4214 πολει,
485 4143 552 4204 ἀλλὰ
573 4144 619 4204 καί
635 4142 708 4221 πόσῃ
725 4144 920 4222 τῇοίκουμίνη.

147 4231 258 4311 wopan
274 4231 327 4315 γθρ
342 4234 473 4315 ἁσρελῶς,
490 4230 530 4290 ὅτι
544 4238 592 4291 σοῦ
605 4237 783 4297 κοινωνοῦντος
802 4236 840 4290 τῶ
857 4233 923 4315 ἁγίιρ

999 984 1114 1039 audiam
1128 986 1202 1055 quod
1211 987 1332 1055 iusserit
1343 989 1419 1056 pium
1435 990 1497 1058 ejus
1511 990 1673 1062 imperium,
1685 998 1713 1048 ct
1723 1006 1825 1050 neces-

999 1072 1077 1126 sario
1088 1074 1271 1142 respondebo.
1286 1077 1355 1130 Nam
1371 1078 1404 1132 ad
1416 1077 1443 1132 id
1454 1078 1528 1147 quod
1547 1079 1676 1149 ignotum
1687 1081 1821 1152 estmibi,

999 1159 1110 1229 qualem
1129 1163 1338 1230 responsionem
1352 1166 1473 1221 daturus
1487 1166 1575 1221 sumi
1595 1166 1632 1223 lit
1649 1182 1715 1225 vero
1726 1171 1820 1225 Tnorc.

1000 1249 1194 1316 perseverabat
1206 1263 1385 1307 asseverans:
1402 1255 1461 1308 Non
1479 1260 1640 1323 potestesse
1653 1257 1823 1315 utdicamus

999 1334 1122 1405 aliquid,
1140 1337 1195 1391 uisi
1210 1339 1334 1407 primum
1347 1341 1428 1395 diras
1445 1348 1539 1397 utrum
1556 1341 1645 1399 iacias
1660 1345 1701 1400 vel
1713 1359 1769 1401 non
1787 1345 1825 1401 la·

999 1423 1059 1477 cias
1082 1424 1239 1491 jussionem
1265 1427 1453 1496 imperatoris.
1486 1430 1520 1484 lit
1544 1445 1608 1486 cum
1632 1433 1752 1489 vidisset
1775 1448 1824 1490 eos

1001 1510 1166 1567 insistentes
1179 1514 1354 1583 peramplius
1366 1516 1500 1572 dilationi
1515 1533 1583 1586 sua,
1599 1525 1628 1575 et
1642 1522 1769 1577 amarius
1783 1523 1824 1578 in·

1001 1603 1122 1667 tuentes,
1139 1616 1171 1656 ac
1184 1603 1315 1671 asperius
1331 1605 1531 1673 respondentes
1545 1621 1610 1663 cum
1626 1608 1760 1665 omnibus
1773 1611 1822 1681 qui

960 1665 986 1726 Β
1001 1700 1064 1741 cum
1074 1688 1204 1745 ciserant
1216 1696 1244 1745 et
1256 1692 1327 1760 ipsis
1340 1707 1453 1763 quoque
1468 1694 1662 1766 dignitatibus
1673 1698 1825 1754 saeculari-

1000 1774 1054 1831 bus
1068 1776 1194 1846 elevatis
1214 1780 1387 1848 respondens
1399 1779 1470 1836 abba
1491 1782 1565 1838 linx.
1582 1783 1639 1838 ait:
1667 1783 1740 1853 Quia
1768 1798 1823 1841 non

1000 1864 1133 1933 patimini
1148 1866 1243 1921 dicere
1256 1881 1336 1922 servo
1353 1873 1445 1924 vestro
1461 1884 1523 1940 quae
1544 1871 1656 1939 placent
1667 1873 1784 1929 domino
1796 1880 1824 1929 et

1000 1950 1164 2019 imperatori
1179 1958 1285 2019 nostro,
1299 1968 1362 2009 erice
1376 1955 1451 2024 dico,
1469 1957 1603 2012 audiente
1616 1960 1682 2028 lieo,
1703 1971 1736 2014 ac
1751 1973 1821 2015 san·

999 2039 1206 2110 ctisangeliset
1217 2041 1441 2098 omnibusvobis
1451 2044 1596 2113 quoniam,
1612 2044 1754 2116 quidquid
1763 2048 1826 2116 jus·

999 2132 1070 2181 serlt
1090 2127 1161 2182 mibi
1186 2143 1272 2197 super
1296 2142 1476 2201 quacumque
1491 2144 1520 2186 re
1544 2146 1610 2187 curn
1636 2132 1688 2188 boc
1715 2134 1820 2191 saeculo

999 2216 1170 2272 destruenda
1205 2223 1231 2272 ct
1259 2221 1475 2287 corrumpenda,
1503 2226 1630 2290 prompte
1654 2220 1766 2278 faciam.
1788 2223 1824 2278 El

999 2302 1149 2359 confestim
1164 2319 1284 2375 surgens
1296 2307 1390 2361 Tanau.
1406 2307 1500 2362 dixit:
1518 2307 1603 2364 Orate
1617 2310 1699 2380 mibi,
1715 2325 1767 2382 ego
1779 2324 1823 2366 va·

999 2394 1073 2448 dam.
1100 2394 1151 2448 llic
1165 2394 1241 2448 enim
1257 2393 1332 2449 nibil
1352 2393 1429 2449 lacit.
1448 2397 1481 2451 El
1501 2397 1590 2453 multo
1606 2397 1823 2469 vehementique

1000 2480 1073 2536 lacto
1086 2481 1224 2551 tumultu,
1235 2495 1267 2537 ac
1281 2483 1369 2538 multa
1382 2484 1544 2539 turbatione
1555 2490 1582 2540 et
1591 2483 1771 2554 contusione,
1782 2487 1825 2543 di·

999 2571 1042 2624 xit
1056 2571 1099 2625 eis
1113 2571 1213 2625 Tusco.
1229 2572 1396 2641 episcopus:
1410 2572 1501 2628 Dicite
1517 2572 1561 2627 illi
1578 2587 1722 2644 responsa,
1739 2581 1768 2630 et
1780 2590 1825 2631 co-

1000 2659 1211 2729 gnoscitequid
1238 2658 1369 2715 fateatur.
1395 2662 1464 2715 Nam
1480 2661 1522 2715 sic
1547 2661 1668 2733 regredi,
1692 2662 1825 2735 nihilque

999 2747 1094 2801 dicere
1107 2751 1135 2802 et
1148 2748 1222 2802 nillil
1244 2748 1355 2814 audire,
1373 2748 1543 2804 rationabile
1565 2755 1688 2805 nonest.
1709 2751 1744 2806 Et
1756 2757 1824 2818 tunc

999 2835 1169 2890 Entellaruus
1179 2835 1319 2904 patricius
1331 2835 1390 2891 ait:
1408 2837 1464 2890 lloo
1483 2836 1536 2891 tibi
1555 2852 1605 2906 per
1615 2852 1666 2893 nos
1680 2838 1826 2910 signitical

1000 2922 1164 2992 imperator,
1178 2923 1293 2978 dicens:
1309 2924 1449 2992 Quoniam
1472 2930 1549 2980 totus
1568 2926 1708 2982 Occidens
1727 2932 1754 2982 et
1774 2928 1823 2998 qui

958 2984 1029 3065 Cin
1050 3010 1166 3066 Oriente
1193 3011 1377 3066 subversione
1401 3019 1556 3080 operantur
1570 3015 1603 3069 ad
1632 3021 1659 3069 te
1684 3020 1823 3083 spectant.

999 3105 1137 3155 ctomnes
1160 3105 1322 3169 propterte
1344 3099 1506 3155 simultates
1517 3102 1673 3171 exagitant,
1696 3101 1824 3158 nolentes

999 3187 1150 3242 convenire
1163 3186 1311 3243 nobiscnm
1329 3187 1358 3241 in
1378 3200 1464 3242 causa
1482 3187 1567 3257 lidei3
1582 3189 1656 3244 Deus
1670 3190 1824 3259 compungi

1000 3279 1026 3330 te
1042 3273 1137 3345 iaciat,
1152 3280 1184 3330 ut
1195 3275 1388 3329 communices
1410 3274 1556 3330 nobiscum
1571 3276 1599 3329 in
1618 3277 1694 3346 Typo
1709 3277 1759 3346 qui
1772 3291 1826 3332 ex-

1000 3361 1111 3431 positus
1124 3366 1196 3417 osta
1221 3359 1315 3429 uobis,
1340 3368 1367 3415 et
1382 3360 1527 3416 exibimus
1552 3376 1600 3430 per
1615 3376 1666 3418 nos
1692 3363 1769 3432 ipsos
1788 3365 1821 3419 ad

999 3448 1122 3521 Cbalem,
1146 3455 1175 3505 et
1198 3448 1394 3505 osculabimur
1415 3454 1451 3519 te,
1474 3454 1502 3503 et
1523 3462 1717 3519 supponemus
1743 3450 1824 3506 vobis

1000 3551 1114 3593 manum
1130 3544 1265 3607 nostram,
1279 3537 1488 3608 cumqueomni
1508 3537 1657 3594 honoreac
1675 3538 1766 3610 gloria
1784 3538 1826 3593 iu·

1000 3626 1183 3682 troducemus
1193 3641 1242 3682 vos
1255 3626 1284 3681 in
1297 3639 1425 3697 magnam
1442 3625 1607 3695 Ecclesiam1
1624 3632 1653 3682 et
1665 3640 1730 3683 curn
1741 3627 1825 3684 nobis

1002 3713 1074 3785 ipsis
1084 3715 1220 3770 sistemus
1233 3713 1281 3771 ubi
1302 3728 1336 3769 ex
1351 3727 1427 3769 more
1443 3713 1629 3785 imperatores
1641 3720 1727 3786 stant,
1741 3721 1769 3770 et
1780 3714 1826 3772 la-

1000 3802 1110 3858 ciemus
1128 3803 1234 3872 pariter
1248 3802 1389 3872 synaxim,
1403 3807 1430 3856 et
1444 3800 1683 3872 participabimur
1703 3803 1827 3859 inteme-

1002 3894 1128 3946 ratorum
1143 3897 1171 3945 et
1185 3890 1364 3946 vivificorum
1384 3895 1626 3945 sacramentorum
1642 3890 1748 3947 vivilioi
1759 3907 1828 3948 cor-

1002 3982 1081 4052 poris
1093 3986 1120 4035 οι
1132 3979 1284 4049 sanguinis
1293 3978 1411 4047 Christi,
1423 3982 1452 4034 et
1465 3978 1685 4047 praedicabimus
1695 3984 1722 4034 te
1732 3982 1827 4037 denuo

1003 4076 1109 4140 patrem
1124 4074 1263 4135 nostrum,
1281 4067 1384 4136 detque
1400 4067 1537 4137 gaudium
1562 4081 1618 4122 non
1634 4069 1717 4124 modo
1743 4082 1826 4125 ama-

1002 4158 1069 4214 trici
1084 4156 1191 4212 Cbristi
1203 4161 1229 4211 et
1241 4156 1325 4226 regia
1339 4153 1403 4210 urbi
1416 4159 1528 4216 nostrai,
1541 4156 1589 4211 sed
1603 4162 1630 4210 et
1646 4156 1675 4210 in
1693 4161 1752 4212 toto
1767 4162 1828 4213 ter-

1003 4260 1099 4303 rarum
1115 4245 1191 4301 orbe.
1209 4245 1321 4299 Scimus
1338 4243 1413 4297 enim
1431 4243 1592 4298 certissime
1608 4244 1694 4315 quod,
1709 4249 1829 4300 tccom-

151 4322 192 4383 rin
218 4324 325 4381 amaa
345 4318 447 4400 θρόνῳ,
473 4320 566 4386 πάντες
593 4320 699 4377 θῶνται
725 4322 808 4395 ἡμῖν·
836 4325 868 4379 οῖ
883 4321 924 4380 διὰ
963 4328 1468 4400 Dmanicantcsanctobuictbrono‚
1478 4331 1574 4386 cuncti
1587 4332 1825 4403 unianturaobis,

154 4426 174 4465 τι
191 4409 238 4468 καί
261 4405 311 4479 τὴς
334 4407 499 4466 διδασκαλίαν
522 4406 710 4485 ἆποσγίσαντες
727 4411 772 4477 τῆς
793 4408 923 4475 κοινωνίας

92 4622 102 4675 γ
184 4583 364 4666 [αλοτραᾳίτ
371 4583 434 4664 api<
444 4583 489 4643 τὸν
501 4581 639 4642 ἐπίσκοπον
649 4581 750 4648 δάδὸδτ
760 4581 850 4643 MA&
860 4583 925 4662 μετὰ

92 4723 105 4761 γ
161 4667 262 4750 δακρύων
271 4661 343 4731 εἶπεν
356 4673 437 4751 αῦτῷ·
451 4669 549 4751 Κόριεδ
558 4667 649 4746 μίγας,
663 4667 760 4746 ἡμίναν
769 4671 876 4749 κρίσεως
884 4675 925 4731 ἐκ·

92 4791 107 4849 3
162 4752 282 4836 δεχόμεθα,
298 4757 399 4824 πάντες.
418 4748 539 4823 Οἶδαςτδι
550 4753 871 4824 ωποθίπαςκαίδοθαντα
884 4761 925 4820 ἐπὶ

92 4888 110 4937 3
163 4847 198 4904 νῖν
209 4845 291 4922 ἁγίων
306 4845 470 4923 εῦαγγελίων,
491 4845 535 4905 καί
548 4850 593 4903 τοῦ
607 4847 730 4913 ζωοποιῶ
744 4851 864 4925 σταυροῦ,
881 4848 925 4907 καί

92 4982 111 5025 1
165 4930 304 5001 τῖςείκόνος
316 4939 362 4991 τοῦ
376 4934 447 4993 Θεοῦ
458 4934 501 4992 καί
515 4937 628 5012 σωτῆρος
636 4936 722 5010 ἡμῶν,
735 4933 779 4991 καί
789 4938 835 5003 τῆς
850 4934 926 4994 αὐτὸν

92 5056 112 5116 'j
166 5021 268 5092 τκυόσης
280 5019 406 5097 παναγίας
413 5018 576 5100 ἀειπαρθένου
585 5019 691 5099 μητρός.
699 5019 750 5078 Καί
760 5018 847 5099 βαλὼν
854 5019 926 5080 κάτω

92 5160 114 5206 3
168 5102 330 5186 aspicimur
348 5108 533 5178 θέπίσκοπος,
554 5107 694 5189 ουγνοτέρορ
713 5133 744 5188 τη
767 5113 837 5190 ρωνῇ
856 5107 926 5189 λέγει

92 5248 115 5298 3
170 5192 211 5267 ῐῑθτ
221 5197 305 5254 ὠτόν.
321 5194 373 5255 Καὶ
384 5193 409 5253 τί
423 5192 477 5274 ἔχοι
490 5199 595 5264 ποιῆσαι
609 5193 670 5272 ἐγὼ,
683 5193 744 5254 ἐπὰν
754 5194 838 5273 ἕτερόν
847 5220 871 5255 τι
877 5220 925 5256 πα·

172 5276 225 5360 νίκη
246 5288 283 5364 τῷ
301 5280 476 5362 εὖσεῦεστότῳ
495 5284 611 5361 βασιλεῖς
634 5282 685 5341 Καί
704 5306 765 5362 φησι
778 5284 839 5362 πρὸς
851 5285 926 5344 αὐτὸν

112 5424 117 5451 γ
175 5363 238 5427 HE.
247 5376 291 5430 καὶ
300 5371 342 5428 διὰ
349 5373 374 5428 τί
380 5369 440 5448 ἥψω
449 5373 500 5426 τῶν
511 5369 589 5445 ἁγίων
598 5370 760 5448 εὐαγγελίων,
772 5373 816 5429 καὶ
824 5376 847 5429 οἱ
861 5372 927 5447 μετά

176 5459 262 5523 inmiti
275 5455 354 5527 οὔσης
364 5457 403 5539 ἐρ’
413 5460 473 5534 ὑμῖν
485 5460 532 5528 τῆς
543 5460 594 5515 τῶν
606 5457 764 5529 λαληθέντων
783 5459 924 5533 ἐκόασεωςς

303 5581 420 5637 Prinos.
442 5579 567 5636 CXXIX.

1002 4425 1053 4495 qui
1074 4427 1230 4493 propterte
1250 4427 1389 4490 tuumque
1403 4419 1598 4491 magisterium
1614 4433 1674 4475 sea
1694 4434 1827 4477 commu-

1003 4509 1362 4567 nionenostrasciderunt.

1038 4601 1071 4654 Et
1086 4611 1240 4654 conversus
1251 4597 1284 4652 ad
1298 4597 1463 4667 episcopum
1478 4595 1550 4652 abba
1565 4597 1637 4651 biam
1655 4611 1719 4652 cum
1731 4595 1827 4668 lacry-

1004 4689 1060 4743 mis
1078 4687 1135 4742 ait:
1152 4686 1271 4742 Domine
1287 4699 1396 4756 magne,
1421 4687 1497 4741 diem
1508 4685 1615 4755 judicii
1630 4691 1828 4756 exspectamus

1006 4789 1104 4833 omncs
1134 4774 1210 4829 nosti
1234 4787 1296 4843 quae
1312 4773 1443 4828 ordinata
1469 4779 1578 4829 suntet
1600 4772 1724 4829 dilliaita
1739 4788 1826 4843 supra

1004 4867 1100 4919 sancta
1113 4860 1274 4932 Evangelia,
1290 4864 1318 4915 et
1332 4859 1472 4915 vivificam
1487 4874 1610 4929 crucem,
1624 4866 1709 4930 atquc
1721 4860 1828 4933 imagi-

1003 4966 1066 5006 nem
1080 4950 1131 5005 Dei
1144 4955 1171 5006 et
1186 4948 1336 5004 salvatoris
1351 4949 1441 5003 nostri
1454 4949 1519 5005 Jesu
1531 4949 1650 5017 Christi,
1661 4954 1690 5004 et
1700 4951 1829 5006 sanctis-

1002 5040 1081 5095 simae
1098 5053 1160 5108 quse
1186 5037 1269 5092 illurn
1286 5037 1385 5109 genuit
1398 5051 1509 5108 semper
1522 5036 1650 5108 Virginis
1664 5039 1774 5095 matris.
1791 5040 1826 5094 Et

1003 5128 1146 5184 submisso
1156 5125 1388 5198 deorsumvultu,
1398 5126 1826 5196 episcopusmitiorivocedicit

1003 5218 1036 5272 ad
1051 5230 1131 5271 euru:
1158 5218 1190 5271 Et
1205 5216 1254 5285 qui
1268 5215 1355 5270 babeo
1380 5214 1480 5286 iacere,
1499 5221 1647 5285 postauam
1662 5217 1741 5272 aliud
1753 5214 1822 5284 quid

1005 5304 1132 5374 placuit?
1148 5304 1182 5357 lit
1195 5304 1271 5358 dixit
1281 5305 1315 5359 ad
1326 5318 1390 5359 eum
1401 5305 1475 5359 Max.
1491 5301 1615 5380 [abbas]
1629 5307 1776 5372 :Elquere
1786 5305 1824 5354 te-

1004 5393 1097 5464 tigisti
1108 5398 1205 5446 sancta
1220 5393 1381 5463 Evangelia,
1398 5399 1425 5447 et
1438 5392 1467 5447 bi
1480 5394 1529 5463 qui
1547 5401 1637 5448 tecum
1653 5394 1743 5453 erunt,
1757 5401 1820 5443 cum

1005 5494 1060 5537 non
1075 5480 1153 5535 sitin
1168 5480 1249 5536 vobis
1266 5495 1364 5537 eorum
1382 5496 1444 5552 qua
1458 5481 1535 5536 diota
1548 5485 1616 5537 sunt
1626 5476 1743 5532 exitus?
1753 5476 1821 5529 l'ere

1644 5571 1675 5626 al
