3876 6090
109 261 176 324 0300
789 257 890 315 LIBER
904 255 951 316 nii
968 255 1138 316 donacio.
1745 257 1816 320 0300

108 393 127 452 7
142 395 247 468 viceni,
261 393 312 466 qui
331 392 416 450 babet
427 388 471 449 07.
482 391 637 448 Remanent
648 387 691 446 00.
704 389 824 445 Dimitte
838 387 976 458 septe-A
994 397 1056 456 nos,
1075 388 1161 457 quota
1175 385 1213 443 sit
1225 383 1307 457 10010,
1323 401 1403 444 0000
1417 401 1507 446 annos
1522 388 1556 445 ab
1572 390 1769 447 incarnatione
1780 390 1815 444 Ι).

111 501 173 557 000,
190 477 938 549 0000000113.60000000010030000000000000000
992 474 1026 529 N.
1052 474 1075 528 J.
1111 474 1141 530 C.
1169 479 1201 532 ut
1238 480 1306 547 puta
1333 475 1502 549 0000810,
1536 478 1672 535 subtrahe
1706 492 1818 550 seruper

111 574 216 632 001001.
230 573 311 645 000,
328 570 432 630 310000
446 569 572 628 inerunt.
593 571 650 627 1100
668 573 836 641 argumento
851 567 937 623 etiam
995 575 1094 634 unum,
1119 570 1263 621 remanent
1285 563 1348 637 809,
1366 565 1417 622 000
1439 567 1546 636 0000000
1561 581 1610 639 000
1632 566 1648 624 0
1670 573 1774 640 partes,
1788 574 1816 623 00

111 664 276 722 ostenditur
290 666 376 734 quota
388 659 460 717 10000
472 661 511 717 001
526 660 555 716 00
568 658 629 714 Kal.
643 660 705 715 ian.
720 658 750 713 in
766 669 939 728 unoquoque
994 657 1123 721 quartam
1140 659 1258 724 partem,
1278 668 1361 725 quam
1378 655 1503 725 partitus
1526 669 1565 725 es,
1587 658 1689 730 adjice,
1706 658 1759 714 buc
1773 663 1817 715 000

112 767 189 811 0000
218 756 366 824 prasente,
396 748 407 805 1
425 753 537 807 tantum
562 748 688 820 regulari
712 746 845 819 dimisso,
862 746 939 805 sicut
992 735 1046 795 200
1058 740 1130 797 flunt
1145 743 1232 800 sinui
1249 741 1327 812 0001,
1344 744 1515 815 0000000000
1535 742 1616 816 0007
1632 751 1750 817 000000,
1765 749 1817 805 dl-

112 844 206 901 bonus
219 846 336 898 sauctus
348 839 536 896 Primicerius
550 836 687 895 ostendit.
994 829 1076 886 mitte
1086 826 1150 904 700,
1164 831 1195 888 00
1209 833 1315 904 0000100
1328 840 1453 906 centum,
1468 840 1615 892 reruaueut
1625 833 1689 909 300,
1701 838 1816 895 dimitte

281 933 320 985 De
334 929 557 984 concurrentibus
577 926 772 982 monstrandis.
992 916 1048 978 080
1063 923 1169 992 0000000
1184 920 1218 978 00
1228 928 1296 979 0000
1313 927 1458 979 00000000
1469 920 1514 995 31,
1539 924 1654 982 0000000
1667 923 1703 983 08
1715 935 1818 999 quater

147 1022 190 1077 cl.
216 1020 246 1076 Si
259 1018 304 1075 vis
317 1018 391 1075 scire
401 1019 605 1074 concurrentes
619 1011 889 1086 septimunaediesin
908 1024 937 1068 1a
992 1015 1098 1087 septies
1120 1016 1198 1082 sunt,
1225 1016 1371 1069 remanent
1391 1010 1418 1069 3.
1438 1014 1533 1070 Tertia
1555 1013 1627 1073 10010
1639 1015 1729 1075 luerit
1752 1017 1814 1075 Kal.

113 1109 176 1166 1001.
188 1108 256 1179 000.
273 1107 347 1164 scies
373 1109 479 1177 quotus
489 1119 583 1162 annus
599 1104 639 1160 sit
649 1103 722 1174 cycli
737 1102 852 1174 solaris,
865 1114 893 1157 v.
910 1115 937 1172 g.
991 1107 1106 1162 ianuar.
1123 1115 1198 1159 anuo
1214 1109 1361 1173 praeseuic.

115 1195 149 1265 00
174 1198 247 1255 0000
261 1210 373 1267 semper
398 1193 415 1250 0
437 1201 555 1266 partem,
566 1195 632 1266 01000
647 1200 689 1250 est
705 1192 787 1249 ruodo
812 1188 838 1260 3,
867 1189 941 1246 0000
1028 1215 1066 1268 Β,
1089 1212 1162 1282 ml,
1194 1212 1280 1266 ,ogm-
1310 1214 1336 1265 eg
1376 1208 1470 1267 punam·
1492 1228 1545 1283 pe,
1569 1214 1669 1271 ,qm-30,
1703 1217 1818 1275 &mon—

114 1288 203 1347 simul
221 1283 271 1356 ⁴73
284 1286 383 1343 divide
395 1281 482 1356 peu7,
495 1284 613 1340 Dimitte
628 1280 670 1350 00,
688 1282 757 1353 quia
768 1280 815 1337 bis
828 1276 845 1336 7
860 1283 938 1351 sunt,
1340 1281 1468 1341 stronde.

114 1372 300 1447 0000000003.
317 1375 524 1433 concurrentes
540 1371 684 1429 3iuerunt
697 1372 727 1427 in
741 1386 771 1428 rx
784 1370 845 1427 1001.
859 1369 939 1440 000,
1029 1372 1094 1428 CIV.
1115 1371 1236 1440 Quidam
1255 1372 1290 1428 ad
1303 1375 1504 1445 compendium
1524 1374 1687 1433 calculandi
1702 1378 1819 1436 utrius-

115 1467 146 1526 ld
159 1470 204 1523 est
217 1462 404 1522 3100100000
419 1468 566 1534 prasente.
587 1462 690 1533 Sicque
706 1459 941 1532 peraliosannos
996 1474 1050 1532 que
1069 1461 1198 1518 ordinem
1223 1461 1338 1532 circuli,
1361 1463 1465 1519 solaris
1486 1464 1630 1536 videlicet,
1645 1470 1674 1522 et
1695 1465 1817 1534 lunaris,

115 1553 215 1626 iacies,
231 1554 408 1625 quicumque
423 1549 542 1622 luerint,
556 1549 653 1607 divido
675 1544 753 1621 peri
768 1554 872 1618 partes,
886 1541 941 1602 eti
996 1547 1172 1606 transierunt
1195 1549 1224 1605 in
1240 1550 1388 1608 articulos.
1409 1553 1478 1607 Nam
1493 1553 1561 1623 quia
1577 1567 1679 1611 manus
1695 1554 1819 1612 bumana

116 1649 226 1716 partem
236 1642 366 1713 adjicies,
379 1654 407 1696 v.
421 1657 461 1713 g.,
473 1641 575 1711 quinto
584 1652 661 1696 auno
670 1638 743 1710 cycli
755 1641 819 1709 post
831 1634 941 1692 000000
996 1637 1136 1695 000000100
1146 1636 1230 1693 babet
1246 1633 1279 1693 00
1291 1639 1437 1708 adjunctis
1447 1639 1595 1712 unguibus
1607 1642 1733 1714 singuiis
1743 1647 1821 1700 artu·

116 1728 143 1788 0.
153 1734 235 1790 11000
250 1745 334 1802 0000,
351 1734 414 1801 0000
427 1728 446 1785 8
459 1726 576 1787 000000
587 1741 661 1784 0000
678 1725 720 1799 03,
734 1723 941 1798 00001000000
957 1745 982 1808 Β
996 1726 1060 1799 bus,
1074 1729 1102 1782 et
1117 1725 1264 1798 unguibus
1281 1727 1422 1800 singulos,
1438 1735 1568 1799 aptantes
1582 1743 1673 1787 annos
1688 1731 1818 1788 lunarem

114 1819 153 1892 33
167 1826 232 1892 post
245 1817 375 1876 0600000
388 1816 421 1888 0;
449 1815 556 1888 000000
568 1817 657 1873 00000
676 1814 711 1887 53
730 1820 793 1886 0000
805 1810 841 1870 00
852 1815 940 1871 00000
995 1829 1112 1873 000000
1139 1828 1187 1886 000
1211 1813 1244 1870 09
1268 1830 1367 1873 00000.
1389 1818 1420 1873 10
1444 1817 1513 1874 laeva
1535 1818 1631 1890 manu]
1646 1820 1822 1878 intrinsecus

115 1908 145 1982 6,
164 1905 277 1980 000007
296 1904 419 1964 000007.
429 1908 514 1963 Etsic
525 1906 863 1963 inveniescuucurrentes
874 1916 942 1973 000·
996 1905 1091 1961 radice
1106 1904 1221 1974 pollicis
1235 1905 1390 1977 incipiunt,
1403 1913 1431 1962 et
1446 1906 1476 1962 in
1490 1920 1586 1978 ungue
1596 1908 1710 1964 minimi
1721 1908 1819 1981 digiti,

115 1998 210 2055 sentis
224 1996 381 2066 cujuslibet
390 1996 469 2051 anni.
485 1997 540 2052 lsie
554 2009 621 2066 ergo
633 1993 731 2065 cyclus
743 1992 847 2049 solaris
858 1990 942 2048 babet
997 1993 1050 2050 boc
1061 1997 1105 2049 est
1118 1993 1294 2050 auricularis
1312 1994 1488 2051 intrinsecus
1501 1996 1632 2053 000000
1647 1997 1758 2067 cyclum
1771 1998 1822 2054 lu-

116 2083 304 2143 0000000810
320 2099 359 2156 00,
374 2085 448 2143 00000
463 2078 762 2155 00000000000,0017
777 2085 941 2153 quaternos,
997 2096 1093 2139 narem
1114 2090 1297 2140 consumunt.
1322 2087 1357 2140 00
1379 2085 1448 2155 quia
1473 2097 1574 2142 manus
1594 2085 1669 2142 bine
1682 2086 1822 2143 articulos

117 2175 258 2247 quianon
274 2177 367 2245 potest
381 2172 585 2240 consummari,
603 2173 771 2242 priusquam
786 2164 942 2233 bissextus,
999 2170 1103 2228 babent
1115 2169 1148 2227 08
1164 2172 1340 2229 intrinsecus
1353 2179 1448 2229 autem
1464 2174 1591 2244 exceptis
1608 2174 1754 2246 unguibus
1773 2174 1822 2231 bis

118 2264 171 2337 qui
188 2269 290 2335 quarto
317 2276 392 2320 auno
414 2263 507 2319 redire
529 2262 610 2332 solet,
635 2266 755 2318 cunctos
779 2259 944 2330 septimana
999 2259 1258 2333 singulisartubus
1270 2261 1402 2333 singulos
1414 2275 1504 2319 annos
1518 2268 1618 2333 aptant
1635 2263 1665 2319 00
1681 2267 1822 2335 quantas'

117 2353 184 2410 dies
198 2352 364 2424 circumeat,
381 2357 409 2409 et
429 2352 587 2424 contingat,
614 2350 641 2408 id
662 2356 705 2406 est
730 2349 908 2406 Dominicam
927 2346 945 2404 6
998 2362 1015 2405 a
1031 2349 1152 2405 minimo
1168 2349 1262 2423 digito
1275 2349 1350 2406 laevae
1370 2365 1472 2408 manus
1487 2351 1539 2408 boc
1561 2356 1605 2408 est
1621 2366 1732 2409 00000
1746 2351 1823 2408 arti-

118 2442 232 2514 ieriam,
259 2440 399 2513 iterium,
423 2439 441 2498 0
461 2441 571 2512 100100,
591 2437 735 2511 7100000,
760 2437 778 2496 5
803 2435 946 2508 teriam,3
999 2437 1065 2495 culo
1081 2438 1266 2509 auricularis,
1292 2439 1376 2511 quasi
1391 2440 1483 2511 00000
1508 2439 1579 2497 10000
1605 2456 1670 2498 000
1685 2440 1823 2513 bissexto,

120 2530 241 2602 10000ος
255 2531 308 2587 boc
323 2530 399 2587 enim
413 2531 514 2588 ordine
526 2530 717 2597 circumeunt,
729 2533 757 2585 et
774 2530 946 2599 percurrunt
999 2531 1029 2583 et
1043 2528 1073 2583 in
1084 2528 1205 2584 sinistro
1216 2527 1330 2601 pollice,
1344 2529 1397 2586 hoc
1410 2534 1453 2586 est
1464 2544 1481 2586 a
1491 2544 1603 2587 summo
1617 2531 1752 2601 articulo,
1767 2528 1825 2586 006

120 2633 220 2679 omues
241 2618 499 2690 septimanarius,
529 2631 651 2689 namque
675 2629 854 2688 unaquaeque
876 2614 944 2672 anni
1002 2616 1073 2673 lenia
1096 2617 1206 2688 cyclum
1231 2618 1350 2674 solarem
1371 2619 1555 2690 complentes,
1577 2624 1605 2676 00
1628 2620 1823 2690 terminantes,

118 2709 186 2766 dies
200 2722 268 2766 suos
282 2712 485 2764 concurrentes
498 2706 592 2776 babet,
609 2706 659 2776 qui
673 2709 875 2763 concurrentes
891 2703 948 2759 ad·
1002 2719 1059 2763 nun
1075 2708 1107 2761 ut
1125 2706 1155 2761 in
1170 2705 1245 2763 lune
1258 2707 1336 2778 cyclo
1358 2707 1490 2780 singulos
1510 2708 1628 2765 exordio
1643 2711 1654 2733 ³
1669 2722 1704 2766 ne
1717 2709 1827 2781 digitos

121 2798 174 2856 dxi
190 2800 258 2854 sunt
276 2796 305 2852 in
321 2810 350 2851 rx
362 2794 425 2851 Kal.
436 2795 516 2866 000,
530 2794 664 2851 videlicet
675 2803 708 2851 ut
720 2793 851 2866 proprias
863 2792 949 2849 10010-
1002 2794 1226 2866 expedientesin
1240 2808 1401 2863 numerum,
1416 2797 1463 2852 sed
1477 2802 1592 2867 propter
1607 2797 1745 2855 rationem
1759 2811 1826 2868 qua·

120 2887 227 2946 0000000
253 2884 399 2941 Pascbalis
415 2881 458 2957 10,
479 2883 548 2941 0000
561 2887 648 2955 quota
664 2881 790 2940 sitieris
807 2881 947 2953 pandunt,
1003 2884 1115 2941 drantis
1131 2897 1180 2954 per
1201 2892 1356 2956 quaternos
1370 2885 1484 2943 intrans
1497 2900 1611 2943 versum
1631 2887 1740 2959 digitus
1753 2903 1829 2960 qua-

121 2981 153 3032 et
164 2974 239 3032 diem
251 2977 424 3045 epactarum,
440 2986 474 3029 ac
489 2986 538 3044 per
553 2972 607 3029 buc
619 2975 647 3028 et
664 2971 810 3029 Pasebalis
824 2971 883 3027 diei
900 2971 950 3027 in·
1003 2972 1426 3044 drieuuiumumnelsignantes
1440 2974 1521 3031 itaut
1531 2976 1831 3049 minimorumdigitc

122 3065 290 3123 sentionum
307 3064 423 3135 planum
445 3062 556 3120 iaciunt
569 3063 632 3118 iter.
660 3061 817 3132 Dionysius
830 3061 866 3116 00
878 3073 951 3116 cou—
966 3071 991 3135 ο
1006 3074 1080 3132 000,
1097 3061 1150 3117 000
1162 3065 1204 3117 000
1225 3061 1436 3119 auricularium
1457 3061 1503 3118 bis
1522 3064 1597 3119 terni
1611 3065 1739 3131 articuli,
1755 3066 1831 3124 idest

121 3153 309 3212 currentibus
323 3153 413 3210 dicit:
440 3152 664 3208 Concurrentinm
682 3155 773 3205 cutem
793 3149 951 3204 Hebdomo-
1005 3149 1071 3207 bad
1087 3149 1204 3207 totidem
1218 3163 1308 3207 annos
1318 3149 1483 3207 bissextiles
1492 3152 1640 3222 deputant.
1654 3155 1722 3209 ltem
1737 3155 1833 3224 proxi·

123 3244 193 3298 dnm
207 3245 287 3307 relic,
303 3259 363 3314 qus
376 3243 409 3297 dc
421 3242 487 3297 sciis
498 3256 580 3296 cursu
594 3242 750 3311 superuenit
767 3244 874 3310 septeno
894 3253 950 3293 cn·
1006 3252 1117 3296 murum
1131 3239 1290 3312 digitorum
1305 3252 1321 3295 0
1336 3240 1467 3296 0100000
1484 3240 1530 3298 bis
1546 3242 1620 3298 terni
1632 3242 1751 3299 articuli
1764 3249 1831 3301 aute

123 3349 224 3390 norum
238 3334 339 3388 0000010
354 3336 451 3403 qnater
464 3331 545 3387 ducto
558 3330 625 3400 jugi
645 3332 761 3385 circuitu
773 3331 945 3385 terminatur.
1003 3331 1059 3387 bos
1079 3334 1122 3386 est
1143 3327 1188 3385 6·
1210 3328 1321 3400 primus
1344 3343 1437 3386 annus
1466 3331 1684 3401 praeparationis
1709 3331 1830 3390 bissexti

123 3424 224 3494 inquo
248 3436 297 3493 per
309 3435 399 3478 annos
411 3420 543 3493 singulos
556 3419 637 3492 ,inest
654 3416 672 3475 3
686 3432 775 3476 uuum
790 3417 904 3489 addere,
921 3422 950 3473 et
1008 3420 1171 3490 inutraque
1184 3433 1270 3476 manu
1284 3419 1460 3476 demonstrat
1473 3436 1481 3491 ς
1494 3419 1633 3477 similiter
1646 3422 1766 3478 secundi
1780 3423 1833 3479 di·

123 3516 327 3569 concurrentes
342 3511 481 3583 praeteriti
497 3510 566 3566 anni
584 3508 711 3566 curabis.
725 3511 757 3565 ln
771 3521 804 3565 00
822 3511 955 3564 tantum-
1009 3508 1063 3581 giti
1078 3522 1094 3564 a
1117 3507 1247 3564 minimis
1270 3507 1383 3565 duabus
1404 3509 1538 3567 manibus
1562 3524 1612 3581 per
1632 3508 1834 3570 6000001000

125 3601 208 3658 0000
227 3614 312 3670 0000,
338 3600 413 3656 00000
427 3597 453 3669 0,
479 3600 507 3655 00
522 3613 579 3670 quo
601 3598 748 3656 bissextus
772 3596 861 3654 100000
879 3596 953 3653 0000
1010 3611 1059 3654 sex
1071 3611 1161 3654 annos
1175 3598 1392 3669 praeparationis
1409 3594 1533 3655 bissexti
1549 3600 1714 3671 ostendunt,
1730 3605 1758 3658 et
1772 3606 1835 3660 ter-

123 3690 257 3762 adjicias.
272 3692 343 3745 istas
357 3703 424 3761 ergo
436 3695 549 3760 epactas
564 3689 645 3760 solis,
661 3688 734 3744 idest
747 3688 951 3743 concurrentes
1011 3687 1047 3743 tii
1062 3686 1149 3758 digiti
1161 3700 1177 3743 a
1189 3687 1319 3743 minimis
1331 3688 1484 3758 utriusque
1498 3687 1709 3746 manus3‘ann.
1725 3688 1742 3746 6
1757 3706 1835 3762 0000-

124 3779 349 3849 septimanarum
373 3778 437 3834 dies
457 3793 487 3835 rx
499 3777 560 3834 Kal.
581 3778 650 3849 000.
671 3780 803 3834 auctores
825 3778 944 3847 ponunt,
1011 3776 1171 3848 parationis
1183 3775 1303 3832 bissexti
1323 3789 1372 3847 per
1392 3774 1561 3833 6articulos
1576 3778 1729 3850 utriusque
1747 3780 1835 3853 digiti

124 3867 195 3938 quia
211 3866 368 3923 secundum
383 3866 567 3923 traditionem
580 3867 686 3923 divina
703 3865 896 3936 auctoritatis,
908 3877 954 3937 000
1011 3867 1195 3922 0000000000.
1218 3867 1305 3922 Porro
1324 3866 1465 3937 septimus
1479 3866 1640 3925 bissextilis
1660 3883 1755 3928 annus
1769 3885 1835 3928 cum

125 3955 218 4011 sancti
246 3955 354 4011 Nicaeni
370 3956 488 4012 concilii
507 3955 602 4012 sidera
617 3955 682 4012 coeli
697 3954 796 4024 solem,
813 3959 840 4009 et
856 3953 954 4009 lunam
1012 3955 1106 4011 tribus
1119 3955 1400 4026 annissequentibus
1410 3955 1456 4012 bis
1468 3956 1553 4014 binos
1562 3958 1835 4018 articulosduorum

127 4044 158 4100 in
174 4057 205 4099 ea
220 4044 350 4101 datarum
362 4045 434 4102 0100
449 4045 682 4115 000000000000,
694 4043 761 4099 0000
775 4042 847 4098 00010
860 4042 954 4113 posita
1013 4042 1168 4114 pollicibus
1195 4047 1298 4099 teneat.
1324 4046 1355 4100 ln
1382 4045 1434 4100 boc
1462 4058 1528 4118 ergo
1552 4047 1654 4104 ordine
1677 4048 1837 4106 calculator

124 4132 159 4190 ad
176 4130 301 4190 officium
322 4133 441 4189 huruani
458 4134 570 4206 generis
582 4147 645 4191 esse
664 4131 842 4189 adscribunt.
1011 4126 1206 4188 bissextiles7
1227 4144 1317 4187 annos
1334 4145 1384 4202 per
1403 4131 1440 4189 08
1455 4147 1625 4204 percurrens
1641 4136 1762 4208 invenit,
1786 4138 1837 4195 in-

353 4224 421 4277 10000
438 4222 471 4277 00
488 4222 719 4278 concurrentibus.
1007 4221 1119 4291 cipiens
1137 4220 1295 4277 bissextum
1314 4221 1345 4277 in
1367 4221 1461 4292 prima
1478 4221 1550 4279 10000
1564 4238 1581 4280 0
1596 4225 1716 4283 000000
1741 4226 1834 4299 digito

161 4310 216 4366 cll.
244 4310 274 4366 Si
299 4311 342 4366 vis
367 4310 441 4367 scire
463 4311 560 4367 subito
582 4315 652 4382 quot
678 4312 879 4367 concurrentes
894 4308 954 4365 sint
1010 4310 1041 4366 in
1066 4324 1177 4367 summo
1191 4308 1316 4367 articulo
1330 4309 1516 4382 auricularis,
1538 4318 1567 4368 et
1589 4314 1632 4369 sic
1653 4314 1835 4385 dicisprima

125 4399 225 4455 eodem
249 4413 333 4469 anuo,
360 4401 394 4458 ad
417 4400 518 4458 100000
544 4414 637 4458 00000.
667 4401 762 4457 inveni
789 4399 852 4455 Kal.
883 4399 951 4471 000.
969 4397 1082 4485 Dieria
1096 4414 1161 4457 cum
1175 4400 1310 4457 bissexto.
1327 4401 1358 4456 1n
1373 4400 1498 4456 secundo
1512 4400 1637 4458 articulo
1655 4401 1769 4458 minimi
1784 4401 1836 4459 dl-

127 4491 216 4559 quota
230 4486 301 4545 leria
314 4488 362 4561 sit,
385 4494 414 4545 00
428 4489 478 4547 ubi
501 4489 563 4546 Kal.
581 4490 734 4561 inveneris,
757 4488 855 4545 statim
879 4492 955 4544 retro
1010 4489 1063 4562 giti
1083 4488 1101 4546 6
1119 4487 1271 4547 00010000
1286 4490 1423 4547 bissexto.
1442 4491 1473 4546 ln
1487 4489 1572 4547 tertio
1594 4490 1719 4549 articulo
1733 4489 1750 4548 i
1763 4491 1835 4551 10000

128 4577 225 4633 inveni
237 4591 266 4633 rx
287 4577 349 4635 1001.
369 4577 436 4650 000.
456 4580 492 4635 Et
502 4579 532 4636 iu
548 4585 636 4651 quota
649 4578 731 4636 Feria
756 4593 786 4635 1x
799 4577 860 4634 Kal.
885 4578 953 4649 000.
1009 4592 1075 4636 000
1095 4578 1232 4637 bissexto.
1255 4580 1363 4637 Deinde
1386 4579 1416 4636 in
1435 4579 1551 4636 dextera
1566 4592 1652 4636 manu
1672 4579 1702 4637 in
1722 4595 1835 4639 summo

128 4666 284 4738 inveneris,
306 4679 334 4722 v.
350 4683 377 4739 g.
398 4667 427 4724 in
440 4669 522 4725 Feria
542 4667 568 4741 1,
587 4667 615 4741 0,
629 4667 655 4740 3,
672 4666 699 4741 1,
712 4666 768 4740 5,6
785 4667 829 4723 rei
843 4662 871 4739 7,
885 4666 956 4738 quia
1010 4668 1134 4726 articulo
1149 4668 1263 4725 minimi
1273 4668 1359 4741 digiti
1373 4668 1450 4725 dicis
1465 4670 1588 4727 secunda
1606 4667 1756 4727 10000000
1771 4671 1837 4728 bis-

128 4754 259 4826 plusnon
268 4760 412 4828 crescunt,
423 4756 507 4813 talem
520 4757 638 4815 babebis
648 4760 875 4829 concurrentem,
887 4756 955 4828 quia
1010 4756 1283 4816 sexto.1nsecundo
1300 4756 1425 4814 articulo
1445 4753 1463 4813 7
1484 4757 1556 4815 10000
1574 4758 1835 4817 cumbissexto.1u

126 4843 217 4900 Fraeci
232 4849 359 4915 epactam
374 4846 455 4918 solis,
474 4847 559 4903 idest
573 4851 776 4904 concurrentes
790 4846 957 4917 septimana
1011 4847 1097 4904 tertio
1107 4846 1231 4902 articulo
1243 4846 1295 4902 boc
1305 4851 1348 4901 est
1358 4846 1389 4902 in
1400 4845 1497 4903 radice
1510 4846 1624 4903 minimi
1636 4848 1724 4920 digiti
1735 4846 1753 4905 5
1763 4848 1836 4907 10010

126 4932 202 5002 dies,
218 4933 268 5003 qui
282 4934 317 4990 de
329 4934 400 4991 00100
414 4951 502 4993 00000
512 4937 690 5008 perveniunt,
707 4951 737 4993 rx
752 4936 813 4992 Kal.
827 4937 895 5008 1100.
911 4948 958 5006 po
1011 4935 1222 4994 cambissexto.
1232 4935 1340 4992 Deinde
1349 4935 1379 4991 in
1388 4935 1484 4992 radice
1495 4936 1610 5006 pollicis
1618 4936 1836 4997 dextraedicis3

127 5025 214 5078 nunt.
225 5022 299 5091 Quia
313 5025 471 5081 secundum
487 5026 671 5084 traditionem
686 5026 792 5083 divinae
804 5027 960 5083 auctorita·
1012 5024 1084 5082 10010
1096 5038 1161 5083 000
1183 5025 1321 5081 bissexto.
1335 5025 1488 5094 Hucusque
1500 5024 1535 5081 de
1549 5029 1799 5088 concurrentibus.

127 5109 179 5181 tis,
197 5109 240 5166 vel
265 5114 356 5170 sancti
378 5115 487 5171 Nicaeui
504 5116 622 5172 concilii
646 5116 741 5173 000000
762 5116 839 5187 coeli,
865 5116 894 5173 iu
914 5121 958 5173 est
1167 5118 1205 5170 De
1217 5115 1362 5186 principiis
1380 5119 1500 5184 quotuor
1518 5120 1678 5188 temporum.

128 5199 219 5256 solem
243 5203 272 5256 et
302 5201 412 5275 lunam,
433 5208 462 5260 et
492 5205 590 5261 stellas
614 5206 644 5262 iu
663 5219 696 5263 00
715 5205 877 5263 dataruma
897 5207 958 5264 Do-
1046 5204 1154 5261 (111.Βί
1185 5206 1230 5262 ris
1261 5204 1346 5275 scire,
1369 5218 1425 5277 qua
1453 5203 1501 5262 die
1535 5208 1701 5278 septimane
1724 5205 1834 5264 intrant

129 5289 211 5346 mino
226 5295 331 5363 creata,
347 5291 391 5348 vel
405 5293 435 5349 in
449 5293 522 5351 coelo
541 5295 634 5366 posita
648 5294 683 5352 ad
697 5293 822 5352 officium
839 5294 957 5352 humani
1013 5304 1138 5370 quatuor
1164 5301 1299 5367 tempora,
1317 5294 1369 5353 boc
1388 5301 1432 5352 est
1445 5309 1502 5365 ver,
1519 5303 1612 5369 astas,
1628 5301 1794 5363 autumnus,
1807 5301 1835 5353 00

129 5379 245 5453 generis
257 5394 320 5438 esse
334 5382 513 5441 adscribunt.
1014 5387 1122 5459 hyems,
1148 5400 1228 5443 sume
1252 5385 1428 5457 principium
1452 5386 1543 5443 01(οΙ.
1560 5384 1638 5453 itali,
1655 5397 1835 5457 quacumque

220 5470 269 5526 nd
281 5474 383 5540 serium
402 5474 610 5531 monstrandum
629 5476 659 5530 in
672 5475 735 5533 1001.
750 5477 866 5532 ianuar.
1012 5476 1089 5534 enim
1114 5473 1186 5531 10010
1207 5472 1316 5531 0000100
1339 5475 1401 5532 Kal.
1431 5473 1510 5544 00010,
1533 5471 1663 5542 sequenti
1678 5471 1726 5527 dle
1740 5473 1835 5544 septi-

167 5559 235 5617 6101.
246 5561 276 5620 Si
288 5562 333 5619 ris
345 5561 507 5623 sciredlem
517 5565 569 5622 Kal
578 5567 694 5624 ianuar.
707 5580 757 5640 per
769 5565 902 5640 singulos
914 5579 965 5627 an·
1009 5579 1100 5635 mana
1125 5566 1236 5623 intrant
1250 5564 1312 5622 Kal.
1335 5565 1418 5637 nug,
1442 5562 1495 5619 boc
1520 5564 1564 5618 est
1588 5559 1764 5632 principium
1779 5577 1837 5620 au-

367 5671 485 5731 000000.
502 5673 631 5733 cxxix.
1693 5666 1730 5728 10
