3876 6090
134 289 189 352 ιιι
468 269 720 357 ἰιιιιιιιιιιιιιιΙ
741 299 1006 359 -tonrvarsrn
1031 301 1531 367 nrotoournonorvomorr.
1790 314 1844 375 soc

135 421 214 478 enim
230 422 370 495 homines,
387 426 559 485 sleutctiam
578 431 832 501 superinsdiotum
844 437 897 498 est,
909 430 1003 490 subn
1018 434 1234 508 contundimus,
1244 439 1379 509 quoniam
1389 444 1525 513 utrasque
1535 446 1652 500 naturas
1661 420 1726 502 cum
1737 446 1843 504 aduna-

136 515 252 580 peccato
269 514 514 583 praevaricationis
529 525 696 575 nascuntur.
714 520 853 576 Dominus
867 523 962 577 autem
1019 522 1096 579 tione
1109 525 1197 583 unius
1212 541 1338 596 personae
1350 528 1458 584 Christi
1473 530 1522 585 Dei
1536 531 1722 589 inenarrabili
1736 548 1842 592 conso-

135 605 233 657 noster
258 602 340 659 tosus
361 603 494 661 Christus
517 606 624 678 absque
640 616 753 678 peccato
778 609 914 676 existens,
935 613 963 666 et
1018 612 1115 668 nantia
1131 615 1308 671 contitemur.
1323 615 1395 685 Quia
1411 619 1488 675 enim
1505 633 1589 675 unam
1602 620 1776 680 voluntatem
1791 623 1843 679 di-

134 689 248 747 nullum
261 693 475 750 secumvitium
491 694 583 753 lerens
607 698 767 769 vetustatis,
793 713 847 755 nou
868 699 961 755 solum
1016 703 1842 779 cnntdivinitatisChristiethumanitatis,etunamsimnl

133 776 248 851 tortior,
262 782 311 838 sod
335 786 364 838 et
377 784 536 854 sapientior
565 790 609 842 est
626 787 761 844 omnibus
783 787 960 861 hominibus,
1016 793 1226 860 operationem:
1243 795 1311 866 quid
1323 796 1414 863 uliud,
1427 796 1483 852 uisi
1494 798 1563 869 qula
1575 802 1604 853 ct
1615 811 1700 855 unam
1711 806 1842 860 naturam

132 870 266 940 quamvis
279 870 425 929 intirmum
442 882 571 932 nostrum
587 883 615 931 et
631 876 751 933 stultum
769 879 830 935 sola
842 880 961 935 miseri·
1014 878 1122 936 Christi
1138 882 1186 937 llei
1209 885 1368 941 secundum
1389 887 1595 956 Eutychinnnm
1611 892 1639 943 et
1660 889 1841 947 severianam

131 959 231 1014 cordia
244 961 391 1031 suscipere
413 963 452 1018 sit
465 963 611 1036 dignatus.
635 966 690 1036 Qui
710 981 776 1023 vero
790 982 824 1025 ιιι
847 971 961 1039 peccato
1015 966 1186 1026 divisionem
1200 973 1312 1042 operari
1336 975 1519 1031 noscuntur?
1533 977 1662 1047 Denique
1687 978 1840 1035 orthodoxi

132 1047 219 1117 primi
236 1048 364 1107 hominis
384 1052 445 1108 nati
457 1058 535 1124 sunt,
557 1053 611 1111 hlii
629 1055 678 1111 irae
696 1069 730 1112 ac
749 1057 928 1115 tenebrarum
943 1071 960 1114 a
1014 1056 1120 1127 Patres,
1131 1060 1180 1129 qui
1195 1061 1223 1116 in
1236 1063 1598 1136 totomuudoclarnerunt,
1612 1066 1689 1122 sicut
1700 1070 1839 1138 utrasque

130 1141 237 1193 sanctu
256 1137 412 1209 Scripturas
432 1142 599 1213 magisterio
622 1144 816 1201 nominantur.
839 1148 876 1202 ht
894 1158 960 1201 vero
1016 1147 1143 1219 naturas,
1159 1149 1197 1204 ita
1211 1154 1239 1205 et
1252 1150 1413 1208 voluntates
1427 1165 1461 1209 ac
1475 1155 1656 1224 operationes
1667 1154 1775 1211 Christi
1792 1155 1840 1213 do

130 1225 275 1299 Christus,
298 1242 363 1285 cunt
383 1229 433 1286 lux
444 1245 510 1288 vera
526 1232 574 1302 sit,
588 1234 718 1291 sedentes
734 1235 764 1290 in
791 1236 918 1292 tenebris
932 1241 961 1293 ιι
1014 1247 1077 1290 ιιιι
1092 1239 1226 1294 concordi
1243 1240 1446 1310 predicatione
1460 1247 1665 1301 monstrantur.

131 1314 232 1372 umbra
252 1318 355 1374 mortis
379 1318 545 1377 illuminare
561 1321 697 1395 dignatus
717 1328 768 1380 est.
788 1323 861 1393 Quid
881 1326 958 1382 enim
1048 1324 1246 1396 Comperimus
1261 1331 1441 1401 auumquod
1453 1332 1551 1388 charta
1564 1334 1693 1404 quedam
1705 1335 1839 1393 mandata

130 1404 229 1462 doceat
246 1407 403 1476 Apostolus
424 1409 554 1467 scribens
568 1411 602 1467 ad
618 1411 766 1483 Ephesios,
783 1414 953 1472 audiamus:
1012 1410 1061 1474 sit,
1077 1414 1107 1469 in
1123 1428 1179 1485 qua
1190 1418 1350 1474 sacerdotes
1364 1418 1546 1476 subscribere
1556 1421 1647 1478 coacti
1658 1426 1727 1478 sunt
1737 1428 1838 1481 contra

129 1494 233 1559 btccs,
256 1495 363 1567 inquit,
376 1513 437 1552 cum
449 1501 552 1554 mortio
565 1503 657 1556 essetis
670 1502 775 1558 delictis
796 1507 821 1557 et
836 1504 957 1573 peccatis
1012 1504 1120 1559 tomum
1133 1503 1221 1561 beatae
1238 1507 1380 1564 memoria
1404 1521 1484 1580 papae
1506 1510 1609 1568 Leoms
1627 1516 1656 1567 et
1674 1512 1834 1570 chalcedo-

128 1586 236 1648 rrrtris,
249 1587 281 1640 in
296 1587 395 1656 quibus
408 1588 560 1658 aliquando
575 1590 722 1647 ambulatis
737 1593 891 1647 secundom
901 1608 956 1648 ιι-
1011 1591 1143 1647 mensium
1154 1596 1313 1664 synodum:
1332 1596 1362 1652 in
1378 1610 1434 1669 qna
1448 1598 1547 1656 charta
1563 1600 1691 1671 quedam
1702 1607 1770 1658 snut
1782 1615 1832 1673 per

129 1674 218 1729 orium
233 1676 333 1731 irrorat:¹
350 1675 445 1746 hujus,
468 1679 616 1733 seeundum
637 1683 791 1752 principem
810 1686 954 1753 potestatis
1010 1680 1164 1737 nouitatem
1178 1684 1347 1756 composita,
1362 1700 1425 1757 qua
1436 1687 1539 1759 dogma
1551 1688 1779 1748 ecclesiasticum
1791 1704 1832 1751 ne·

128 1765 197 1819 ceris
212 1766 340 1835 ιρινιιιιι,
354 1768 403 1837 qui
421 1782 495 1822 nunc
506 1773 635 1838 οριιαιιιν
653 1771 684 1824 in
694 1772 760 1840 filiis
780 1772 952 1842 discidentis,
969 1763 1102 1826 Blutare
1117 1771 1234 1827 omnino
1248 1772 1440 1845 dignoscitur.
1455 1777 1580 1846 lnspiret
1593 1791 1661 1851 ergo
1671 1778 1834 1837 divinacle·

127 1852 154 1906 in
167 1853 272 1922 quibus
287 1857 313 1908 ιι
327 1869 375 1909 nos
387 1854 538 1925 aliquando
550 1859 703 1912 conuocati
714 1873 808 1914 somus
827 1862 856 1914 in
876 1861 954 1916 desi-
1008 1859 1114 1915 mentia
1127 1858 1384 1919 christianissimae
1398 1863 1499 1934 pietati
1515 1870 1625 1939 vestrae,
1642 1870 1670 1923 et
1687 1881 1754 1924 cum
1764 1868 1834 1928 sitis

127 1940 209 1996 dariis
221 1944 325 2006 comis
346 1945 476 2011 rodentes
490 1945 642 2000 noluntates
655 1949 746 2003 cornis
767 1953 792 2003 rt
808 1951 953 2018 coplatio-
1006 1947 1139 2003 custodes
1152 1948 1341 2007 immaculatae
1355 1951 1422 2008 tidel
1439 1958 1553 2026 nostrae,
1567 1968 1616 2011 vos
1635 1956 1670 2012 ad
1686 1970 1830 2027 compun-

125 2045 198 2094 ιιιιιι,
228 2034 255 2086 ιι
279 2047 386 2090 eramus
414 2038 516 2088 notura
544 2031 597 2103 filii
627 2035 685 2100 irs,
717 2039 787 2093 sicat
812 2045 838 2094 ιι
865 2043 953 2096 caeteri
1006 2036 1130 2092 ctionem
1142 2036 1252 2110 incitet,
1269 2054 1327 2111 quo
1338 2055 1396 2112 eos,
1413 2043 1463 2114 qui
1480 2043 1563 2099 noris
1577 2048 1646 2100 sunt
1655 2044 1833 2102 adinventio-

125 2117 232 2190 (Epiros.
247 2134 281 2194 ιι,
294 2117 319 2194 ι,
332 2121 360 2195 2,
378 2121 414 2196 3).
438 2127 509 2183 Ecce
530 2128 592 2186 tscae
611 2132 679 2186 sunt
704 2128 769 2184 (ιρι
790 2129 951 2188 voluntates
1006 2122 1093 2180 nibus
1113 2129 1325 2200 corrumpendi,
1351 2129 1546 2201 imperatoriis
1566 2132 1768 2191 sanctionibus
1787 2146 1831 2191 ar-

127 2209 286 2284 contrariae,
297 2213 403 2270 mentis
413 2214 562 2275 scilicetet
571 2218 678 2289 carnis,
691 2218 795 2290 quaein
806 2218 950 2277 salvatore
1005 2212 1103 2283 tediis,
1128 2221 1155 2271 θῑ
1178 2217 1341 2285 ltaeditlaffl
1365 2217 1587 2291 chartamque
1610 2220 1641 2278 1¹1
1663 2221 1832 2279 wandalum

125 2303 222 2356 nostro
235 2301 330 2358 modis
342 2303 477 2361 omnibus
492 2320 549 2363 non
559 2305 648 2364 tuere.
660 2308 718 2363 Nos
729 2307 781 2363 bas
790 2320 824 2363 ex
836 2312 949 2378 peccato
1005 2306 1138 2373 properat
1150 2303 1227 2374 fidel,
1243 2309 1271 2361 et
1284 2305 1355 2363 locis
1369 2307 1495 2378 publicis
1509 2313 1552 2364 cst
1567 2322 1715 2380 suspensa,
1733 2311 1832 2380 praeci·

125 2390 317 2462 progenitoris
328 2391 406 2464 adm,
420 2394 469 2466 qut
485 2400 513 2451 ei
527 2409 566 2466 se,
588 2401 615 2452 et
629 2409 713 2454 omno
725 2395 882 2453 humanum
897 2411 950 2470 gs.
1005 2389 1094 2460 piatis
1113 2392 1272 2464 depositam
1287 2395 1393 2453 scindi.
1409 2396 1514 2454 Omnes
1534 2398 1610 2454 enlm
1626 2398 1677 2470 qui
1693 2398 1724 2455 in
1742 2398 1831 2456 Occi-

123 2477 949 2558 uusobnoxinmtecit,baberedignoscimur,utuliquando
1003 2479 1168 2538 dentalibus
1181 2482 1313 2554 partibus
1325 2484 1378 2541 hoo
1390 2485 1555 2555 audierunt,
1567 2487 1615 2542 sed
1626 2492 1654 2543 ct
1665 2486 1763 2559 populi
1777 2488 1828 2559 qui

124 2566 240 2638 quidem
255 2569 353 2626 carnis
364 2571 483 2628 aculeus
496 2573 584 2629 menti
597 2573 882 2645 resistereappareat,
897 2573 949 2630 all·
1003 2575 1073 2626 sunt
1095 2572 1180 2643 regite
1192 2578 1293 2629 vestra
1308 2573 1400 2646 urbis,
1422 2575 1537 2648 cognita
1559 2575 1702 2647 praedicte
1723 2575 1830 2633 cbartae

123 2656 949 2726 quandoverovoluntasmentisvoluntaticarniscontra·
1003 2659 1231 2733 concinnatione,
1251 2663 1336 2719 corde
1357 2664 1481 2735 perculsi
1503 2669 1581 2721 sunt.
1600 2665 1663 2723 Erit
1681 2664 1758 2721 euim
1778 2678 1829 2736 per

121 2744 217 2802 dicere
234 2723 364 2821 siagri,
385 2757 418 2807 ut
433 2749 531 2807 taliter
558 2765 623 2808 cum
649 2748 785 2824 apostolo
806 2756 948 2824 gementes
1002 2749 1203 2806 auctoritatem
1227 2757 1349 2808 vestram
1370 2757 1399 2809 et
1418 2754 1605 2824 apostolicam
1624 2752 1827 2824 perfectionem

121 2834 329 2894 contltcamnr:
354 2840 443 2895 Mente
464 2841 574 2910 quiden
596 2842 682 2895 seroie
705 2840 757 2908 tegi
781 2841 839 2902 liei,
867 2855 948 2896 carne
1003 2838 1138 2907 praedicta
1150 2840 1259 2911 charta,
1276 2855 1340 2913 que
1352 2847 1450 2899 contra
1462 2842 1719 2901 Chalcedonensem
1734 2856 1826 2917 syno-

119 2939 177 2978 oero
191 2925 365 2998 lepipeccoli.
382 2929 522 2987 Dominus
532 2937 627 2987 antem
640 2934 737 2987 noster
748 2943 832 2986 unam
849 2929 947 2986 volun·
1001 2926 1070 2983 dum
1080 2931 1124 2983 est
1136 2931 1304 3001 composita,
1320 2945 1396 2988 nune
1410 2938 1439 2988 et
1451 2933 1481 2988 iu
1492 2933 1570 2989 omni
1583 2937 1710 3004 tempore
1719 2933 1823 3004 otiosa,

118 3018 203 3071 tatem
217 3014 409 3076 humanitatis
419 3020 577 3077 naturalem
586 3019 881 3093 suscipercdignatus
890 3024 942 3092 est,
958 3067 983 3132 C
1000 3022 1029 3073 et
1051 3019 1165 3074 cunctis
1190 3020 1348 3078 virtutibus
1380 3021 1472 3078 irrita.
1503 3021 1643 3081 Perlectio
1666 3036 1732 3080 vero
1756 3021 1824 3079 tldei

119 3117 202 3176 quam
238 3106 269 3162 in
300 3109 416 3181 propria
448 3122 533 3166 carne
561 3109 730 3180 potestative
758 3111 790 3166 nt
814 3108 942 3165 omnium
1000 3105 1238 3177 quemadmodum
1261 3123 1352 3180 nsque
1375 3111 1404 3168 in
1421 3125 1545 3182 praesens
1560 3110 1687 3183 refulsit,
1707 3125 1825 3170 oramus

117 3193 256 3252 Mmiuus
281 3196 511 3270 circumferebat,
537 3212 570 3256 eo
597 3198 671 3270 quod
697 3198 793 3255 omnia
817 3198 942 3255 serviant
998 3200 1030 3251 ut
1041 3201 1070 3252 ct
1082 3209 1132 3268 per
1143 3211 1204 3267 vos,
1218 3200 1390 3257 sicutetiam
1401 3215 1451 3272 per
1465 3201 1674 3273 piaememoriae
1687 3201 1824 3259 consuu-

116 3281 185 3340 lico:
212 3284 327 3342 nullum
343 3285 470 3357 protecto
492 3287 657 3346 babensrel
677 3286 797 3343 aderens
816 3299 850 3341 ιιι
866 3300 942 3356 pras-
996 3285 1100 3357 tinum,
1125 3287 1225 3346 divino
1250 3289 1361 3347 auxilio
1392 3291 1421 3347 in
1446 3290 1547 3347 robore
1570 3303 1622 3347 suo
1646 3297 1818 3361 permaneat.

116 3372 291 3432 varicatione
306 3382 464 3450 peccatum,
479 3378 613 3449 quonlam
625 3378 777 3435 solussine
790 3380 941 3448 peccatoet
995 3374 1113 3445 Propter
1125 3378 1211 3446 quod,
1227 3377 1471 3435 Christianissimi
1484 3385 1513 3436 ιι
1526 3379 1634 3435 Christi
1649 3378 1715 3435 hdei
1725 3384 1820 3436 eusto-

115 3464 237 3521 crimiue
253 3466 500 3534 prevaricationis
514 3472 558 3524 est
570 3472 665 3524 natus.
994 3463 1055 3535 des,
1064 3464 1168 3521 donate
1178 3466 1231 3522 boc
1240 3467 1382 3524 munusin
1394 3467 1562 3538 primordiis
1573 3466 1677 3524 vestris
1687 3466 1821 3523 Ecclesiae

147 3552 308 3613 Pmdictus
320 3569 387 3627 crgo
398 3556 529 3614 decessor
542 3570 622 3613 meus
636 3556 742 3612 docens
755 3557 790 3612 de
803 3555 940 3626 mysterio
995 3554 1079 3610 matri
1095 3559 1205 3627 vestrae,
1221 3557 1305 3625 cuius
1317 3559 1388 3614 estis
1400 3562 1464 3630 post
1473 3559 1562 3615 Deum
1575 3555 1773 3627 opitulatores,
1786 3561 1820 3612 ut

114 3641 574 3717 iucarnationiscbristidicebat,
589 3660 644 3703 non
656 3645 747 3702 tuisse
760 3645 791 3702 in
802 3658 846 3715 eo,
862 3644 940 3700 sicut
995 3642 1077 3699 tidem
1092 3642 1194 3715 spousi
1213 3644 1277 3715 ejus
1291 3647 1455 3717 serpentina
1476 3645 1622 3703 calliditas
1640 3658 1697 3702 non
1715 3644 1819 3701 audeat

115 3732 244 3790 innubis
266 3735 474 3807 peccatoribus,
496 3736 640 3793 montisel
662 3735 760 3793 carnis
775 3733 939 3791 contrarias
994 3731 1110 3788 violare.
1119 3734 1215 3790 llocin
1225 3736 1393 3807 primordiis
1403 3734 1710 3793 salutaresacrillcium
1721 3732 1819 3790 allerte

113 3821 284 3882 minumus.
298 3823 379 3893 Quod
395 3825 512 3897 quidam
525 3826 560 3882 ad
575 3825 723 3898 proprium
737 3837 852 3882 sensum
865 3836 939 3879 con·
992 3821 1114 3880 Domino
1124 3823 1182 3881 Deo
1193 3829 1302 3899 nostro,
1313 3833 1342 3883 ιι
1354 3826 1390 3883 ab
1402 3826 1466 3897 ejus
1481 3825 1607 3883 Ecclesia
1622 3824 1718 3881 omnis
1732 3821 1818 3882 novi-
1852 3823 1857 3829 '

112 3915 264 3980 vertentes,
277 3913 441 3971 divinitatis
455 3916 518 3986 elus
529 3920 557 3972 ιι
568 3915 758 3972 humanitatis
771 3925 856 3972 unam
871 3924 937 3967 eum
994 3909 1062 3966 tutis
1076 3911 1208 3970 nebulam
1224 3914 1305 3973 radio
1321 3915 1546 3986 pietatisvestrae
1559 3911 1735 3986 dispergite:
1750 3925 1818 3984 qua·

113 4000 288 4060 rotunuten
302 4003 436 4060 docuisse
456 4005 596 4076 suspicati
618 4004 696 4077 suni,
722 4003 796 4076 quod
821 3999 936 4057 veritati
992 4000 1075 4054 tenus
1087 4001 1227 4059 Dominus
1238 4005 1432 4079 Deusnoster,
1444 4004 1552 4061 vicaria
1566 4015 1629 4075 ope,
1644 4013 1817 4072 omnesquae

112 4091 288 4151 omnimodis
301 4098 344 4148 est
357 4094 545 4151 contrarium.
560 4093 762 4150 Verumtamen
775 4091 887 4160 vellem,
903 4093 936 4146 ut
992 4091 1152 4146 contrarios
1166 4097 1374 4150 suntcouterat
1389 4093 1530 4165 nationes,
1546 4104 1667 4166 quaque
1677 4103 1774 4163 paoem
1788 4094 1817 4146 ιι

113 4177 302 4254 interroganti
315 4183 527 4256 responderent,
539 4183 696 4241 secundum
707 4194 793 4253 qnam
804 4184 936 4236 naturam
993 4177 1242 4252 inexpugnabilem
1255 4183 1343 4239 [tcum
1360 4183 1510 4254 repellunt.
1527 4183 1673 4253 Quatenus
1687 4179 1769 4238 vobis
1783 4192 1816 4236 ea

110 4267 212 4328 dicunt
225 4270 335 4328 Christi
350 4273 401 4329 liei
415 4286 500 4331 unam
518 4271 716 4331 voluntatemt
730 4271 759 4327 Si
777 4271 934 4328 secundum
991 4280 1054 4337 qum
1069 4274 1137 4325 sunt
1149 4270 1200 4326 Dei
1213 4271 1392 4343 curantibus,
1408 4272 1483 4328 Deus
1497 4285 1559 4344 que
1570 4274 1665 4328 vestra
1681 4274 1750 4327 sunt
1762 4267 1816 4325 be-

110 4356 237 4417 diriuam
252 4366 373 4436 tanturn,
387 4364 423 4420 de
438 4364 615 4422 humanitate
627 4363 720 4434 ipsius
734 4361 804 4433 quid
820 4373 936 4431 respon·
992 4355 1390 4433 nignusdignecurperncere.
1400 4361 1600 4433 propterquod
1612 4360 1698 4416 etiam
1710 4358 1815 4415 mentis

110 4447 241 4506 debunt?
252 4452 388 4524 quoniam
400 4459 429 4509 et
441 4452 525 4511 bomo
540 4451 745 4524 perlectnsest,
755 4456 787 4507 ut
800 4464 855 4508 non
867 4462 932 4507 curn
948 4440 977 4503 D
993 4442 1132 4505 inclinato
1145 4456 1285 4522 genutota
1296 4465 1404 4508 mecum
1419 4451 1545 4508 Ecclesia
1560 4449 1713 4523 supplicat,
1733 4451 1767 4504 ut
1777 4447 1814 4504 ab

109 4539 266 4597 lanicbaeo
275 4542 509 4599 condemnentur.
524 4544 611 4599 Porro
622 4541 647 4599 si
663 4541 820 4599 secundum
837 4541 934 4597 huma·
992 4535 1158 4609 integritate
1180 4539 1371 4597 immaculata
1396 4540 1461 4597 hdei
1486 4543 1599 4610 nostrae,
1620 4551 1705 4610 quam
1720 4536 1812 4614 sancti

110 4629 351 4688 nitatemchristi
375 4632 513 4705 dixerint,
536 4633 612 4705 quod
628 4631 687 4688 baec
708 4630 841 4689 voluntas
859 4631 934 4685 Deus
989 4626 1112 4697 apostoli
1140 4627 1224 4684 nobis
1251 4628 1442 4701 tradiderunt,
1465 4634 1495 4686 et
1515 4625 1692 4685 sanctissimi
1716 4626 1813 4702 Patres

110 4725 183 4778 csset
196 4719 352 4792 perlectus,
374 4720 525 4779 observent
537 4735 572 4777 ne
584 4720 658 4777 lortc
679 4733 744 4777 cum
768 4719 891 4775 Photiuo
905 4724 934 4775 ct
987 4715 1131 4772 doctrinis
1144 4717 1384 4775 luculentissimis
1396 4719 1609 4792 consignavere,
1625 4713 1814 4773 novaconln·

109 4807 216 4867 Ebione
227 4809 405 4881 judicentur.
425 4809 486 4867 iam
507 4810 612 4867 verosi
633 4823 666 4865 ex
689 4814 810 4880 utraque
829 4813 932 4864 natura
988 4805 1082 4862 sionis
1092 4805 1236 4862 turbinem
1245 4820 1373 4864 amovere
1386 4808 1531 4881 dignetur.
1542 4807 1688 4878 Quatenus
1698 4804 1775 4862 Dcus
1784 4809 1813 4863 et

110 4900 379 4958 unamvoluntatem
390 4899 598 4971 essedixorint,
615 4912 670 4955 non
682 4898 774 4956 solum
787 4896 932 4954 naturales
986 4896 1126 4953 Dominus
1141 4899 1247 4969 noster,
1261 4897 1346 4966 cujus
1361 4897 1429 4954 tides
1444 4897 1625 4954 immaculata
1635 4893 1812 4967 custoditur,

109 4989 279 5061 voluntates,
291 4991 339 5047 sed
355 4997 384 5047 et
395 4991 474 5062 ipsas
488 4996 606 5046 naturas
617 4987 814 5058 confundent,
832 4991 864 5044 ut
880 4999 931 5042 nec
987 4985 1201 5043 misericordias
1211 4998 1278 5042 suas
1293 4985 1394 5042 merito
1409 4985 1490 5042 vobis
1501 4991 1530 5041 et
1543 4985 1744 5056 copiosissime
1758 4983 1812 5040 lar·

109 5077 169 5151 hoc,
181 5095 234 5137 nec
244 5080 330 5152 illud,
343 5081 371 5137 id
384 5087 427 5137 est
436 5079 570 5137 divinaet
583 5078 716 5150 bumana,
729 5077 855 5151 intelligi
870 5092 932 5149 pos·
986 5078 1092 5150 giatur,
1108 5075 1158 5147 qui
1170 5079 1213 5130 est
1222 5074 1402 5145 omnipotens
1414 5074 1592 5133 etliominus
1605 5075 1807 5147 sempiternus.

109 5170 153 5229 sit
161 5170 332 5229 sicutenim
343 5174 480 5241 utrasque
491 5168 646 5225 naturasin
656 5167 831 5224 adunatione
842 5167 931 5226 unius
985 5167 1100 5223 Creator
1114 5164 1243 5222 omnium
1258 5164 1293 5220 ad
1306 5169 1429 5222 vestrum
1444 5163 1565 5238 benigne
1576 5164 1713 5236 respiciat
1724 5163 1810 5234 impe-

108 5257 224 5332 Christi,
241 5263 276 5316 ut
288 5257 566 5328 impiusNestorius,
578 5271 634 5314 non
648 5256 931 5328 patimur3itadide
986 5258 1073 5322 rium,
1100 5261 1129 5312 et
1150 5260 1257 5329 gentes,
1282 5270 1346 5327 qum
1371 5255 1401 5310 in
1431 5268 1483 5312 sna
1508 5254 1622 5313 lenitate
1649 5252 1806 5324 mandunt,

111 5349 227 5406 rentiam
238 5353 409 5405 naturarum
421 5347 536 5419 penitus
547 5360 603 5404 non
615 5359 762 5419 negamus,
774 5347 822 5404 sed
839 5360 930 5419 neque
986 5343 1203 5417 inexpugnabili
1219 5359 1271 5401 suo
1290 5351 1436 5415 potentatu
1450 5349 1619 5417 prosternat.

773 5631 1148 5685 W*-
