3876 6090
60 235 116 298 709
424 238 698 296 terebrabantur
714 241 797 296 llls'l.
819 240 983 297 trebellii..
1005 243 1049 297 SS.
1072 244 1137 298 llll.
1158 248 1237 303 Cl'lll
1255 248 1298 304 ET
1317 250 1413 306 ltlhs'.
1721 252 1776 313 ild

63 365 156 438 Cyrus
170 379 237 421 eum
257 366 374 431 loanne,
392 364 490 421 urbem
507 365 655 436 ingressus
677 371 761 420 estet
786 363 893 434 praedi-
907 365 937 422 Λ
987 362 1027 420 ll.
1040 368 1141 438 Cyrum
1158 376 1251 426 autem
1268 377 1295 426 et
1309 374 1441 428 loannem
1468 382 1605 446 martyres
1620 380 1775 448 suppliciis

65 462 125 511 ctas
139 455 175 511 ad
200 468 305 525 agones
327 453 480 523 deliniens,
498 468 584 524 super
595 459 724 510 naturam
740 454 831 508 erexit
845 471 852 521 ς
865 457 893 507 ct

68 546 207 599 tormenta
229 542 372 611 intrepide
391 542 499 607 subire,
519 547 633 612 propter
654 543 772 597 multam
784 539 892 597 Christi

68 630 573 702 sponsorisdilectionem,admodum
582 632 735 700 persuasit,
748 631 893 689 castitatis

68 721 106 777 eis
125 734 249 777 coronas
263 720 362 792 gaudii
378 719 535 790 ascribens,
551 726 579 776 el
607 720 715 776 laetitiae
737 721 891 776 terminum

68 821 118 866 uon
132 809 280 866 habentes.

95 895 124 953 9.
148 899 203 955 Sed
220 896 321 954 infelix
336 898 483 969 inimicus,
510 899 612 955 iterum
630 903 785 968 pertruccs
800 898 892 952 mini-

59 992 233 1059 strossuos,
246 986 412 1044 manifestos
421 986 490 1042 facit
502 994 616 1044 sanctos
626 987 678 1043 hos
689 987 826 1058 principi,
837 987 892 1043 ob-

51 1076 246 1132 tenebrantes
256 1080 377 1132 mentem
395 1076 499 1147 ipsius,
513 1081 541 1131 et
552 1082 737 1148 suggerentes
748 1077 823 1146 quod
833 1077 890 1132 duo

46 1164 195 1236 quidam,
220 1166 377 1221 monachus
398 1164 512 1221 scilicet
525 1170 553 1220 et
568 1165 660 1235 miles,
683 1165 809 1237 virgines
832 1162 889 1220 sibi

39 1252 174 1309 oblatas
186 1253 362 1324 seducentes
375 1253 436 1310 diis
449 1252 549 1310 offerre
564 1253 689 1309 debitam
705 1268 760 1309 non
778 1253 891 1323 perlut-

33 1347 155 1398 terent
167 1343 344 1413 servitutem,
356 1348 384 1399 et
399 1342 576 1413 tyrannidem
599 1356 681 1414 agere
696 1349 793 1398 contra
803 1343 892 1397 Casa·

35 1446 120 1488 rem
140 1431 305 1503 suaderent,
326 1431 444 1486 minimo
463 1437 595 1502 parentes
611 1432 760 1501 preceptis
775 1432 847 1500 ejus,
862 1434 890 1485 et

23 1519 156 1576 Jesum
169 1519 298 1576 dicentes
315 1533 406 1591 regern
420 1525 567 1576 eternum.
583 1520 823 1590 Syrianusautem
841 1518 889 1574 hic

950 453 1052 509 iterum
1071 456 1268 530 submittebat,
1281 466 1309 514 et
1322 460 1425 515 iterum
1447 462 1619 535 solvebatur,
1634 478 1710 521 more
1723 468 1774 523 flu·

947 551 1045 600 ctuum
1059 547 1093 600 ad
1106 547 1215 617 lapides
1230 548 1382 604 illisorum.
1392 550 1460 605 Cum
1481 556 1576 606 autem
1588 558 1701 608 san-tos
1717 568 1773 610 non

948 632 1109 703 blanditiis,
1126 649 1180 691 non
1197 637 1340 706 precibus.
1354 652 1409 693 uon
1421 639 1549 710 monitis,
1567 654 1622 696 non
1633 640 1774 698 bonsrrum

948 724 1182 792 protensionibus
1204 727 1404 798 maximorum,
1422 733 1454 784 ut
1468 729 1638 802 estimabat,
1649 744 1705 789 non
1720 731 1775 787 fla-

946 811 1025 882 gelli,
1052 826 1107 868 non
1132 814 1194 884 pice
1210 814 1340 881 feruenti,
1368 832 1423 873 non
1447 832 1522 889 aqua
1549 818 1685 888 bullcnte,
1716 834 1773 876 non

947 900 1020 972 igne,
1038 915 1092 958 nou
1112 905 1202 959 cortis
1226 906 1416 963 membrorum
1433 908 1548 978 organis
1565 908 1708 964 inflectere
1719 921 1773 964 va-

946 988 1057 1062 luisset,
1072 990 1218 1065 fatigatus,
1239 999 1266 1050 et
1286 994 1332 1051 bis
1356 1010 1469 1067 qnoque
1484 996 1653 1052 sententiam
1669 996 1774 1053 intulit

945 1077 1060 1133 dicens:
1078 1079 1181 1150 Cyrum
1199 1081 1383 1140 Galilaeorum
1399 1090 1561 1156 patronum,
1578 1092 1606 1142 et
1618 1092 1773 1144 consenta-

947 1179 1029 1220 neum
1043 1168 1106 1237 ejus
1120 1169 1264 1242 loannem,
1280 1172 1480 1229 sanctionibus
1494 1174 1698 1245 imperatorum
1714 1189 1772 1232 non

945 1255 1168 1330 acquiescentes,
1193 1265 1221 1314 ct
1238 1261 1377 1317 maximos
1401 1262 1469 1318 deos
1490 1262 1582 1319 colere
1605 1264 1771 1321 nullatenus

946 1350 1143 1417 proponentes,
1160 1348 1277 1416 capitali
1301 1350 1541 1408 animadversioni
1558 1351 1768 1409 submittimus.

944 1432 978 1485 Et
992 1431 1043 1488 hoc
1056 1434 1178 1506 decreto,
1203 1436 1430 1507 incorruptionis
1458 1440 1613 1497 induerunt
1633 1452 1769 1498 coronant

946 1519 1038 1588 pridie
1051 1522 1191 1580 Kalendas
1207 1525 1395 1593 Feltruarias3
1416 1528 1531 1598 quando
1548 1528 1631 1584 fldem
1648 1538 1769 1587 semn-

28 1608 208 1665 dirinitus
218 1606 417 1663 fulminandus
426 1622 538 1678 praeses,
555 1608 691 1665 dentibus
705 1606 886 1667 frendensrad
944 1614 1123 1674 assemsum
1135 1613 1339 1669 sanctibonum
1353 1623 1631 1687 consummaverunt,
1641 1617 1769 1689 virgines

28 1711 90 1753 ea
106 1712 173 1768 quae
183 1696 260 1753 dicta
274 1703 352 1767 sunt,
366 1696 470 1753 arlduci
482 1698 567 1753 etiam
583 1697 661 1766 ipsos
674 1696 808 1767 precepit
823 1702 888 1751 aule
904 1681 930 1740 Β
943 1696 1077 1753 videlicet
1088 1698 1196 1755 Christi
1208 1715 1320 1771 sponsa
1341 1707 1400 1759 tres
1415 1704 1585 1775 Theoctiste,
1613 1705 1768 1765 Theodoto.

30 1786 202 1857 tribunal,
218 1793 247 1842 ct
270 1786 347 1842 dixit
361 1787 394 1841 ad
414 1800 479 1842 eos:
507 1785 530 1841 Ο
557 1786 665 1854 miseri,
692 1793 720 1842 et
739 1785 886 1841 beatorum

36 1874 177 1931 inimici
186 1875 313 1944 deorum,
325 1878 470 1946 morteque
478 1875 656 1947 dignissimi,
667 1875 888 1946 quarevirgines

38 1978 159 2035 parere
171 1963 292 2020 Caesaris
305 1978 360 2019 non
373 1964 525 2020 dinrittitis
539 1964 739 2020 sanctionibus
753 1964 767 2018 ‘l
784 1963 827 2017 hu
842 1977 888 2033 po-

41 2053 120 2108 tius
135 2053 306 2109 decrevistis
318 2067 366 2109 eas
381 2053 521 2109 resultare
533 2054 547 2106 ‘l
560 2054 638 2109 uelut
652 2053 738 2108 etiam
748 2066 798 2108 ros
810 2052 888 2121 ipsos

47 2141 111 2212 «qui
131 2140 278 2197 manifesti
304 2141 416 2211 tyranni
433 2142 623 2197 homanorum
639 2141 820 2210 imperatoris
831 2139 887 2194 exi-

50 2230 150 2297 stitis,
164 2243 216 2299 pro
228 2228 417 2286 abominabili
429 2228 566 2299 profectio
578 2230 808 2285 Christianorum
824 2228 888 2283 reli·

55 2318 146 2390 gione
157 2323 327 2390 pugnantes.
344 2319 643 2389 igiturpoenitentiam
658 2322 783 2389 agentes,
799 2316 887 2373 maxi-

54 2421 121 2462 mos
146 2406 280 2462 dominos
296 2413 409 2463 nostros
426 2407 506 2462 vobis
532 2407 662 2462 exbibete
690 2407 841 2477 propitios,
857 2414 886 2463 et

58 2495 184 2550 honores
200 2494 236 2551 ab
252 2494 421 2565 impemtore
436 2509 491 2551 non
507 2495 720 2566 qualescunque
741 2496 886 2566 percipie-

60 2585 108 2640 tis.
126 2584 174 2641 llli
190 2585 225 2641 ad
249 2598 313 2641 eum
337 2585 553 2656 respondentes:
567 2587 623 2640 Nos
639 2585 817 2656 inquinato
839 2587 885 2657 Sy·

60 2674 149 2743 riane,
160 2674 570 2730 bonoresinhonorabilesnon
579 2673 769 2746 admittimus,
780 2679 885 2744 tempo·

60 2762 131 2818 ralia
154 2762 232 2817 enim
257 2767 409 2832 suntque
432 2762 576 2832 ridentur,
607 2775 698 2832 neque
721 2762 882 2818 darnonum

59 2851 226 2908 simulacris
235 2855 347 2907 cultum
358 2852 408 2922 qui
423 2852 510 2906 Deum
526 2851 618 2907 solum
629 2853 709 2906 decet
720 2850 882 2923 oderimus,

60 2943 105 2998 sed
122 2955 176 2997 nec
198 2940 404 3013 abnegabimus
415 2954 490 3011 eum,
512 2941 561 3010 qui
587 2941 682 2996 onuria
704 2939 781 3010 fecit,
798 2955 882 3011 quem

943 1786 1083 1857 Eudoxio,
1107 1795 1135 1843 et
1157 1804 1220 1859 quae
1246 1790 1297 1847 bas
1322 1793 1494 1862 germinavit
1517 1807 1550 1849 ae
1574 1794 1620 1864 pie
1644 1794 1769 1852 nutriuit

942 1874 1117 1947 Athanasio,
1142 1878 1198 1934 fleo
1221 1880 1307 1935 etiam
1323 1880 1458 1937 amabilis
1474 1883 1564 1952 Cyrus
1578 1882 1666 1938 abbas
1680 1888 1767 1954 atque

941 1964 1061 2020 loarnnes
1077 1967 1170 2037 miles,
1187 1969 1236 2037 qul
1254 1969 1342 2024 unius
1355 1984 1420 2024 cum
1441 1970 1552 2026 colidei
1569 1977 1597 2026 et
1615 1971 1690 2042 aequi
1706 1974 1768 2026 erat

943 2052 1071 2110 honoris.
1088 2056 1121 2109 Et
1136 2062 1248 2111 sancms
1259 2057 1373 2127 quidem
1386 2063 1444 2114 tros
1456 2058 1585 2130 virgines
1599 2059 1633 2114 ad
1645 2059 1768 2115 orienta-

943 2140 996 2196 lem
1013 2151 1119 2211 parteru
1131 2143 1230 2214 templi
1241 2145 1331 2200 sancti
1346 2146 1433 2202 llarci
1450 2153 1616 2218 posuerunt,
1627 2146 1764 2217 templum
1808 2141 1809 2145 ’

941 2230 984 2285 eis
993 2231 1158 2288 dedicantes
1167 2234 1318 2301 decorum3
1331 2234 1435 2305 Cyrum
1445 2240 1540 2291 autem
1551 2235 1765 2306 dulciloquum,

941 2323 969 2373 et
979 2320 1114 2376 loannem
1126 2322 1190 2392 Cyri
1207 2328 1422 2394 commartyrem
1438 2322 1587 2394 intemplo
1605 2323 1726 2394 apostoli
1737 2326 1767 2380 et

940 2408 1120 2479 evangeliste
1132 2410 1219 2465 blarci
1230 2411 1422 2467 condiderunt
1435 2426 1464 2467 rn
1480 2426 1536 2468 una
1548 2412 1640 2467 theca.
1762 2468 1765 2473 .

976 2494 1017 2551 la.
1045 2499 1214 2556 Procedente
1237 2513 1303 2556 vero
1331 2505 1456 2571 tempore
1483 2514 1539 2556 non
1567 2514 1666 2572 parco,
1697 2514 1763 2557 cum

939 2585 1082 2656 depositio
1096 2602 1210 2660 pagane
1229 2587 1333 2644 fuisset
1343 2588 1440 2644 effecta
1454 2589 1626 2660 tyrannidis,
1638 2594 1666 2644 et
1676 2589 1767 2645 Chri-

939 2675 1026 2730 stiani
1055 2681 1166 2746 sceptra
1193 2677 1383 2734 homanorum
1404 2677 1599 2748 principatus
1627 2682 1764 2747 tenerent,

938 2764 1116 2820 Theodosius
1144 2766 1233 2836 llay'or
1267 2767 1420 2836 imperium
1441 2766 1579 2838 obtinuit,
1603 2766 1653 2836 qui
1681 2764 1765 2821 fldem

938 2851 1074 2919 operibus
1088 2853 1248 2921 adornavit,
1259 2860 1381 2924 etopera
1395 2853 1449 2910 fide
1459 2853 1671 2924 condecoravit,
1688 2853 1766 2910 sicut

937 2940 1023 2995 etiam
1039 2940 1108 2996 libri
1130 2942 1389 2999 ecclesiasticorum
1412 2948 1554 2999 testantur
1569 2943 1763 3015 historiogra-

60 3044 152 3101 regem
164 3037 303 3086 aeteruum
320 3030 464 3086 habentes.
478 3029 648 3085 donationes
657 3029 692 3083 ab
709 3029 772 3099 ipso
790 3016 922 3099 repro-C
939 3027 1071 3098 phorum,
1098 3034 1126 3084 et
1150 3029 1219 3099 ipsae
1243 3044 1357 3100 quoque
1372 3045 1417 3087 res
1439 3031 1574 3087 omnibus
1599 3031 1760 3087 clamitant.

62 3119 163 3175 missas
173 3125 301 3175 tenemus
318 3119 460 3188 meliores,
471 3122 499 3173 et
513 3118 547 3173 ad
565 3118 647 3173 briem
663 3131 719 3172 uon
736 3117 885 3187 aspicien-

60 3213 110 3279 tes,
135 3208 252 3265 coronis
265 3208 426 3264 aedeficiis
443 3206 654 3263 immortalibus
668 3206 774 3276 plenas.

94 3295 137 3352 ld.
153 3296 196 3352 hd
213 3311 284 3367 quos
308 3296 497 3369 ingemiscens
521 3295 670 3365 syrianus,
697 3301 725 3350 et
747 3293 883 3350 dentibus

59 3383 202 3454 frendens,
214 3385 299 3457 dixit,
311 3386 362 3441 bos
374 3385 474 3456 ignitis
484 3383 634 3440 obtutibus
651 3385 660 3439 i
684 3391 767 3439 tuens
778 3402 784 3436 :
797 3383 882 3453 Opor-

60 3473 134 3530 tebat
155 3474 271 3545 quidem
293 3489 342 3530 vos
362 3473 566 3529 misericordiae
581 3473 797 3543 acquiescentes
809 3471 883 3540 legis

58 3560 165 3619 lucrari
180 3563 300 3620 salutem
313 3583 321 3634 ¹,
334 3562 400 3634 quia
415 3575 481 3617 vero
491 3560 576 3631 typho
590 3560 771 3630 detinemini,
790 3559 883 3632 plagis

58 3665 105 3707 ros
119 3652 228 3707 cedere
246 3651 427 3721 imperatoris
443 3649 682 3719 preceptionibus
696 3649 880 3718 persuadebo.

56 3739 88 3794 Et
104 3739 152 3794 his
173 3740 272 3809 dictis,
287 3740 414 3811 virgines
437 3740 470 3794 ad
485 3738 677 3809 spectaculum
701 3751 797 3793 eorum
820 3752 882 3807 rquae

56 3828 230 3899 gerebantur
241 3829 375 3884 assistere
391 3828 468 3898 fecit,
489 3832 517 3883 et
543 3840 653 3883 omnem
676 3832 881 3882 tormentorum

55 3917 164 3972 sanctis
175 3916 297 3986 speciem
313 3916 423 3972 intulit.
437 3917 506 3972 Cum
517 3921 611 3970 autom
626 3914 785 3986 flagrishos
795 3914 883 3969 caari-

55 4007 157 4069 disset,
174 4013 203 4061 et
214 4005 303 4061 clavis
319 4006 441 4077 igneque
459 4005 672 4071 inflammasset,
684 4010 770 4074 atque
784 4017 818 4058 ex
829 4003 883 4059 sal-

54 4095 158 4166 sugine
171 4093 295 4149 membra
313 4108 376 4164 quae
401 4093 573 4149 inflammata
587 4091 700 4148 fucrant
715 4091 879 4159 infudisset,

52 4183 185 4239 cilicinis
200 4183 304 4252 pannis
318 4181 476 4237 confricare
489 4182 638 4251 praecepit,
652 4179 714 4250 pice
740 4193 805 4235 vero
821 4178 882 4234 bul·

52 4270 143 4326 liente
156 4272 241 4340 pedes
251 4270 387 4341 implerit,
402 4270 537 4340 omnique
546 4270 650 4339 specie,
661 4269 811 4325 utdictum
825 4274 878 4339 est,

938 3117 1030 3185 lluy'us
1053 3121 1081 3172 et
1096 3132 1147 3173 nos
1173 3132 1286 3188 quoque
1303 3118 1390 3174 unius
1410 3119 1528 3174 virtutis
1550 3118 1714 3174 memoriam
1728 3117 1763 3173 ad

938 3205 1128 3260 ostensionem
1142 3218 1239 3260 eorum
1250 3220 1313 3275 quae
1323 3205 1401 3260 dicta
1412 3214 1480 3262 sunt
1493 3205 1641 3261 faciemus.
1654 3205 1763 3260 Bellum

938 3291 1262 3363 quippeadyersuscum
1271 3306 1305 3347 cx
1317 3292 1545 3349 occidentalibus
1554 3299 1660 3350 motum
1673 3291 1764 3349 fuisse

938 3380 1070 3451 partibus
1092 3381 1176 3435 aiunt
1192 3393 1226 3435 ex
1246 3381 1367 3451 quadam
1381 3381 1534 3436 concordia
1551 3379 1762 3451 insurgentium

938 3469 1399 3541 nationumgentibusmistarum,
1410 3474 1438 3524 et
1449 3467 1675 3538 precedentibus
1685 3482 1762 3524 com·

938 3557 1098 3629 misianum,
1115 3558 1284 3614 torrentium
1302 3557 1509 3614 morciuricem
1520 3556 1717 3628 influentium,
1733 3563 1762 3613 ct

938 3660 1014 3702 mare
1030 3646 1217 3703 multitudine
1230 3660 1370 3718 aquarum
1385 3645 1579 3713 efficientium,
1601 3645 1644 3703 rel
1671 3646 1762 3703 instar
1784 3654 1788 3671 ¹

938 3734 1123 3807 locustarum,
1139 3740 1225 3807 atque
1237 3749 1329 3791 arene
1345 3749 1494 3792 numerum
1514 3749 1570 3791 non
1583 3735 1759 3792 habentium.

938 3825 1039 3879 l‘erum
1056 3825 1122 3896 pius
1138 3825 1213 3880 inter
1228 3824 1287 3881 hec
1303 3824 1482 3881 Theodosius
1497 3825 1613 3880 hicnon
1634 3825 1669 3880 ad
1679 3824 1763 3881 'alia-

937 3926 1000 3967 rum
1016 3913 1143 3982 gentium
1159 3914 1352 3982 patrocinium
1362 3913 1449 3983 uenit,
1463 3920 1514 3968 aut
1524 3913 1693 3985 legationem
1711 3913 1762 3969 mi·
1784 3920 1787 3927 '

937 4000 985 4065 sit,
999 4006 1049 4056 aut
1065 4008 1145 4071 pacm
1161 4002 1324 4071 spopondit,
1345 4002 1442 4073 qualia
1457 4002 1520 4057 fleri
1533 4001 1568 4057 ab
1580 4001 1717 4058 invalidis
1731 4002 1761 4057 ln

935 4087 1177 4144 commotionibus
1193 4087 1332 4145 bellorum
1344 4094 1495 4151 amantur,-
1511 4088 1559 4145 sed
1575 4089 1688 4145 sicutei
1702 4103 1758 4145 mo

936 4178 978 4233 ris
992 4182 1063 4248 erat,
1077 4178 1111 4232 ad
1128 4179 1217 4232 Deum
1232 4177 1371 4247 cucurrit,
1396 4182 1425 4232 et
1440 4177 1521 4232 fidem
1546 4178 1759 4234 auxiliatricem

934 4265 1070 4335 arripuit.

52 4364 262 4416 tormentorum
278 4359 394 4427 abusus,
410 4358 586 4414 robustiores
603 4363 740 4427 martyres
752 4329 920 4426 aspicie·D
971 4352 1012 4409 la.
1029 4354 1098 4411 Cum
1110 4355 1186 4409 enim
1201 4353 1352 4410 didicisset
1367 4354 1396 4409 in
1411 4354 1501 4425 Scete,
1513 4367 1576 4423 quae
1588 4358 1631 4409 est
1645 4368 1759 4411 eremus

50 4446 111 4513 bat,
127 4454 156 4502 et
181 4447 264 4518 quasi
292 4448 322 4502 in
346 4447 451 4502 alicnis
467 4447 524 4517 pati
550 4445 729 4515 corporibus,
752 4444 879 4500 validius

50 4536 293 4606 contradicentes,
308 4551 340 4591 ac
356 4537 462 4593 mullos
474 4536 617 4592 attrahere
632 4535 667 4591 ad
685 4535 877 4591 imitationem

49 4625 130 4680 etad
144 4625 227 4681 fldem
247 4626 396 4689 adducere,
419 4626 488 4681 dum
502 4624 664 4681 constantia
688 4624 877 4694 perseveranti

50 4715 229 4770 resisterent.
259 4718 300 4771 Ex
324 4719 366 4770 tot
388 4714 464 4770 enim
494 4713 645 4769 tolerantia
672 4713 829 4784 plagarum,
846 4725 879 4768 ac

50 4801 878 4875 martyrumstuemoestltaahilaritate,multituturerite

51 4894 171 4964 premia
191 4893 419 4963 incorruptionis
441 4891 682 4964 imaginabantur.
698 4893 797 4961 ltaque
811 4905 876 4946 cum

48 4982 190 5040 removeri
203 4982 339 5052 jussisset
356 4986 501 5053 martyres,
516 4980 642 5053 virgines
657 4980 824 5036 uerberibus
836 4978 872 5035 ef·

48 5070 129 5140 fecit,
145 5084 279 5127 unacum
293 5069 478 5126 Deoamabili
495 5073 593 5124 matre.
615 5069 650 5123 ur
668 5074 763 5125 autem
778 5072 877 5124 contra

49 5158 187 5215 stimulos
207 5158 370 5228 calcitrans,
387 5163 415 5214 ct
437 5156 472 5212 ab
485 5157 532 5213 his
547 5171 659 5227 quoque
670 5156 875 5226 supcmbatur;

48 5246 165 5303 fuerant
175 5247 252 5302 enim
264 5261 313 5317 per
324 5252 461 5317 martyres
484 5244 664 5315 confortate,
680 5251 822 5314 postremo
836 5245 878 5300 in-

48 5334 121 5391 felix
131 5336 301 5392 sententiam
316 5333 516 5406 promulgavit,
528 5337 556 5389 et
570 5333 779 5402 capitaChristi
793 5346 876 5404 spon·

48 5437 147 5479 sarum
162 5438 296 5481 unacum
311 5423 450 5495 genitrice
464 5422 574 5478 abscidi
594 5422 748 5478 mandarit.

86 5513 149 5567 ’lta
164 5513 271 5583 codex,
288 5511 465 5582 referturque
480 5511 514 5566 ad
529 5510 729 5581 Theophilum.

935 4457 1019 4513 penes
1031 4443 1179 4514 AEgyptum
1207 4444 1246 4498 ita
1258 4443 1391 4510 vocitata,
1408 4443 1501 4498 virum
1519 4454 1620 4513 genere
1641 4443 1757 4512 quidem
1784 4450 1789 4457 '

932 4533 1105 4605 AEgyptium,
1127 4531 1235 4587 virtute
1258 4537 1353 4587 autem
1377 4532 1454 4588 omni
1474 4532 1533 4611 ilco
1558 4530 1661 4601 placita
1676 4543 1760 4587 com-
1785 4540 1789 4545 ·

934 4627 1012 4691 ptum
1037 4622 1146 4692 degere,
1173 4621 1223 4690 qui
1248 4621 1376 4676 divinam
1400 4621 1522 4693 gratiam
1549 4619 1711 4689 meruisset,
1729 4624 1758 4676 et
1785 4618 1788 4623 '

934 4708 1122 4765 maximorum
1158 4715 1290 4777 operator
1317 4709 1523 4764 miraculorum
1551 4707 1696 4780 existeret,
1720 4708 1755 4764 ad

931 4795 1755 4866 Theophilumcontinuoscribit3bicenimChristiorilia

935 4885 1074 4942 moderari
1097 4884 1234 4955 peridem
1260 4890 1372 4955 tempus
1386 4887 1609 4958 agnoscebatur3
1627 4891 1659 4943 ut
1681 4900 1757 4956 prte-

932 4975 1028 5032 dictus
1054 4973 1196 5029 mirabilis
1219 4973 1264 5030 vir
1286 4974 1321 5029 ad
1350 4987 1380 5028 se
1409 4973 1580 5046 mitteretur,
1609 4981 1754 5048 rogantem

932 5063 1069 5120 auxiliari
1085 5061 1153 5131 sibi,
1170 5060 1432 5131 supplicationibus
1445 5060 1480 5115 ad
1492 5064 1580 5118 ileum
1595 5061 1707 5136 effusis,
1723 5064 1753 5120 in

933 5152 1032 5223 prelio
1048 5159 1122 5208 recte
1140 5150 1264 5207 credenti
1281 5162 1300 5205 ⁸.
1317 5151 1357 5206 hd
1368 5165 1451 5221 quem
1461 5166 1580 5209 currens
1590 5152 1751 5223 episcopus,

931 5248 959 5299 et
973 5256 1087 5299 causam
1100 5241 1257 5308 edicturus,
1271 5241 1400 5296 ascendit
1412 5242 1446 5296 ad
1463 5255 1539 5314 eum,
1556 5247 1583 5297 et
1595 5243 1752 5298 admonens

932 5332 1111 5402 implorabat.
1128 5331 1240 5386 littero
1254 5330 1429 5401 senuphius,
1447 5330 1500 5387 boc
1510 5332 1586 5387 enim
1598 5335 1658 5385 erat
1671 5328 1752 5384 beato

930 5423 993 5478 uiro
1005 5435 1116 5492 nomen,
1132 5420 1280 5492 indulgere
1290 5419 1346 5475 sibi
1360 5434 1502 5477 summum
1514 5419 1688 5475 sacerdotem
1704 5428 1752 5483 op-
