3876 6090
228 218 242 247 Ρ

226 217 258 276 ni
814 222 992 281 nxasnnsn
1017 221 1289 280 nlnnlonnitnnn
1845 210 1883 269 52
1914 292 1920 301 ⁵

227 350 294 402 sunt
308 342 470 416 frequenter
485 345 620 402 incursus
630 344 826 419 barbarorum,
838 349 1026 419 etrapiuntur
1039 350 1069 411 A
1082 346 1260 421 cunque,sed
1269 342 1520 415 cumsympbonia,
1536 345 1564 395 et
1576 338 1680 410 epulis,
1694 341 1721 392 et
1733 338 1887 394 vestitusa

228 433 367 506 homines,
377 432 573 504 quilocisillis
583 434 790 505 inhabitant,et
801 436 890 508 gladii
903 436 1029 494 efficiun-

149 564 156 575 .
228 529 276 579 tur
295 522 495 592 impendium?
515 523 567 579 Sed
593 538 655 594 quae
679 525 712 579 ad
735 538 767 580 eo
789 525 1029 582 sustinuittantae

229 610 427 667 multitudinis
437 617 514 680 sunt,
523 611 889 669 ntdinumerareinvanum
900 613 1028 671 laborare

230 700 287 757 sit:
314 701 501 770 nequeenim
520 715 611 757 sermo
633 701 737 757 valebit
760 701 817 758 baec
839 717 980 758 enarrare.
995 705 1030 758 Et

233 795 311 859 tunc,
326 789 433 859 queml
447 789 649 859 imperatorum
664 790 766 862 filium,
781 796 809 846 et
823 792 1028 862 imperatorum

230 882 385 948 nepotemr,
398 878 447 949 qui
459 879 615 951 angelicam
627 880 713 935 vitam
721 881 848 953 subiens,
863 881 963 937 babitu
975 895 1030 936 mo

232 967 348 1022 nasticae
360 968 587 1024 conversationis
598 969 718 1025 indutus
728 975 780 1041 est,
796 971 846 1041 qui
862 972 918 1026 beo
932 970 1031 1039 placa-

234 1055 313 1128 bilis,
327 1061 355 1110 et
367 1056 477 1128 angelis
490 1058 669 1128 reverendus,
684 1062 769 1129 atque
785 1058 964 1114 daemonibus
977 1071 1031 1113 mc

233 1143 505 1213 tuendusapparuit.
514 1146 554 1199 Ex
567 1144 623 1212 bis,
632 1145 890 1217 qnotexiguitatem
905 1151 1030 1201 nostram

232 1230 614 1292 severitatibussubmiserit,
630 1232 683 1288 etsi
695 1232 852 1289 diecrenon
868 1247 1030 1303 possumus,

233 1330 283 1371 ros
295 1317 467 1389 colligereae
482 1332 564 1374 nosse
577 1319 693 1374 valetis:
717 1319 741 1375 si
757 1320 947 1376 euimtalibus
958 1333 1034 1376 sum-

235 1404 290 1459 mis
301 1404 506 1476 sacerdotibus,
519 1405 630 1461 seilicet
643 1421 720 1477 papae
731 1407 858 1479 Nicolao,
875 1412 903 1462 et
915 1407 1035 1463 sanctis-

236 1493 309 1549 simo
322 1493 492 1563 patriarcnae
504 1495 631 1567 ignatio,
653 1496 723 1551 talia
736 1501 870 1566 operatus
882 1501 934 1567 est,
949 1489 1033 1552 nobis

235 1583 1032 1655 utiquebumilibusmentismunditiaqnaliafeceritnon

1084 427 1891 508 propriopalre,pristinumindumentumetprimamsto-

1083 517 1677 595 lamrecepitlbucxrrrr):uldaretformam
1692 515 1890 586 temperantiae

1083 629 1115 670 ac
1124 613 1329 670 moderationis
1340 609 1476 667 faciendae
1484 624 1518 663 su
1524 621 1572 676 per
1582 621 1643 677 nos,
1652 605 1701 675 qui
1715 604 1890 679 recidimus,

1083 708 1110 758 et
1124 703 1307 772 publicanum
1323 699 1506 755 humiliatum
1523 693 1697 765 justificavit
1709 691 1773 764 (Luc
1789 692 1891 765 x11),et

1083 791 1242 847 meretricis
1254 790 1392 859 lacrymas
1401 781 1698 856 suscepitlbuexxnr),
1707 787 1793 853 atque
1803 781 1891 837 latro-

1085 880 1131 936 nis
1142 877 1349 935 confessionem
1363 875 1526 943 admittens,
1543 872 1619 928 bunc
1631 871 1694 941 ipso
1706 871 1753 926 die
1767 871 1797 925 in
1810 882 1891 939 para·

1083 968 1179 1024 disum
1193 964 1354 1022 introduxit
1367 962 1473 1034 (Metel.
1487 961 1544 1036 xx).
1555 962 1611 1017 llos
1621 973 1687 1015 vero
1700 959 1750 1029 qui
1763 959 1793 1014 in
1804 959 1891 1013 vinea

1086 1057 1196 1128 pondus
1208 1052 1363 1111 totiusdiei
1372 1049 1675 1119 sustinuerunt,etqui
1684 1062 1739 1104 una
1753 1047 1893 1102 baratan-

1086 1143 1232 1201 iummodo
1248 1144 1504 1212 perseveraverunt,
1519 1140 1552 1193 ut
1564 1136 1656 1193 media
1675 1140 1890 1206 praetereamus,

1087 1234 1148 1303 pari
1161 1232 1228 1288 fecit
1238 1230 1342 1302 dignos
1353 1223 1620 1298 mercede(Lccvn);
1630 1223 1754 1280 aeeicui
1767 1222 1893 1278 multum

1086 1321 1215 1391 debebat,
1227 1322 1255 1374 et
1267 1318 1313 1374 cui
1331 1331 1430 1388 pauca,
1447 1328 1572 1385 exaequo
1585 1314 1711 1382 donavit,
1728 1317 1759 1368 ut
1776 1311 1811 1367 ael
1828 1324 1895 1366 ma-

1084 1409 1349 1496 joremdignitatem
1361 1405 1526 1470 attraheret,
1538 1400 1779 1474 quibusmultum
1796 1399 1894 1455 dimi-

1088 1501 1211 1556 sitdum
1220 1493 1476 1567 bujnsmodispein
1489 1491 1771 1559 bumilitateanimae,
1783 1493 1811 1544 et
1819 1502 1896 1545 con-

1087 1589 1205 1645 tritione
1218 1585 1323 1653 cordis,
1337 1584 1370 1640 ad
1385 1583 1564 1639 sanctitatem
1577 1584 1699 1635 vestram
1714 1577 1894 1647 accedentes,

237 1671 387 1743 ignoratis.
399 1672 1034 1744 lluitienimcxnobiscumintidelibusgenti·
1048 1683 1073 1743 Β
1090 1679 1165 1734 bunc
1178 1673 1397 1732 robislibellum
1408 1671 1549 1739 dedimus,
1562 1683 1617 1725 non
1630 1669 1659 1723 in
1671 1668 1758 1724 labiis
1767 1668 1894 1734 dolosis,

237 1759 334 1815 busin
350 1761 481 1829 praetorio
495 1761 623 1817 mulctati
638 1767 715 1833 sunt,
727 1760 855 1832 fameque
866 1775 898 1816 ac
911 1763 972 1833 siti,
984 1776 1034 1818 seu
1091 1780 1181 1837 neque
1193 1764 1298 1820 indole
1309 1762 1422 1817 mentis.
1436 1763 1496 1829 lpse
1505 1761 1581 1814 Deus
1591 1758 1673 1814 testis
1681 1762 1733 1827 est,
1744 1757 1794 1828 qui
1805 1758 1896 1814 etiam

236 1850 348 1904 caeteris
361 1849 488 1906 miseriis
499 1850 608 1921 aflicti,
620 1852 654 1906 ad
666 1852 818 1907 secandum
833 1865 972 1907 marmora
986 1864 1036 1921 pro
1091 1856 1175 1912 vades
1184 1859 1227 1910 est
1238 1858 1345 1909 noster:
1355 1850 1401 1905 sed
1414 1864 1447 1904 ex
1458 1847 1624 1903 sinceritate
1634 1860 1666 1902 ac
1678 1846 1821 1902 munditia
1835 1860 1899 1916 spe

238 1937 327 2010 lignis
339 1938 715 1996 damnatisunt:aliiautem
728 1954 827 2012 proeo,
836 1945 867 1997 ut
877 1954 941 1996 cnm
950 1940 1039 2012 lignis
1093 1950 1187 2001 rantes
1199 1937 1472 1997 inmiserationeiiei
1483 1935 1586 2005 nostri,
1597 1934 1896 2005 quibominemamat,

239 2025 403 2096 ferirentur,
412 2028 511 2098 spatha
520 2029 760 2097 percutiebantur,
774 2029 812 2083 iis
821 2030 871 2098 qui
887 2027 1037 2099 feriebant,
1094 2038 1122 2088 et
1136 2029 1356 2086 intercessiones
1369 2031 1472 2082 sancta
1483 2038 1515 2079 ac
1527 2024 1700 2079 intemerate
1712 2023 1761 2078 Dei
1778 2023 1901 2094 genitri-

240 2128 296 2170 non
310 2120 342 2171 ut
355 2117 523 2189 sacerdotes,
542 2131 632 2187 neque
645 2118 813 2173 utbomines
825 2131 937 2173 carnem
952 2115 1041 2172 feren·
1095 2119 1248 2188 cisllariae,
1263 2120 1460 2172 etsanctorum
1473 2111 1679 2183 apostolorum,
1692 2116 1719 2167 et
1733 2111 1899 2167 beatissimi

240 2207 292 2274 tes,
307 2206 354 2261 sed
367 2211 399 2261 ut
410 2206 567 2262 inanimata
579 2220 698 2276 corpora
716 2207 952 2276 percutientibus.
965 2205 1039 2262 illud
1095 2222 1127 2264 ac
1141 2205 1315 2263 sanctissimi
1331 2218 1409 2275 papae
1423 2201 1534 2260 Nicolai
1547 2197 1561 2239 b
1575 2249 1582 2271 ,
1599 2212 1684 2274 atque
1697 2202 1787 2259 sancti
1803 2200 1899 2271 patris

242 2306 318 2365 xero,
341 2295 416 2364 quod
440 2294 568 2350 calcibus
592 2295 808 2365 submittebant,
822 2301 849 2351 et
871 2295 939 2351 buic
953 2310 1041 2366 poenae
1096 2296 1187 2354 nostri
1199 2301 1226 2351 et
1237 2294 1340 2350 summi
1354 2295 1631 2367 sacerdotislgnatii,
1644 2297 1799 2362 vestraeque
1811 2289 1901 2344 beati·

242 2382 379 2452 subjectis
391 2384 500 2439 viscera
515 2383 681 2455 evellebant,
693 2389 725 2439 ut
739 2385 797 2439 leve
810 2389 982 2441 tormentum
996 2385 1043 2441 ba·
1096 2384 1209 2442 tudinis
1223 2383 1376 2454 orationes,
1392 2396 1442 2438 nec
1455 2397 1511 2439 non
1524 2390 1552 2440 et
1564 2382 1812 2440 sanctissimorum
1824 2379 1902 2433 rica-

241 2471 354 2527 bebant.
364 2473 391 2527 ld
407 2471 1040 2543 preterea,quomonilibusferreisanieiebat,
1096 2474 1206 2528 riorum
1219 2470 1355 2537 Orientis,
1378 2471 1435 2538 jam
1459 2485 1513 2527 non
1528 2471 1624 2527 taliter
1637 2485 1688 2526 nos
1701 2480 1898 2538 expavescere,

243 2564 270 2615 et
277 2559 646 2630 catenisrinciebat,fennm
655 2566 718 2632 post
730 2561 939 2617 multosdiesin
949 2574 1041 2617 escam
1097 2562 1144 2618 sed
1159 2574 1272 2615 manum
1286 2558 1459 2628 accipientes
1473 2560 1592 2631 auchie,
1608 2573 1670 2631 qum
1681 2572 1733 2612 nos
1745 2554 1899 2626 confortet,

247 2649 383 2717 prabens.
401 2649 606 2705 humanitatem
620 2649 737 2704 multam
755 2663 817 2705 esse
830 2650 956 2720 putabat.
969 2648 1044 2717 Quot
1097 2656 1125 2707 et
1139 2651 1168 2705 in
1183 2648 1354 2706 rectitudine
1368 2651 1493 2719 statuat,
1507 2654 1536 2704 et
1549 2654 1687 2720 quantumi
1702 2661 1735 2701 ex
1749 2643 1900 2716 proposito

246 2743 339 2794 autem
355 2738 384 2793 in
396 2738 554 2793 tenebrosis
567 2744 594 2793 et
607 2738 707 2794 umbra
720 2739 830 2809 mortis,
846 2739 874 2793 in
893 2736 1044 2794 foetoribus
1100 2740 1235 2811 usquead
1248 2739 1415 2809 sanguinem
1425 2739 1570 2794 decertare
1582 2739 1611 2792 in
1622 2734 1826 2791 ecclesiasticis
1836 2747 1904 2789 cau-

249 2825 608 2897 mortiferisinclndebant,
619 2827 888 2899 nectegebant,cum
903 2825 1045 2882 facerentl
1100 2831 1150 2898 sis,
1166 2834 1197 2884 ut
1209 2834 1237 2885 et
1249 2829 1399 2898 culparum
1410 2841 1483 2898 quas
1496 2824 1626 2895 fecimus,
1639 2840 1672 2881 ex
1685 2825 1737 2880 bae
1750 2821 1904 2878 eorrectio

246 2916 293 2970 sed
307 2915 459 2986 plorantes,
471 2919 498 2970 et
508 2915 712 2971 cachinnantes
723 2929 823 2987 magna
834 2929 908 2985 voce,
922 2915 1047 2971 nescien-
1101 2933 1145 2988 ne,
1161 2920 1189 2973 in
1203 2915 1398 2973 satisfactione
1408 2916 1571 2987 cordislnl,
1585 2921 1613 2970 et
1625 2912 1820 2970 satisfactione
1833 2925 1905 2966 cor-

247 3003 327 3059 tibus
339 3018 403 3059 cum
417 3002 530 3060 feritate
541 3009 626 3075 atque
636 3005 775 3074 jactantia
791 3005 990 3077 loquebantur,
1006 3003 1047 3059 lu·
1061 3039 1086 3101 C
1099 3009 1156 3080 dis)
1177 3005 1386 3077 indulgentiam
1409 3005 1619 3075 percipiamus.
1644 3008 1671 3058 et
1699 3017 1755 3059 non
1778 3001 1905 3058 ulterius

246 3092 354 3147 dentes.
369 3094 404 3146 Et
417 3092 508 3164 rogati
527 3097 559 3149 ut
571 3092 679 3149 talibus
694 3092 921 3150 misericordiam
936 3092 1048 3163 praebe·
1101 3097 1211 3166 Pbotio,
1228 3108 1299 3149 urana
1320 3093 1442 3163 sapienti
1465 3093 1507 3149 vel
1523 3092 1723 3149 consentaneis
1745 3091 1817 3160 ejus,
1832 3090 1904 3145 dum

249 3184 321 3251 rent,
339 3181 430 3252 magis
446 3180 638 3250 insaniebant,
655 3195 688 3237 ac
702 3183 831 3238 deterius
843 3181 1045 3238 causabantur.
1102 3184 1310 3257 permanserint
1322 3183 1349 3238 id
1363 3183 1557 3238 exsecratione
1568 3197 1629 3255 sua,
1642 3186 1670 3237 et
1683 3185 1787 3237 sancta
1798 3178 1848 3233 [lei
1861 3191 1907 3233 ca-

247 3270 329 3327 nlios
340 3270 426 3326 ctiam
440 3271 469 3326 in
482 3271 676 3327 extremitates
688 3271 777 3340 orbis,
791 3278 819 3327 et
832 3273 862 3327 in
877 3272 1049 3344 alienigena·
1101 3274 1215 3330 tboliem
1224 3271 1584 3343 Ecclesiaedissonarerint,
1596 3269 1844 3338 concordabimus,
1854 3280 1907 3322 nec

249 3373 312 3414 rum
325 3359 386 3415 loca
399 3357 467 3415 fecit
479 3360 620 3415 exsiliari.
634 3361 685 3416 llis
695 3362 896 3418 atrocitatibus
909 3359 1047 3418 submissi
1102 3363 1210 3420 erroris
1220 3364 1282 3431 ejus
1292 3367 1320 3416 et
1332 3359 1510 3415 seductionis
1520 3359 1684 3415 turbulenta
1695 3359 1800 3412 fluenta
1811 3363 1909 3427 gusta·

249 3462 312 3519 nos,
325 3454 352 3504 et
368 3448 396 3504 in
411 3463 552 3504 summum
567 3450 739 3505 sacerdotem
760 3456 899 3520 nostrum,
913 3451 984 3506 etin
999 3463 1048 3505 eos
1103 3453 1207 3508 bimus.
1222 3453 1292 3505 Ecce
1302 3449 1377 3504 enim
1391 3462 1432 3518 ea,
1445 3462 1508 3519 qnae
1518 3448 1553 3503 ab
1566 3448 1627 3517 ipso
1639 3446 1776 3516 bibimus,
1788 3452 1816 3500 et
1829 3459 1911 3500 ama·

248 3537 299 3609 qui
321 3551 384 3593 cum
408 3538 460 3593 illo
482 3537 707 3607 perseverabant,
722 3539 817 3606 pejora
831 3538 917 3594 biset
930 3539 1048 3596 saniora
1103 3555 1166 3596 rum
1182 3545 1209 3593 et
1229 3537 1370 3610 dolosum,
1396 3552 1428 3594 ac
1440 3536 1557 3592 exitiale
1568 3536 1701 3606 poculum
1723 3542 1905 3606 exspuentes,

247 3623 1049 3696 committividentes,aiilictietfatigatisumus,xidelicet
1104 3632 1214 3684 nosmet
1226 3641 1260 3682 en
1275 3627 1347 3682 bane
1360 3629 1486 3682 sanctam
1500 3625 1638 3697 synodum
1652 3625 1830 3694 projicimus,
1845 3638 1909 3693 pro

248 3719 305 3770 tam
324 3714 353 3769 in
376 3712 444 3768 aliis
466 3712 527 3767 fieri
540 3711 790 3779 naecaspiciemes.
806 3726 889 3781 quam
907 3714 962 3783 ipsi
980 3715 1050 3772 talia
1105 3716 1313 3772 titentesetiam
1327 3720 1494 3785 accepturos
1507 3728 1559 3772 nos
1573 3728 1634 3770 esse
1656 3714 1804 3770 libentera
1828 3726 1910 3768 sanc·

249 3802 406 3873 patientes,
417 3800 538 3870 ideoque
548 3799 679 3854 deterriti
692 3799 1049 3860 incidimusseductionem
1105 3805 1219 3861 tissime
1237 3818 1348 3860 summo
1361 3805 1506 3860 sacerdote
1522 3807 1619 3860 nostro
1632 3803 1795 3873 epitimium
1808 3801 1910 3856 defini·

250 3896 278 3946 et
296 3901 420 3945 errorem
442 3891 528 3958 atque
539 3887 596 3941 vim
615 3887 815 3957 sanissimam,
839 3894 866 3945 et
882 3904 937 3947 non
951 3897 1050 3963 sponte
1106 3895 1214 3951 tum.Si
1225 3899 1318 3950 autem
1333 3892 1732 3963 postnamerectionem,qne
1745 3892 1772 3946 in
1785 3891 1910 3945 nossine

252 3976 448 4047 fecimusque
469 3976 564 4031 dicere
585 3976 753 4032 confitentes
770 3977 983 4035 confundimur.
997 3981 1050 4037 Sed
1097 3983 1267 4054 ealliditate
1276 3985 1360 4051 atque
1370 3979 1670 4036 conturbationefaeta
1678 3985 1730 4049 est,
1743 3994 1794 4035 nos
1804 3979 1911 4034 callide

251 4066 347 4123 omnia
369 4065 428 4121 baec
450 4063 523 4120 facta
545 4069 612 4120 sunt
626 4065 655 4120 in
672 4079 732 4136 nos,
752 4067 919 4123 necessitate
932 4070 965 4124 ad
979 4084 1012 4125 eo
1024 4075 1052 4127 et
1106 4086 1189 4144 agere
1208 4076 1306 4126 contra
1320 4070 1473 4125 Ecclesiam
1487 4070 1537 4125 Dei
1552 4070 1580 4124 in
1596 4070 1694 4138 aliquo
1711 4068 1908 4138 voluerimus,

252 4155 280 4211 vi
295 4169 350 4211 non
363 4158 500 4219 cessante,
514 4154 716 4225 voluntateque
729 4161 826 4211 nostra
839 4170 868 4212 se
878 4157 957 4213 nullo
969 4160 1052 4215 modo
1107 4161 1146 4216 sit
1160 4159 1242 4215 nobis
1254 4159 1395 4228 depositio
1408 4172 1424 4213 a
1441 4158 1656 4229 l‘atre,etFilio,
1671 4157 1816 4226 etSpirilu
1832 4170 1913 4212 sanc-

253 4245 328 4302 flecti
341 4243 553 4301 consentiente:
569 4244 703 4314 lacrymis
713 4245 789 4299 enim
801 4250 828 4300 et
841 4247 996 4318 gemitibus
1010 4262 1053 4318 pe-
1108 4256 1146 4317 to,
1161 4252 1189 4304 et
1202 4248 1280 4304 nulla
1302 4248 1336 4303 ad
1351 4247 1521 4303 erectionem
1536 4247 1660 4302 ulterius
1682 4246 1833 4301 revocatio.
1852 4247 1913 4301 bo-

207 4397 211 4408 ,
254 4335 334 4390 nitus
347 4333 525 4404 replebamur
537 4337 564 4388 et
573 4332 719 4405 facientes,
733 4339 761 4389 et
772 4341 921 4405 postquam
933 4335 1052 4393 facieba·
1064 4341 1094 4401 D
1108 4343 1192 4394 natus
1205 4337 1405 4392 sanctissimus
1418 4337 1570 4407 episcopus
1582 4335 1679 4404 Ostiae,
1696 4341 1723 4389 et
1737 4334 1909 4406 Stephanus,

254 4437 326 4478 mus.
338 4422 390 4478 Sed
403 4427 446 4478 est
457 4421 540 4478 nobis
551 4435 615 4491 spes
627 4421 730 4477 salutis
741 4436 796 4477 non
807 4436 841 4478 ex
851 4424 987 4493 operibns
997 4439 1053 4480 no-

254 4512 334 4581 stris,
349 4526 439 4581 neque
450 4525 485 4566 ex
495 4511 610 4580 jnstitia
625 4523 707 4582 quam
722 4508 842 4567 fecimus
865 4526 955 4583 neque
975 4515 1052 4570 enim

253 4597 386 4656 fecimus:
397 4600 544 4655 licetenim
553 4599 788 4670 restiterimus,et
797 4600 914 4657 multam
927 4603 982 4657 rim
995 4618 1054 4672 per·

255 4689 340 4759 pessi,
359 4689 514 4760 multisque
527 4689 677 4746 tormentis
688 4688 798 4746 subacti
812 4690 956 4762 simus,·in
971 4692 1053 4748 funem

257 4778 386 4834 tamenin
398 4777 524 4833 miseriis
535 4791 590 4833 non
603 4777 796 4833 substitimus.
808 4780 858 4835 Est
868 4793 935 4852 erqo
945 4795 1011 4851 spes
1020 4794 1055 4837 ex

257 4880 300 4933 eo,
308 4866 495 4936 quorosestis
507 4867 666 4922 imitatores
676 4866 736 4933 liei,
744 4871 772 4920 et
782 4867 831 4937 qni
843 4882 893 4924 vos
904 4870 1055 4942 miserunt,

258 4961 344 5025 atque
358 4954 493 5012 domiuus
506 4960 534 5012 ct
549 4968 679 5011 summus
705 4956 836 5011 sacerdos
851 4960 947 5013 noster
965 4958 1056 5015 simili

258 5043 1058 5115 modo.Etenimetbeusluxuriosumliliumproptereain

234 5180 239 5185 .
261 5131 607 5204 paradigmaposuitqui,
622 5131 1061 5211 omnivicasuamaleeonsump

262 5221 464 5292 ta,veniensad
473 5224 570 5291 patron
579 5227 832 5306 suum,susceptus
841 5226 892 5292 est,
904 5227 932 5279 et
943 5235 998 5281 non
1009 5228 1061 5284 ut—

297 5365 449 5435 ·lqnatius
468 5365 543 5419 enim
560 5364 639 5419 illius
661 5363 841 5433 imperatoris
862 5363 1021 5436 biicbaells,
1034 5371 1064 5424 ct

264 5451 352 5506 narres
363 5437 546 5507 imperaturis
557 5435 710 5504 Nicepbnri
726 5435 790 5490 luit.

303 5511 316 5548 ¹³
328 5515 399 5569 Nota
407 5509 481 5581 quod
490 5522 543 5563 non
552 5507 643 5564 solum
652 5507 870 5567 intercessiones
879 5505 929 5564 bei
940 5506 1066 5569 GenItri.

1107 4425 1307 4482 sanctissimus
1319 4425 1471 4494 episcopus
1483 4427 1577 4495 Nepae,
1588 4428 1616 4479 et
1629 4424 1758 4479 clarinus
1773 4424 1830 4477 Deo
1843 4423 1914 4478 ami-

1107 4515 1243 4571 cissimus
1260 4513 1399 4571 diaconus
1410 4518 1514 4571 sancta
1524 4514 1715 4569 Romanorum
1729 4511 1861 4567 Ecclesiae
1874 4512 1914 4567 vi-

1108 4602 1833 4674 eariillomaniinterrogaveruntepiscopos:Cujus
1841 4601 1915 4657 estis

1108 4689 1913 4763 consecratio?Episcopidixerunt:Diximusquiabeati

1110 4782 1246 4839 bletbodii
1259 4786 1287 4837 et
1299 4782 1474 4838 sanctissimi
1489 4781 1602 4854 ignatii.
1615 4780 1795 4836 sanctissimi
1810 4779 1914 4835 vicarii

1111 4871 1229 4926 llomani
1243 4871 1380 4927 dixerunt
1395 4890 1401 4926 :
1425 4871 1606 4940 suscipimus
1618 4884 1668 4924 ros
1686 4870 1917 4938 seeundumprae-

1113 4960 1270 5030 ceptionem
1284 4960 1462 5015 sanctissimi
1474 4973 1552 5029 papae
1565 4958 1655 5014 nostri
1665 4958 1784 5014 Adriani
1800 4961 1917 5028 praepter

1113 5045 1918 5119 confessionemlibellipoeuitentimrcstrar.Reverendis·

1114 5137 1181 5193 simi
1202 5135 1328 5206 episcopi
1342 5135 1496 5193 eliserunt:
1522 5137 1557 5192 Et
1570 5151 1622 5192 nos
1639 5137 1791 5192 adoramus
1814 5149 1873 5206 vos,
1888 5140 1918 5190 et

1115 5225 1291 5296 suscipimus
1303 5239 1353 5281 vos
1362 5225 1485 5296 judicos,
1499 5229 1527 5280 et
1541 5225 1686 5296 judicium
1709 5229 1834 5280 restrum
1848 5230 1918 5280 tan-

1118 5367 1161 5424 els
1175 5372 1202 5423 et
1214 5367 1417 5441 apostolorum,
1432 5381 1529 5425 verum
1542 5367 1628 5427 etlam
1639 5367 1816 5422 sanctissimi
1829 5381 1919 5442 quon·

1119 5441 1182 5495 darn
1200 5453 1277 5510 palm
1291 5439 1401 5495 Nicolai
1418 5455 1448 5496 se
1461 5454 1575 5509 sperare
1592 5437 1743 5494 fateantur.
