3876 6090
124 223 196 286 4343
804 233 905 292 LIBER
924 232 970 292 DE
986 229 1157 295 corleum.
1751 242 1822 307 tati

120 351 191 408 anni
204 347 250 408 49.
266 350 309 408 Ab
322 351 410 412 initio
423 352 524 412 mnndi
539 355 678 429 usquead
692 368 812 431 regnam
822 357 950 417 ibaodo·
962 363 988 424 Α
1001 361 1029 415 44
1042 358 1072 415 44
1085 357 1189 416 diebus
1198 358 1385 431 4444444444
1399 363 1427 418 44
1437 360 1468 418 44
1487 375 1545 434 qao
1559 361 1657 421 annot
1669 364 1698 420 et
1719 360 1750 419 44
1763 373 1822 434 quo

122 440 178 497 rici
193 444 263 499 sunt
279 443 348 499 anni
366 441 459 512 5,660.
1001 447 1149 517 tempore‘l
1160 447 1190 504 Si
1202 447 1231 504 in
1242 446 1291 504 444
1304 447 1399 504 annii
1413 448 1443 505 in
1456 450 1559 507 444444
1570 456 1597 508 et
1614 452 1713 522 inqua
1729 448 1821 508 444444

119 532 159 585 De
185 546 297 587 4444444
327 548 462 588 annnam
483 534 519 590 ab
545 536 650 604 4444444
679 536 778 593 mundi
800 552 886 609 44444
910 537 949 594 ad
1003 535 1221 608 interrogamus.
1239 539 1269 593 in
1282 537 1456 608 aequinoctio
1470 541 1646 597 antemetin
1659 538 1822 596 dieDoml·

388 622 537 679 adventurn
556 625 677 680 Domini.
1002 624 1078 696 nico,
1094 626 1167 682 etin
1182 626 1416 683 ccmrnunianno
1435 628 1570 699 secundo,
1586 634 1614 685 et
1638 629 1668 686 in
1683 626 1820 702 ogdoade,

156 709 282 766 LXXIX.
299 707 375 767 4444
391 725 458 784 ergo
473 719 541 770 sant
555 713 591 770 ab
603 715 717 787 origine
735 715 836 773 mundi
855 728 947 788 usqua
1000 714 1073 771 etin
1098 714 1190 785 prima
1203 715 1273 772 bora
1287 722 1402 772 oreatus
1415 722 1466 787 est,
1489 722 1518 773 et
1531 715 1561 772 in
1577 724 1718 775 momento
1742 716 1820 774 oculi

119 797 156 854 ad
182 798 366 855 Nativitatem
389 800 510 869 christi,
541 803 620 859 sicut
647 803 676 860 in
703 804 805 862 Oresio
828 803 944 877 legitur,
1000 803 1584 862 omniasimulcreatasuntaDeo.batim
1601 804 1824 877 namqueequi·

118 883 212 956 44499.
238 887 311 944 44444
333 888 394 959 ipse
412 889 490 947 dixit
515 890 551 947 ab
573 891 642 949 orbe
665 892 781 951 condito
804 892 944 965 usquead
1001 892 1193 949 noctinmvnr
1209 892 1270 948 Kal.
1286 892 1355 963 444.
1369 891 1822 966 444444444444,444444444444
1873 944 1876 950 .

119 972 221 1031 Urbem
243 975 389 1033 conditam
403 978 472 1034 anni
495 984 565 1036 sunt
589 976 681 1051 4484.
696 981 740 1039 nb
755 981 826 1039 urbe
848 986 944 1038 autem
1000 982 1128 1053 synodus
1140 982 1258 1039 minime
1271 983 1403 1054 permisit
1418 988 1534 1055 propter
1547 982 1725 1056 ilios3dies,
1737 983 1766 1041 id
1778 987 1823 1040 est

118 1062 236 1119 condita
248 1077 341 1134 usqae
355 1064 390 1122 44
404 1066 588 1125 Nativitatem
598 1069 709 1126 Cbristi
719 1071 787 1128 anni
799 1067 943 1128 4444745.
999 1067 1142 1135 54444444,
1170 1070 1285 1141 quando
1299 1071 1439 1129 Dominus
1463 1078 1559 1129 noster
1583 1073 1666 1130 lesus
1689 1071 1823 1130 Christus

117 1152 302 1235 colliguntur
317 1168 384 1227 ergo
405 1157 474 1213 anni
489 1157 526 1214 ab
548 1159 662 1232 origine
686 1161 786 1217 mundi
803 1173 895 1232 usque
908 1160 958 1218 ad.
1001 1162 1160 1229 tentusest,
1172 1165 1200 1214 et
1219 1164 1325 1216 sextam
1340 1158 1440 1217 ieriam
1463 1161 1577 1232 quando
1598 1160 1756 1218 crucifixus
1767 1166 1821 1233 est,

116 1240 271 1299 adventum
281 1244 397 1301 Domini
409 1247 500 1303 nostri
512 1248 579 1305 lesu
588 1247 697 1306 Christi
707 1247 799 1316 anda.
999 1247 1188 1318 4444444444
1211 1246 1324 1315 444444,
1347 1250 1461 1320 quando
1489 1250 1518 1306 in
1543 1249 1675 1321 sepulcro
1699 1250 1820 1322 quievit,

172 1334 211 1387 De
227 1334 309 1388 annis
327 1334 362 1388 ab
375 1337 480 1404 origine
497 1338 605 1402 mandi,
624 1339 666 1394 nei
683 1341 888 1395 incarnatione.
999 1350 1072 1407 quos
1085 1335 1162 1393 44444
1178 1336 1305 1394 limitum
1320 1338 1406 1395 etiam
1423 1343 1502 1397 44444
1512 1339 1822 1410 minimeabjleiendoa

154 1421 269 1478 LXXX.
294 1422 336 1479 444
359 1425 559 1484 incarnatione
586 1432 682 1484 autem
706 1429 821 1487 Domini
851 1428 943 1486 nostri
1000 1426 1121 1496 putavit,
1136 1430 1164 1483 et
1178 1425 1280 1483 ideoin
1294 1427 1356 1497 ipso
1367 1428 1753 1486 sanctoconciliostatntum
1765 1431 1819 1500 eat,

115 1509 184 1567 iesu
197 1510 307 1568 Cbristi
324 1526 416 1584 usqne
429 1515 474 1571 ad.
488 1521 655 1585 presentem
679 1530 797 1589 annum,
821 1518 898 1575 sicut
913 1517 944 1573 in
999 1517 1031 1570 ut
1043 1513 1250 1584 aequinoctium
1265 1515 1301 1572 ab
1312 1528 1341 1571 44
1355 1516 1417 1572 Kal.
1433 1516 1501 1588 444.
1521 1521 1712 1588 computetur.

115 1599 254 1657 omnibus
268 1601 367 1674 444444,
384 1603 434 1673 qui
450 1609 525 1660 44444
539 1605 642 1677 scripti
657 1612 736 1678 sunt,
752 1606 874 1663 4444444
893 1619 943 1677 444
1097 1644 1099 1649 -
1174 1606 1302 1659 44444444
1314 1605 1349 1659 40
1363 1606 1552 1662 incarnatione
1570 1607 1676 1662 mandi.

115 1694 285 1761 argumenta
307 1693 480 1764 ostenditur,
502 1695 572 1751 4444
598 1698 667 1751 4444
686 1692 749 1751 784.
775 1696 828 1752 Sed
849 1691 982 1753 tarnenB
1033 1691 1184 1748 LXXXlll.
1199 1692 1229 1748 Si
1246 1692 1289 1749 vis
1302 1693 1377 1750 scire
1392 1699 1500 1766 quotus
1512 1695 1552 1751 sit
1565 1707 1660 1751 annus
1671 1693 1707 1750 ab
1720 1694 1821 1752 incar-

115 1779 274 1834 secundum
293 1777 390 1835 lunam
412 1782 499 1851 coepit
519 1795 613 1838 annus
627 1780 663 1839 99
681 1796 697 1838 4
722 1797 770 1839 444
795 1783 858 1839 Kal.
873 1784 939 1840 biai.
998 1778 1114 1836 natione
1141 1781 1253 1852 mnndi,
1278 1779 1474 1853 4444444694
1493 1779 1604 1855 44445,
1630 1782 1704 1840 dunt
1726 1781 1818 1855 5,865.

114 1865 317 1924 simulantem
332 1869 401 1924 anni
419 1875 486 1926 sant
500 1870 536 1927 ab
550 1872 664 1944 origine
681 1871 781 1928 mnndi
806 1886 896 1943 usque
912 1872 942 1928 in
997 1867 1168 1939 llissemper
1182 1870 1254 1926 adde
1268 1867 1304 1926 33
1320 1870 1477 1942 regulares,
1491 1869 1667 1941 dunt5,903.
1684 1872 1735 1929 isti
1751 1876 1821 1931 sunt

115 1960 284 2026 presentem
295 1970 401 2014 annum
416 1956 508 2027 5,989.
524 1960 556 2016 111
566 1959 714 2017 chronicis
727 1959 842 2032 iegitur.
865 1960 942 2018 4444
994 1957 1065 2012 4444
1079 1956 1115 2013 ab
1129 1957 1215 2014 initio
1232 1958 1342 2030 mandi,
1356 1959 1425 2015 anni
1440 1958 1554 2016 scilicet
1567 1959 1603 2016 ab
1620 1960 1820 2018 incarnatione

113 2047 212 2100 autem
227 2045 262 2101 ab
284 2047 397 2119 origine
418 2048 518 2105 mundi
542 2062 633 2119 usque
654 2048 688 2104 ad
709 2048 941 2120 praedicationem
995 2040 1179 2117 4444444403,
1188 2045 1442 2104 4444444444445
1453 2047 1613 2105 indictione
1622 2048 1818 2129 supradictam

112 2133 231 2189 Domini
248 2135 339 2191 nostri
353 2137 419 2193 lesu
438 2137 547 2194 Cbristi
563 2151 626 2209 qua
650 2135 723 2193 iacta
745 2141 789 2194 est
811 2151 886 2195 anno
908 2135 943 2195 45
998 2133 1125 2204 regulam
1140 2134 1300 2193 observare.

112 2221 225 2278 Tiberii
248 2223 378 2294 64444444,
398 2230 425 2281 44
447 2240 538 2297 usque
564 2226 599 2282 ad
624 2226 799 2298 baptismum
826 2226 941 2283 Domini
1031 2221 1061 2277 si
1077 2221 1122 2278 vis
1147 2223 1222 2280 scire
1244 2229 1331 2295 quota
1354 2225 1394 2282 sit
1418 2225 1551 2298 indictio,
1579 2239 1662 2285 sume
1686 2239 1778 2284 44444
1802 2241 1820 2285 4

113 2307 209 2381 5,448.
234 2313 303 2368 itern
332 2313 453 2371 Orosius
478 2315 560 2371 dicit.
590 2316 663 2372 Sunt
682 2320 777 2372 autern
801 2313 940 2372 abidam
998 2311 1206 2385 mundiinitio,
1221 2312 1820 2391 utputa5,9ll3.llissemperadde7regu-

115 2400 209 2470 primo
223 2399 339 2458 bomine
351 2416 443 2473 usque
457 2403 491 2460 ad
505 2403 611 2460 Ninum
628 2409 815 2476 magnum,nt
826 2403 938 2474 dicunt,
996 2398 1080 2470 44444,
1100 2400 1173 2458 0444
1187 2400 1280 2470 5,944.
1298 2404 1409 2461 Partica
1435 2418 1484 2476 444
1508 2402 1558 2461 ta:
1574 2405 1743 2476 quindecies
1755 2403 1818 2479 390,

114 2487 939 2563 primurnregemPersarum,quandonatusestnbranam
995 2485 1086 2560 4,500.
1104 2490 1259 2547 ilemanent
1284 2489 1560 2565 l,3ll.Qnindeeies
1586 2491 1695 2565 60,900.
1723 2495 1823 2552 liema-

113 2576 183 2632 4444
212 2573 305 2648 3,484,
335 2578 385 2650 qui
407 2579 442 2635 ab
468 2580 603 2637 omnibus
626 2580 870 2653 historiographis
895 2578 938 2636 vel
995 2575 1138 2635 4444544.
1154 2579 1326 2647 Quindecies
1344 2579 1390 2653 30,
1410 2578 1473 2652 450,
1496 2583 1651 2638 Remanent
1665 2579 1710 2638 64.
1724 2583 1821 2653 Quin-

113 2665 227 2737 omissi,
249 2666 291 2722 444
304 2666 428 2739 ignorati
456 2675 534 2725 sunt.
550 2670 659 2725 4Ν444
675 2673 771 2726 autem
786 2668 829 2725 vel
845 2668 939 2725 4444-
993 2665 1088 2723 444444
1100 2663 1187 2742 3[4],
1199 2667 1242 2724 60.
1262 2669 1396 2726 ilemanet
1410 2668 1435 2740 4,
1446 2671 1538 2741 44444
1554 2670 1686 2728 indictio.
1702 2671 1732 2728 Si
1743 2671 1819 2729 nibil

114 2754 181 2810 bam
197 2770 288 2826 usque
302 2757 337 2813 ad
349 2758 487 2814 Caesarem
506 2759 681 2831 Augustum,
697 2759 780 2815 idest
801 2757 937 2830 usquead
994 2756 1174 2828 remanserit,
1193 2755 1225 2814 45
1240 2758 1364 2814 44444444
1382 2765 1434 2815 444.

112 2844 297 2902 Nativitatem
307 2845 426 2918 Christi,
439 2861 502 2918 qua
522 2846 580 2904 luit
593 2861 668 2904 anno
688 2848 803 2920 imperii
819 2848 940 2905 Caesaris
1029 2844 1058 2900 Si
1075 2845 1204 2902 44444444
1219 2851 1325 2917 quotus
1345 2846 1384 2903 sit
1406 2860 1501 2904 annus
1524 2847 1628 2906 solaris
1650 2847 1766 2921 circuli,
1790 2852 1819 2907 et

112 2928 158 3004 44,
172 2947 238 2989 cum
249 2932 323 2991 iacta
337 2934 411 2992 belia
425 2941 483 2993 toto
495 2936 563 2994 orbe
581 2943 740 3009 cessarant,
760 2936 939 3008 colliguntur
994 2933 1187 3004 quotvieibus
1201 2934 1232 2989 in
1250 2948 1280 2991 se
1299 2935 1447 2992 revolutus
1456 2938 1511 2993 sit:
1522 2951 1603 2994 same
1612 2951 1703 2995 annos
1718 2937 1754 2996 ab
1763 2938 1819 2995 ini·

112 3022 182 3078 anni
208 3019 300 3094 4,045.
324 3025 410 3081 Fiunt
434 3024 523 3082 simui
542 3022 634 3097 5,499.
652 3027 721 3081 item
737 3026 767 3082 in
791 3025 939 3082 chronicis
954 3022 1155 3099 ctiornundi,
1170 3020 1302 3094 445,903.
1316 3023 1426 3079 Partire
1440 3024 1604 3095 44444448.
1620 3026 1715 3083 vicies
1729 3027 1820 3085 octies
1896 3082 1897 3086 ,

113 3109 222 3182 iegitur
246 3113 402 3168 seeundum
428 3113 596 3184 Eusebium,
625 3118 654 3170 ct
673 3114 887 3185 llieronymum,
910 3118 939 3170 et
992 3106 1055 3182 440,
1066 3108 1157 3178 5,980.
1173 3112 1328 3167 Remanent
1339 3109 1383 3168 34.
1399 3110 1500 3170 44444
1513 3110 1549 3170 44
1566 3126 1661 3171 annus
1675 3120 1720 3170 est
1739 3115 1820 3174 sola·

111 3199 282 3268 Prosperam
294 3200 331 3256 ab
341 3199 431 3256 4444
449 3215 541 3273 usque
557 3201 592 3257 ad
617 3202 761 3259 diluvium
785 3202 854 3259 anni
870 3206 939 3258 sunt
994 3199 1159 3257 4444444444.

112 3284 207 3360 gaia.
222 3287 264 3343 44
285 3287 428 3347 abranam
444 3305 536 3362 usque
554 3292 590 3348 ad
609 3294 733 3363 Moysen,
750 3296 779 3348 et
792 3303 938 3363 egressam
1028 3290 1058 3346 Si
1074 3291 1119 3347 vis
1143 3290 1218 3348 scire
1243 3296 1447 3348 concurrentes
1465 3291 1632 3363 4444444444
1651 3292 1724 3358 dics,
1754 3297 1818 3351 tene

113 3377 221 3435 4444444
237 3392 272 3435 44
285 3379 404 3451 AEgypto
418 3379 832 3453 compntantar505.bbloyse
847 3393 939 3452 nsque
993 3377 1223 3450 suprascriptum
1239 3392 1390 3436 numerum
1401 3377 1450 3436 44.
1464 3380 1542 3437 Tolle
1554 3394 1665 3452 semper
1680 3378 1706 3454 4,
1722 3394 1819 3438 rema-

113 3467 148 3525 ad
173 3468 361 3541 Salomonem,
390 3475 419 3526 et
445 3470 566 3542 4444444
595 3471 813 3530 aedificationem
837 3472 937 3544 tempii
993 3475 1061 3527 nent
1072 3466 1116 3526 43.
1133 3465 1371 3541 44044444444,
1390 3468 1421 3526 dt
1435 3466 1480 3539 48,
1496 3473 1524 3526 44
1540 3470 1648 3541 partire
1662 3466 1820 3542 peripar·

113 3562 182 3613 4444
195 3557 265 3613 4444
275 3552 338 3614 449.
351 3558 375 3613 4
386 3558 535 3616 Salomone
551 3559 685 3631 usquead
698 3560 937 3618 instaurationem
993 3565 1059 3631 tem,
1072 3559 1101 3615 id
1116 3563 1169 3631 444,
1182 3564 1283 3630 qnater
1296 3555 1324 3631 7,
1337 3559 1368 3616 lit
1390 3558 1436 3616 48.
1452 3558 1534 3616 Nibil
1547 3564 1682 3631 remanet,
1704 3560 1820 3618 Sabba-

114 3645 224 3718 tcmpii,
238 3660 302 3716 quae
314 3647 368 3704 sub
378 3649 464 3705 Dario
477 3650 626 3706 Persarum
639 3663 703 3722 rege
717 3649 791 3708 iacta
803 3655 847 3706 est
858 3649 939 3707 colli·
993 3653 1053 3705 tum
1068 3648 1154 3706 estin
1169 3661 1199 3704 rx
1212 3648 1274 3704 Kal.
1294 3648 1363 3721 lipr.
1378 3648 1523 3721 Quicquid
1535 3646 1651 3721 444447
1670 3661 1819 3707 remanse-

113 3742 224 3808 gnntnr
237 3737 305 3792 anni
320 3735 380 3794 544.
399 3740 486 3796 Porro
498 3753 515 3796 a
529 3740 616 3797 Dario
631 3741 769 3812 usquead
795 3739 938 3811 pradica—
993 3739 1041 3810 rit,
1053 3742 1112 3796 tota
1132 3736 1205 3794 44444
1219 3738 1285 3794 4444.

114 3825 222 3881 444444
234 3826 348 3882 Domini
373 3829 464 3885 nostri
488 3830 554 3886 lesu
575 3829 831 3902 Cbristietnsqne
852 3827 938 3887 4445
1062 3831 1101 3883 De
1115 3829 1209 3898 privna
1227 3829 1306 3883 Lana
1324 3828 1524 3899 prirnimcnsia
1551 3827 1741 3894 monstranda.

113 3914 461 3973 annumTiberiicaesaris
472 3918 614 3989 principis
628 3919 938 3990 Romanorumexplen·
1028 3917 1177 3974 LXXXlV.
1190 3917 1219 3973 si
1233 3917 1277 3972 vis
1291 3930 1456 3989 agnoscere,
1472 3917 1613 3988 quomodo
1629 3916 1747 3974 initium
1761 3917 1818 3988 pri·

114 4005 239 4061 turanni
256 4001 317 4061 547.
335 4006 439 4063 04444
450 4013 545 4065 autem
559 4009 627 4065 anni
647 4009 786 4080 usquead
803 4009 938 4080 pradica·
993 4007 1032 4063 mi
1049 4006 1166 4077 mensis,
1178 4005 1232 4061 boa
1240 4009 1285 4062 est
1298 4006 1390 4076 prima
1405 4006 1474 4063 luna
1494 4005 1652 4078 invenitur,
1668 4006 1742 4063 scito
1765 4019 1819 4064 44-

114 4092 220 4150 tionem
237 4095 350 4152 Domini
369 4098 461 4153 nostri
476 4098 542 4154 lesu
560 4096 668 4153 Christi
690 4095 782 4168 5435.
808 4098 938 4154 44444444
992 4097 1055 4154 444
1074 4088 1149 4152 4444
1176 4093 1315 4166 quolibet,
1339 4101 1367 4151 et
1389 4098 1458 4166 quot
1477 4100 1583 4166 epacta
1608 4099 1676 4153 runt
1700 4096 1730 4152 in
1753 4095 1817 4152 Kal.

111 4187 207 4239 autem
218 4184 304 4240 dicit:
317 4185 450 4242 Cessante
461 4199 547 4257 regno
559 4199 592 4242 ac
603 4186 763 4243 sacerdotio
774 4187 936 4244 iudeorum
989 4186 1066 4257 jun,
1080 4189 1109 4241 et
1121 4190 1209 4256 quota
1219 4184 1289 4241 luna
1304 4181 1402 4254 inerit,
1424 4189 1466 4241 tot
1484 4183 1548 4240 dces
1560 4184 1591 4241 in
1602 4185 1706 4242 blartio
1722 4198 1818 4242 mense

111 4272 252 4329 Dominus
272 4283 368 4331 noster
384 4277 465 4333 lesus
477 4275 612 4333 Cbristus
626 4290 660 4333 ea
675 4275 793 4349 Virgine
808 4275 938 4332 nascitur
991 4273 1079 4331 adue
1091 4276 1168 4330 retro
1180 4271 1326 4341 subtrahe,
1345 4275 1372 4326 et
1388 4270 1438 4327 ubi
1460 4272 1619 4345 deveneris,
1636 4273 1677 4330 ibi
1698 4273 1817 4330 initiam

111 4358 230 4418 444444
239 4362 588 4437 regniCaesarisdugasti,
599 4363 633 4422 45
643 4365 937 4437 annisderegnoejns
952 4385 979 4448 D
992 4363 1079 4435 primi
1104 4362 1211 4419 mensis
1226 4360 1363 4432 invenies,
1379 4360 1506 4430 exceptis
1518 4359 1614 4417 tribus
1627 4360 1816 4432 embolismis,

111 4450 207 4507 adbuc
220 4452 407 4510 restantibus.
432 4455 570 4527 Regnavit
588 4459 683 4513 antem
703 4455 789 4511 annis
800 4453 845 4523 56,
871 4455 937 4512 Post
993 4453 1079 4510 44444
1095 4452 1263 4523 novissimo,
1278 4447 1445 4508 embolismo
1460 4446 1609 4520 ogdoadis,
1622 4453 1651 4505 44
1662 4448 1755 4519 44444
1771 4460 1817 4505 en·

113 4537 197 4595 ilium
211 4541 340 4614 regnavit
353 4541 486 4600 Tiberius
500 4543 594 4600 64444
610 4541 646 4600 43
669 4543 771 4614 annia,
794 4539 828 4601 45
841 4548 937 4600 autem
992 4542 1118 4612 decadis,
1129 4547 1157 4598 et
1170 4539 1336 4598 novissimo.
1349 4539 1380 4595 in
1390 4536 1546 4594 novissimo
1556 4536 1634 4593 enim
1646 4535 1815 4594 embolismo

110 4642 187 4686 anno
202 4631 282 4702 regni
293 4630 402 4687 Tiberii
413 4633 554 4689 Dominus
568 4632 725 4690 crucifixus
738 4637 791 4707 est,
812 4633 937 4705 peractis
991 4630 1129 4704 ogdoadis
1139 4628 1258 4687 initium
1273 4627 1360 4699 primi
1374 4626 1481 4683 mensis
1495 4625 1525 4682 in
1535 4625 1608 4683 Non.
1624 4624 1692 4696 444.
1708 4625 1818 4683 444444·

111 4719 225 4776 444444
240 4720 386 4791 444444444
401 4721 501 4778 mundi
521 4719 613 4793 5,aaa.
632 4724 713 4779 lianc
731 4723 862 4780 eumdem
879 4736 938 4780 nn·
992 4724 1049 4777 tur.
1060 4722 1092 4776 ln
1103 4719 1196 4790 primo
1205 4721 1300 4774 autern
1310 4714 1480 4772 embolismo
1496 4714 1649 4771 endecadis
1660 4713 1690 4771 in
1701 4727 1728 4772 vv
1742 4717 1813 4773 Nou.

111 4821 221 4865 merum
236 4809 384 4868 Victorius
410 4809 560 4868 confirmat
574 4811 694 4868 dicens:
723 4812 839 4869 Passum
867 4825 935 4883 ergo
991 4811 1059 4881 444.
1077 4809 1225 4866 invenitur
1239 4807 1332 4879 prima
1346 4804 1416 4862 luna
1431 4804 1518 4876 primi
1533 4804 1650 4862 mensis.
1667 4806 1698 4862 in
1712 4806 1816 4866 ultimo

110 4899 265 4956 Dominum
279 4900 687 4972 nostramlesameristnm,
701 4902 863 4974 etreliqua,
992 4914 1057 4958 vern
1072 4897 1240 4955 embolismo
1251 4894 1404 4952 endecadis
1419 4894 1450 4950 ia
1464 4906 1497 4949 444
1516 4894 1588 4950 Nou.
1610 4893 1678 4965 lipr.
1696 4894 1816 4955 initiam

307 4991 409 5061 incipit
422 4990 454 5045 de
478 4989 576 5045 mnndi
590 4992 737 5062 4444444444.
993 4989 1080 5062 44444
1093 4987 1200 5044 444444
1219 4984 1375 5042 444444444.

149 5074 274 5134 LXXXl.
289 5078 437 5148 Quomodo
452 5077 546 5136 iactas
559 5084 603 5137 est
617 5079 753 5153 mundus,
765 5080 852 5140 initio
861 5095 937 5141 orea-
1044 5081 1082 5135 De
1105 5078 1222 5133 04444444
1240 5073 1418 5131 monstrando
1441 5088 1495 5146 per
1519 5073 1624 5144 cpclarn
1635 5075 1761 5132 eclarenv.

94 5169 244 5222 turanum
268 5167 330 5239 Dei,
344 5174 399 5225 etc.
419 5168 537 5239 Deliqna
555 5171 729 5236 amittamur,
751 5172 826 5242 qaod
843 5173 937 5230 eadem
1027 5167 1165 5226 LXXXV·
1186 5165 1216 5222 Si
1242 5164 1285 5222 vis
1308 5163 1382 5221 scire
1408 5162 1444 5222 de
1468 5163 1605 5238 bissexto,
1635 5169 1699 5221 tene
1725 5175 1815 5220 anuos

108 5255 190 5324 infra
200 5269 260 5326 cap.
274 5252 328 5314 448
341 5257 506 5313 debeantur.
991 5257 1095 5318 solaris
1103 5255 1176 5328 cycli
1184 5258 1369 5328 quotcunque
1379 5251 1489 5311 inerint
1499 5253 1530 5311 in
1540 5253 1673 5326 prasenti
1684 5250 1814 5323 quolibet

324 5348 393 5405 item
413 5347 447 5402 de
462 5348 561 5405 mandi
570 5349 721 5421 4444444444.
990 5362 1074 5406 4444.
1094 5347 1124 5404 v.
1152 5361 1178 5418 g.
1197 5340 1231 5401 44
1244 5356 1320 5402 4444
1332 5342 1405 5416 cycli
1427 5343 1549 5414 solaris3
1564 5341 1679 5398 dimitte
1705 5352 1815 5412 semper

146 5434 287 5495 axxxu.
311 5437 501 5511 interrogatio
515 5438 551 5494 de
566 5438 666 5496 muudi
689 5438 844 5512 principio,
859 5455 936 5513 quc-
991 5434 1183 5510 l;rcmaneat
1204 5431 1246 5492 43.
1267 5434 1379 5493 Partire
1406 5446 1456 5506 per
1475 5430 1493 5489 4
1517 5433 1623 5503 444444,
1637 5426 1753 5486 dimitte
1768 5425 1811 5488 44

110 5525 196 5584 modo
210 5524 352 5587 iactussit
364 5526 452 5591 initio
462 5532 658 5591 creaturarum
668 5527 782 5588 Deliiu
794 5543 852 5603 quo
865 5529 936 5591 diei
988 5529 1095 5602 Quater
1117 5528 1284 5601 quaternos,
1309 5527 1442 5607 remanet,
1459 5519 1492 5592 ⁴3
1520 5517 1633 5590 primas
1653 5529 1748 5579 44444
1770 5522 1815 5579 444
