3876 6090
190 226 256 286 tabl
626 219 770 279 APPEND.
792 218 838 277 lb
857 215 938 275 SAEC.
959 214 1010 274 lx.
1031 225 1068 264 ι’-
1082 214 1260 275 AUOEORES
1277 216 1445 277 ANONYlss.
1822 221 1886 284 ⁴352

178 348 347 419 jejunasset,
373 345 426 402 alii
448 344 482 403 id
506 345 601 402 horas.
622 345 693 404 cum
718 345 777 401 hac
794 343 884 401 talis'
906 335 1049 399 obser-A
1062 345 1231 400 nnrensinns
1242 345 1323 400 initio
1334 347 1431 402 noctis.
1446 343 1508 403 lion
1523 347 1646 417 poterat,
1662 345 1675 370 ⁶
1689 345 1750 402 nisi
1767 343 1883 416 plenum.

184 435 311 494 rationis
336 449 385 506 per
406 434 537 507 singulas
561 435 734 506 prouincias,
758 433 833 491 unde
847 444 928 488 error
945 431 1007 484 erat
1098 432 1180 489 Nunc
1195 447 1262 507 ergo
1278 435 1526 507 investigavimus,
1537 434 1685 506 quomodo
1702 435 1734 492 in
1750 436 1886 507 principio

182 524 391 594 sacerdotibus,
403 524 523 595 eoquod
538 524 675 595 aquibus
691 535 747 580 una
761 522 831 578 ddes
843 523 919 576 recta
932 522 1007 574 tenc·
1062 517 1155 577 iactus
1176 520 1265 579 luerit
1284 523 1425 580 mundus:
1451 524 1525 580 idest
1548 524 1598 581 die
1623 523 1793 594 Dominico,
1810 539 1885 582 rernc

182 612 277 684 batur,
291 628 391 672 eorum
401 613 591 671 dissentirent
602 612 724 684 jejunia.
736 613 816 668 Tunc
825 622 896 681 papa
908 608 1008 664 Victor
1061 611 1198 680 tempore,
1215 611 1247 667 in
1261 613 1427 684 aequinoxio
1441 610 1459 668 8
1474 613 1536 669 llal.
1551 613 1622 684 Apr.
1636 613 1710 669 luna
1733 613 1828 684 plens.
1844 615 1886 671 Per

182 704 314 761 Romans
340 704 425 760 Urbis
447 704 600 774 episcopus
617 702 670 759 hoc
689 701 786 773 elegit,
810 705 840 756 ut
867 698 1007 770 dirigeret
1061 696 1156 767 ipsum
1168 701 1365 759 tantummodo
1379 705 1492 773 tempus
1503 703 1576 771 dies,
1592 707 1621 759 et
1633 702 1781 759 elementa
1797 716 1885 760 resur-

181 794 391 864 auctoritatem,
416 788 857 863 quiatuncnonllierosolyma,
880 786 1007 844 sedca-
1061 791 1141 858 gunt.
1171 786 1349 859 Theophilus
1378 791 1532 863 episcopua
1560 791 1658 848 dixit:
1689 792 1775 848 Nunc
1807 791 1884 864 igitur

181 896 259 940 cerea
271 881 604 955 metropolisdlcebatur,
617 878 850 938 unchascbalis
860 875 1006 934 ordinatio
1060 876 1201 947 agendum
1210 877 1245 934 de
1253 870 1447 951 ordinatione,
1464 880 1607 952 quomodo
1616 879 1781 937 debeamus
1791 882 1884 939 Pascha

183 971 356 1043 proueniret,
379 984 435 1042 quc
451 971 535 1026 modo
557 968 665 1026 Pascha
682 974 759 1026 recto
772 970 868 1040 lurea
892 963 1007 1022 cunctis
1061 967 1166 1022 tenere.
1179 967 1473 1037 Episcopidixerunt:
1486 969 1635 1041 Numquid
1648 969 1716 1026 dies
1728 969 1885 1027 Dominicus

181 1058 334 1115 catholicis
354 1057 547 1115 celebraretur
572 1057 714 1127 ecclesiis,
739 1056 788 1113 ubi
813 1053 963 1123 Dominus,
979 1054 1008 1107 et
1063 1055 1209 1126 preterire
1228 1060 1330 1129 potest,
1352 1063 1381 1114 ει
1396 1059 1426 1114 in
1441 1072 1475 1117 eo
1489 1058 1597 1116 Pascha
1615 1058 1826 1127 celebraretur,
1841 1062 1882 1131 qui

181 1146 310 1203 salvator
325 1147 425 1204 nundi
444 1147 475 1203 in
499 1160 586 1204 carne
603 1145 698 1203 iuerat
709 1149 901 1203 conversatus.
918 1142 1009 1198 dcce-
1062 1147 1141 1200 totet
1151 1144 1260 1202 talibus
1268 1145 1729 1205 benedictionibussanctibcatus
1739 1147 1886 1206 estiTheo

183 1241 231 1309 pta
246 1237 343 1308 itaque
357 1236 530 1293 auctoritate
541 1234 719 1307 Theophilus
734 1247 790 1291 non
803 1233 896 1290 solum
908 1231 944 1288 ds
956 1242 1009 1287 sua
1064 1231 1163 1302 philus
1170 1233 1321 1304 episcopus
1331 1235 1422 1292 dixit:
1437 1236 1573 1307 apertius
1583 1236 1769 1310 ergodicite‚
1780 1236 1884 1308 quihus,

182 1324 342 1396 prouincia,
364 1324 413 1380 sed
432 1323 519 1380 etiam
538 1323 574 1380 de
592 1323 718 1380 diversis
730 1321 899 1395 regionibus
912 1331 1011 1376 omnes
1063 1321 1671 1392 etqualibusbenedictionibuseumtuisse
1684 1324 1885 1382 sanctificatum

182 1413 342 1485 episcopos,
356 1419 385 1469 et
395 1413 540 1484 sapientes
550 1413 628 1470 uiros
648 1413 683 1469 ad
699 1411 857 1469 concilium
869 1408 1008 1466 evocarit.
1063 1409 1205 1483 asseritis,
1222 1416 1254 1467 ut
1271 1411 1397 1468 scribere
1411 1412 1565 1483 possimus.
1579 1413 1722 1485 Episcopi
1741 1415 1886 1485 responde

182 1501 308 1559 Ubicum
321 1500 371 1558 illa
382 1503 563 1559 sacerdotum
575 1500 931 1572 velsapientiumrirorum
938 1496 1010 1553 mul·
1064 1506 1147 1556 runt:
1158 1500 1254 1556 Prima
1263 1500 1307 1556 illi
1319 1500 1481 1558 benedictio
1493 1507 1550 1574 εει,
1563 1501 1641 1573 quod
1655 1503 1686 1558 in
1701 1502 1768 1573 ipso
1778 1501 1887 1559 tenebra:

183 1590 280 1650 titudo
288 1591 319 1646 in
330 1591 631 1661 omnibnsscripturis
641 1590 755 1649 erudita
766 1591 796 1645 in
808 1601 896 1646 unum
905 1585 1009 1643 luisset
1064 1594 1177 1645 remotae
1193 1594 1270 1659 sunt,
1285 1594 1314 1645 ει
1335 1589 1385 1646 lux
1399 1590 1543 1660 apparuit.
1559 1591 1696 1648 Secunda
1721 1590 1768 1646 illi
1781 1589 1886 1647 benedi-

182 1678 322 1750 collecta3
337 1683 405 1736 tunc
417 1680 573 1749 pradictus
585 1680 737 1750 episcopus
749 1677 871 1750 protulit
884 1674 1009 1732 auctori·
1024 1672 1050 1734 B
1063 1678 1121 1734 ctio
1135 1685 1188 1750 est,
1205 1679 1281 1750 quod
1292 1679 1328 1735 de
1343 1683 1419 1735 terra
1430 1679 1542 1752 Egypti
1557 1681 1686 1752 populus
1705 1680 1884 1753 israeliticus,

182 1767 470 1824 tatemadsemissam
482 1782 498 1825 s
512 1769 712 1839 papallictore,
724 1767 831 1838 etquid
843 1765 900 1822 sibi
913 1764 1009 1836 operis
1063 1765 1142 1823 uelut
1159 1768 1194 1824 de
1217 1766 1354 1839 tenebris,
1378 1768 1461 1840 quasi
1482 1782 1532 1838 per
1549 1768 1658 1827 lonmm
1680 1769 1831 1841 baptismi,
1846 1783 1888 1840 per

182 1853 459 1925 inissetinlnnctum
470 1857 605 1913 ostendit.
615 1858 694 1914 Tunc
706 1853 1011 1927 pariteromnescpis-
1065 1868 1142 1912 mare
1153 1855 1282 1913 liubrum
1296 1856 1332 1913 de
1347 1856 1422 1913 duro
1432 1856 1550 1914 seruitio
1560 1857 1655 1915 luerit
1666 1858 1820 1916 liberatus.
1834 1859 1889 1914 Ter

182 1944 406 2015 copidixerunt.
419 1945 546 2003 Primum
558 1946 642 2003 nobis
653 1945 859 2017 inquirendum
867 1950 920 2014 est,
934 1956 1011 2014 quo-
1065 1945 1106 2000 tia
1126 1943 1171 2000 illi
1189 1945 1352 2003 benedictio
1373 1951 1426 2017 est,
1442 1946 1511 2019 qula
1534 1947 1565 2003 in
1584 1948 1688 2004 eodem
1706 1948 1758 2003 die
1773 1947 1887 2004 scelestis

184 2032 309 2090 modoin
326 2033 473 2105 principio
486 2034 611 2091 mundus
627 2033 828 2104 lueritlactus,
842 2036 871 2089 et
885 2032 1011 2090 cumhoc
1065 2032 1149 2089 cibus
1162 2047 1264 2090 manna
1278 2034 1446 2091 bominibus
1459 2035 1558 2093 datum
1572 2041 1636 2092 esi:
1660 2035 1773 2105 Quarta
1787 2036 1830 2092 illi
1844 2035 1889 2092 be-

182 2119 272 2178 iuerit
289 2121 462 2194 diligentius
480 2123 693 2195 investigatum,
718 2127 787 2179 tunc
801 2122 907 2193 poterit
933 2134 1010 2178 exeo
1066 2122 1192 2180 nedictic
1207 2127 1259 2196 εει,
1272 2124 1663 2195 qniabloysesmandaritad
1680 2125 1820 2196 populum
1832 2144 1839 2180 ι
1853 2125 1889 2181 sn

183 2210 1013 2283 Pascbalisordinaciosalubriterpervenire.bixcrunser-
1065 2212 1140 2267 vohis
1158 2213 1315 2268 observatus
1338 2214 1396 2268 dies
1412 2216 1574 2284 primisset
1595 2216 1778 2270 nouissimus.
1793 2214 1890 2285 Quinta

183 2300 367 2372 goepiscopi:
381 2300 499 2370 Quodis
511 2301 658 2358 credimus
671 2299 894 2372 primumiuisse
904 2298 1010 2356 iactum
1066 2299 1112 2356 illi
1125 2300 1287 2358 benedictio
1299 2307 1352 2375 est,
1365 2307 1398 2359 ut
1416 2315 1491 2360 cxvn
1508 2303 1638 2374 psalmus
1648 2303 1740 2374 dicit,
1756 2302 1807 2376 qui
1822 2308 1891 2360 totus

184 2388 342 2460 mumdum,
356 2390 415 2446 nisi
433 2390 608 2447 Dominicoi
621 2391 680 2446 dlii
696 2391 846 2447 dixerunt:
863 2388 1011 2460 Quomodo
1064 2388 1100 2446 de
1115 2390 1259 2461 Passione,
1274 2397 1302 2447 et
1312 2391 1532 2448 Resurrectione
1545 2396 1694 2449 canutus.
1709 2393 1751 2449 De
1766 2393 1891 2449 Passions

182 2489 252 2549 ergo
266 2483 360 2548 potest
373 2477 502 2548 probare,
520 2478 589 2550 quia
603 2479 713 2549 primus
724 2479 797 2550 dies,
809 2479 873 2535 dies
883 2476 1010 2533 Domini·
1065 2479 1124 2536 ait:
1143 2479 1347 2536 circumdantes
1366 2481 1602 2538 nrcumdederunt
1620 2498 1675 2546 nne,
1697 2487 1726 2538 et
1742 2483 1773 2538 in
1792 2485 1892 2537 nornine

183 2564 562 2637 cusiueritiTheophilus
585 2568 855 2639 episcopusdixit:
880 2566 1008 2636 Probata,
1063 2570 1173 2624 Domini
1194 2569 1334 2624 uindicaui
1363 2572 1393 2625 in
1420 2573 1469 2626 eis.
1490 2570 1744 2626 circundederunt
1760 2587 1803 2626 :ne
1830 2573 1893 2626 sicut

183 2655 259 2725 quod
288 2655 399 2712 dicitis.
428 2656 562 2727 Episcopi
600 2657 823 2728 responderunt:
848 2656 1009 2712 &cundum
1064 2659 1135 2728 apis,
1149 2662 1342 2714 etennrserunt
1353 2660 1504 2728 sicutipnis
1521 2661 1551 2715 in
1561 2662 1664 2730 spinis.
1681 2661 1718 2717 Et
1740 2660 1893 2731 interjectis

182 2743 337 2815 Scriptura
355 2744 557 2801 auctoritatem
572 2744 678 2800 diuinas
700 2743 807 2800 iactum
825 2749 869 2799 est
883 2757 1008 2814 vespere,
1064 2745 1210 2803 uersibus:
1235 2747 1377 2818 lapidera,
1395 2764 1473 2819 quem
1500 2749 1733 2820 reprobaverunt,
1755 2752 1846 2818 suebis
1859 2754 1893 2804 cst

182 2835 211 2886 ει
221 2829 327 2888 lactum
337 2838 380 2887 cst
392 2830 542 2886 manedies
552 2844 639 2902 nnus,
650 2837 678 2887 ct
688 2832 842 2902 secundus,
857 2830 1008 2905 ettertius,
1064 2838 1095 2891 in
1109 2837 1305 2908 enputnnpsdi.
1326 2838 1365 2894 lie
1377 2838 1596 2895 liesurrcctlone
1610 2843 1713 2896 autem
1728 2839 1820 2896 dicit:
1837 2840 1893 2894 ilaec

182 2922 211 2973 et
223 2922 354 2988 quartus,
370 2924 398 2975 ct
418 2918 539 2990 quintus
553 2924 582 2977 ει
595 2920 745 2991 septimus.
770 2923 871 2993 inquo
887 2921 1009 2992 septimo
1064 2927 1133 2997 dies,
1161 2941 1216 2996 qun
1236 2928 1303 2995 fecit
1328 2929 1470 3000 boninus,
1494 2928 1661 2999 recitemus,
1679 2933 1707 2983 et
1730 2929 1852 2984 mernor
1868 2931 1893 2983 in

183 3006 372 3077 requieuiiub
389 3007 525 3065 omnibus
544 3008 682 3080 operibus
696 3010 769 3082 suis,
785 3010 955 3081 qnemdiem
968 3002 1049 3066 se·C
1065 3030 1107 3071 en.
1133 3015 1168 3072 Et
1192 3015 1259 3073 item
1286 3015 1446 3088 interiectis
1466 3017 1618 3074 versibus:
1646 3017 1804 3074 Constituit
1829 3019 1892 3074 dien

183 3096 305 3166 plinium
317 3096 471 3154 Sabbatum
489 3097 654 3168 appellavit.
670 3099 740 3155 Cum
753 3113 820 3172 ergo
834 3099 1010 3156 notissimus
1064 3108 1164 3174 festum
1171 3105 1201 3159 in
1209 3106 1527 3176 confrequentationibus
1542 3107 1681 3178 usquead
1690 3123 1780 3163 cornu
1791 3108 1892 3164 nitoris

180 3184 245 3241 dies
258 3184 299 3241 sit
310 3185 475 3256 Sabbatum,
489 3186 556 3257 quis
569 3191 662 3257 potest
673 3201 735 3244 esse
751 3188 873 3260 primus,
885 3188 942 3244 nisi
958 3189 1010 3245 lio
1064 3193 1148 3251 Sexta
1163 3194 1208 3251 illi
1220 3193 1382 3252 benedictio
1398 3200 1451 3268 est,
1465 3196 1540 3269 quod
1557 3197 1587 3253 in
1610 3197 1677 3268 ipsa
1693 3198 1839 3255 Dominus
1853 3211 1894 3254 re-

183 3273 318 3331 minicus.
339 3274 517 3347 Theophilus
535 3275 688 3348 episcopus
707 3277 798 3334 dicit:
817 3279 888 3334 Ecce
907 3277 943 3334 de
962 3278 1010 3335 die
1065 3284 1201 3340 surrexit.
1217 3284 1354 3341 Videmus
1369 3298 1447 3358 erqo,
1464 3285 1533 3357 quia
1543 3285 1621 3343 diem
1637 3286 1830 3344 Dominicum
1842 3288 1893 3343 sin·

181 3363 332 3421 Dominico
351 3364 419 3435 quia
440 3365 551 3434 primus
573 3366 622 3436 sit,
649 3365 810 3436 probatum.
829 3368 869 3424 lie
884 3373 1010 3438 tempore
1065 3372 1205 3445 gulariter
1236 3373 1266 3430 in
1289 3375 1396 3430 Pascha
1422 3380 1517 3432 tenere
1540 3374 1691 3447 praecepit.
1719 3376 1893 3448 Theophilus

183 3452 253 3523 quid
266 3451 492 3509 uobisuideturi
505 3449 522 3508 i
535 3459 629 3511 autem
643 3459 770 3527 tempora
781 3456 881 3513 muudi
893 3457 923 3513 in
934 3469 1009 3514 anno
1063 3462 1317 3534 episcopusdixit:
1330 3464 1369 3519 lle
1385 3468 1510 3535 tempore
1524 3468 1620 3521 autem
1635 3463 1675 3520 ad
1691 3466 1813 3537 lloyscn
1828 3478 1894 3521 man

182 3541 333 3598 accidunt:
363 3542 426 3612 Ver,
439 3542 542 3615 AEstas,
554 3543 729 3617 Autumnus,
753 3550 782 3601 ει
795 3547 905 3617 llyerus.
927 3544 1007 3614 Quod
1063 3550 1162 3608 datum
1174 3558 1217 3609 εει
1229 3566 1245 3609 a
1259 3554 1331 3611 lieo:
1349 3553 1401 3608 llic
1419 3553 1494 3608 nobis
1506 3555 1557 3608 erit
1575 3555 1681 3609 mensis
1694 3557 1813 3610 initium
1824 3570 1892 3609 rnen·

182 3644 250 3703 ergo
266 3637 375 3703 tempos
389 3631 617 3704 primuslactnm
629 3647 690 3691 esse
702 3635 864 3691 creditisin
880 3634 1009 3692 mundo?
1062 3642 1151 3708 sium:
1170 3643 1275 3697 Pcscin
1293 3644 1419 3711 [annin
1439 3656 1477 3698 eo.
1500 3644 1561 3698 Non
1581 3641 1662 3699 dixit
1682 3643 1714 3700 in
1737 3644 1833 3715 prima
1853 3644 1892 3699 dic

181 3719 317 3792 Episcopi
331 3720 488 3778 dixerunt:
515 3723 648 3779 vernum.
664 3722 843 3792 Theophilus
854 3723 1008 3795 episcopus
1064 3731 1216 3799 mensium,
1242 3736 1294 3787 aut
1315 3731 1346 3787 in
1365 3731 1486 3802 decima,
1512 3737 1563 3788 aut
1585 3729 1647 3788 alia
1682 3732 1828 3805 qualibet,
1851 3731 1889 3789 scd

182 3806 280 3864 dixit:
309 3809 428 3866 Probate
451 3809 526 3880 quod
539 3810 651 3865 dicitis.
672 3811 707 3867 Et
720 3810 765 3865 illi
779 3812 1006 3882 responderunt:
1063 3817 1185 3875 toios30
1199 3818 1262 3875 dies
1281 3819 1310 3875 in
1326 3819 1433 3876 Pascha
1457 3819 1662 3876 sanctificarit.
1688 3821 1829 3893 Episcopi
1852 3834 1891 3876 ro-

182 3896 398 3967 scriptumest:
416 3898 552 3952 (terminet
574 3901 648 3953 terro
662 3899 772 3954 berbnrn
785 3902 846 3969 seni
861 3902 1009 3957 secundnm
1063 3906 1258 3978 sponderunt:
1285 3908 1341 3977 Qui
1361 3912 1430 3965 sunt
1450 3906 1496 3964 illi
1515 3906 1550 3964 30
1572 3908 1650 3965 dies.
1673 3909 1823 3980 Superius
1835 3922 1890 3980 ergo

181 4000 267 4054 penus
286 4001 376 4050 suurn,
390 3986 532 4054 eiliqnnns
547 3989 712 4057 pomiferum
730 3990 861 4056 serentem
875 3993 1006 4059 puerum.
1061 3998 1119 4069 jam
1131 4010 1298 4068 responsum
1308 3996 1451 4068 dedimus,
1471 3998 1650 4068 principium
1675 3999 1889 4056 mundiessein

183 4074 245 4129 llaec
257 4073 334 4129 enim
349 4075 425 4130 ueris
438 4075 615 4145 temporibus
630 4076 760 4133 uidemus
772 4078 844 4135 deri.
861 4080 1009 4151 Theopbi-
1063 4085 1228 4156 aequinoxio
1241 4085 1260 4141 8
1275 4086 1336 4143 ilai.
1352 4087 1438 4158 lipr.,
1453 4091 1482 4143 et
1496 4084 1531 4143 ab
1544 4084 1563 4142 8
1580 4086 1644 4143 Kal.
1666 4087 1740 4158 bpr.
1765 4088 1888 4160 usquein

184 4162 230 4219 lus
241 4162 495 4234 episcopusdixit:
512 4164 573 4234 Quo
586 4165 649 4222 loco
661 4172 747 4237 caput
760 4169 859 4225 mundi
875 4184 936 4226 csse
951 4184 1010 4226 crc-
1062 4172 1153 4231 Silai.
1166 4176 1238 4231 llai:
1261 4175 1383 4248 legimus
1402 4176 1620 4234 consecrandos.
1637 4177 1825 4248 Theophilus
1836 4177 1890 4247 epi·

182 4251 278 4308 ditisl
289 4252 319 4308 in
333 4252 479 4325 principio
492 4256 640 4328 temporis,
657 4270 693 4313 an
705 4258 799 4315 medio
809 4261 957 4330 temporis,
971 4272 1008 4316 an
1064 4278 1167 4335 scopus
1181 4264 1276 4322 dixit:
1303 4267 1337 4322 Et
1358 4266 1479 4337 impium
1494 4278 1550 4323 non
1572 4270 1628 4337 εει,
1646 4271 1679 4323 ιιι
1700 4266 1752 4323 illi
1766 4274 1825 4324 tres
1838 4267 1889 4322 dies

184 4341 215 4398 in
228 4340 306 4397 linei
320 4341 453 4413 Episcopi
474 4343 633 4402 dixerunt:
656 4347 687 4401 ln
701 4346 885 4419 Equinouio,
905 4347 1049 4428 idest81)
1065 4354 1208 4426 passionis
1227 4354 1371 4411 Dominici
1397 4360 1508 4412 tantum
1533 4356 1713 4412 sacramenti
1728 4357 1887 4428 mysterium

183 4430 244 4487 llal.
258 4431 326 4503 bpr.
338 4431 516 4503 Theophilus
524 4434 678 4505 episcopus
689 4435 782 4492 dixit:
800 4437 917 4494 Probata
932 4439 1007 4510 quod
1064 4441 1141 4502 toras
1155 4444 1277 4501 limitem
1292 4443 1509 4502 excludantur?
1531 4445 1639 4500 Passus
1656 4457 1787 4517 namque
1799 4444 1889 4502 homi-

70 4554 73 4557 *
181 4519 293 4577 dicitis.
311 4521 346 4577 Et
367 4520 412 4577 illi
431 4522 653 4593 responderunt:
679 4522 828 4595 Scriptura
842 4526 925 4598 dicit,
940 4528 1009 4598 qula
1063 4548 1119 4590 nus
1133 4532 1168 4590 ab
1184 4530 1213 4588 tl
1226 4532 1285 4589 llal.
1303 4533 1370 4604 dpr.
1384 4533 1475 4590 bier.
1488 4545 1574 4605 quam
1585 4532 1675 4590 Coena
1687 4535 1889 4591 Dominirocs

181 4611 248 4677 tecit
259 4613 331 4665 bens
347 4610 440 4682 lucem,
455 4616 480 4667 et
493 4614 599 4668 uocauit
618 4615 690 4669 Deus
709 4614 794 4670 lucem
807 4615 888 4681 dien,
902 4623 927 4672 et
943 4619 1009 4686 fecit
1064 4636 1137 4690 mus,
1157 4622 1226 4694 quia
1238 4627 1348 4678 noctea
1369 4622 1475 4679 iudaeis
1495 4620 1633 4692 traditus,
1652 4622 1775 4694 quando
1787 4628 1816 4680 et
1832 4634 1887 4679 cun

186 4699 254 4751 bens
273 4700 407 4765 tenebras,
431 4704 457 4756 et
471 4701 595 4757 tenebras
615 4705 721 4758 occavit
743 4709 856 4769 noctem,
877 4711 902 4760 et
914 4706 1010 4762 diuisit
1062 4709 1389 4783 discipulisdiscubuit,
1401 4710 1642 4782 qusndoettudae
1653 4713 1806 4785 predixit,
1820 4709 1886 4783 quod

182 4787 254 4840 inter
280 4787 365 4843 locens
388 4794 413 4845 et
439 4790 563 4845 tenebras
590 4806 681 4862 aquas
697 4798 805 4865 partes.
831 4796 1009 4867 Theophilus
1063 4800 1098 4857 ab
1113 4800 1175 4871 ipso
1189 4803 1263 4857 εεεει
1278 4800 1448 4858 traditurus.
1462 4800 1542 4871 Quod
1563 4805 1591 4857 et
1610 4801 1654 4857 ita
1668 4807 1790 4860 constat
1808 4801 1887 4859 inissa

183 4874 436 4945 episcopusdixit:
452 4881 522 4937 Ecce
534 4881 569 4938 de
582 4882 639 4953 die,
654 4882 697 4939 vel
714 4889 840 4955 tempore
853 4886 1007 4955 probastis.
1063 4888 1239 4961 suppletum,
1250 4895 1279 4947 et
1291 4890 1309 4946 8
1320 4890 1371 4946 ilai
1385 4891 1453 4961 lpr.
1471 4891 1641 4949 resurrexit.
1662 4892 1817 4962 Quomodo
1829 4901 1885 4962 erpo

184 4965 223 5019 lle
237 4962 306 5019 luna
315 4967 386 5035 quid
400 4969 482 5026 uobis
502 4970 636 5028 ridetur‘l
655 4977 750 5029 uirum
771 4982 955 5048 crescentem,
971 4990 1008 5034 an
1064 4980 1094 5036 hi
1111 4981 1241 5037 tresdies
1253 4978 1331 5037 loras
1345 4982 1501 5038 terminum
1520 4979 1737 5038 excludeutnri
1762 4978 1884 5054 Episcopi

184 5053 307 5125 plenam,
323 5066 359 5109 an
381 5056 562 5116 imminutam
577 5074 594 5116 a
609 5061 730 5118 Domino
751 5061 843 5120 luisse
861 5065 1008 5122 creatami
1062 5070 1216 5127 dixerunt:
1234 5070 1319 5126 Nulla
1330 5071 1440 5126 ratione
1455 5069 1666 5141 heridebet,ut
1679 5075 1797 5129 tantum
1807 5080 1885 5128 sacra

184 5142 317 5215 Episcopi
333 5145 557 5214 responderunt:
573 5148 696 5206 Plenam.
720 5154 754 5208 Et
767 5153 817 5209 ille
828 5153 919 5210 dixit:
936 5157 1005 5212 Pro-
1063 5165 1188 5217 mentum
1199 5159 1406 5218 ioruslimitem
1414 5160 1594 5230 excludatur,
1605 5161 1657 5218 scd
1669 5161 1884 5219 introducantur

183 5232 248 5290 bate
262 5231 338 5304 quod
350 5231 464 5289 dicitis:
482 5235 616 5309 Episcopi
632 5241 858 5311 responderunt:
877 5245 1009 5302 bicitdi-
1063 5250 1093 5306 in
1106 5251 1207 5307 ordine
1217 5251 1383 5309 Paschalihi
1398 5255 1456 5308 tres
1466 5252 1538 5310 dies.
1552 5250 1813 5310 Constitutumest
1826 5261 1883 5322 erpo

183 5324 250 5379 rina
274 5323 442 5396 Scriptura:
468 5327 541 5381 Fecit
559 5328 630 5382 Deus
651 5329 705 5385 dno
727 5332 877 5389 luminaria
895 5352 1005 5405 mnpnc,
1062 5339 1092 5396 in
1109 5340 1160 5396 illa
1174 5342 1282 5412 synodo
1298 5348 1330 5399 ut
1344 5341 1441 5398 necab
1455 5345 1521 5397 ante
1537 5336 1567 5395 ll
1587 5339 1652 5397 Kal.
1666 5341 1754 5413 Apr,
1770 5342 1884 5412 nccpoti

183 5417 209 5468 et
229 5415 322 5484 posuit
344 5431 376 5471 en
396 5416 426 5470 in
446 5417 614 5486 pnnnrnento
635 5420 703 5491 coeln',
727 5428 758 5477 nt
778 5424 897 5482 lucerent
924 5443 1007 5500 snper
1059 5425 1361 5503 tuschanensis
1387 5446 1443 5490 non
1464 5433 1585 5490 debcant
1603 5433 1772 5505 ohservare,
1795 5438 1823 5490 et
1840 5439 1884 5486 litt

183 5505 294 5569 terram,
319 5506 454 5562 luminare
475 5506 578 5578 nemus,
601 5512 632 5564 ut
642 5517 770 5580 preesset
794 5513 860 5587 diei,
875 5521 901 5572 et
923 5519 1010 5577 lurni-
1059 5527 1152 5595 antem
1169 5536 1220 5580 nec
1243 5527 1341 5594 postca
1354 5523 1528 5596 cuicumque
1548 5523 1747 5583 couniantur:
1770 5522 1886 5582 linires
