3876 6090
110 243 160 302 alt
212 258 216 269 ·

725 241 901 298 hunslastt
922 238 1192 297 BlBLIOTHECrlIlll

1760 241 1815 300 942

111 367 264 448 [districta]
275 371 448 427 examinatio
457 371 515 440 ilat,
531 376 558 427 et
569 370 659 443 magis
670 369 842 426 ilducialiter
854 366 934 423 reri·
946 365 978 427 A
991 367 1169 423 sacerdotum
1188 373 1215 424 et
1227 367 1501 440 gloriosissimorum
1518 370 1680 440 principum
1699 375 1815 427 nostro·

110 469 155 518 tas
169 467 280 533 agatur,
300 465 442 530 quatenus
456 467 483 514 et
498 459 688 516 Ecclesiarum
704 459 848 515 dissensio
864 457 936 512 iuu-

110 551 191 606 ditus
212 549 354 621 abigatur,
379 554 407 604 et
431 549 509 619 pacis
533 563 667 620 compago
690 549 773 604 nobis
801 547 936 603 omuibus

111 643 267 708 coaptetur.
279 639 313 693 Et
321 638 456 709 quoniam
467 637 573 694 Paulus
581 638 798 694 sanctisssimus
809 637 938 706 patriar-

111 727 165 784 cha
182 741 246 783 cum
263 727 420 783 secundum
442 727 570 783 divinam
585 727 759 783 voluntatem
777 740 793 782 a
810 738 937 796 praesen-

112 815 192 873 tibus
202 815 328 871 vinculis
338 815 539 887 absolvendus,
552 819 579 871 et
592 815 664 871 hanc
678 814 935 887 peregrinationem

111 904 299 975 dimissurus,
312 909 397 974 atque
404 904 438 960 ad
457 904 671 975 habitationem,
689 905 746 960 imo
759 918 824 960 vero
837 905 871 960 ad
888 904 938 974 ip-

114 1008 177 1052 sum
194 994 347 1050 Dominum
365 994 510 1050 Christum
531 992 711 1063 proiecturus
726 999 809 1064 esset,
823 993 938 1062 episeo-

113 1090 210 1154 patum
229 1080 373 1153 refutavit,
388 1083 473 1138 vitam
488 1082 597 1154 eligens
613 1083 834 1138 monachorum:
855 1080 939 1137 nohis

113 1179 207 1228 autem
228 1171 471 1242 interrogantibus
489 1184 568 1243 eum,
592 1171 775 1241 quamobrem
791 1171 844 1226 hoc
862 1168 939 1225 lece-

115 1260 164 1332 rit,
183 1260 345 1330 respondit:
369 1259 442 1328 Quia
460 1259 484 1315 si
508 1266 597 1315 morte
622 1266 837 1330 praeoccupatus
858 1256 939 1313 luero

114 1349 143 1405 in
166 1349 331 1419 episcopatu
353 1349 409 1404 Deo
429 1348 628 1404 conservandae
647 1346 733 1419 regia
756 1347 848 1419 urbis,
868 1360 941 1402 ana—

114 1438 209 1496 thema
224 1437 331 1494 habebo
346 1450 362 1492 a
380 1444 438 1493 tota
455 1437 595 1494 catholica
614 1436 750 1508 Ecclesia,
768 1436 843 1507 quod
858 1435 941 1490 ducit

115 1528 145 1585 in
156 1527 287 1583 tenebras
301 1526 466 1597 exteriores,
484 1540 548 1597 qnae
565 1531 728 1597 praeparatae
740 1531 808 1580 sunt
824 1523 940 1579 diabolo

115 1616 262 1689 etangelis
276 1617 356 1687 ejus:
378 1617 501 1687 eoquod
517 1617 655 1687 synodum
673 1614 824 1684 quamdam
841 1613 942 1668 dicant

117 1707 165 1763 hic
188 1705 324 1775 effectam,
348 1720 411 1776 qna
440 1707 584 1762 subvertat
606 1703 774 1776 imaginales
800 1685 981 1774 picturas,l3

117 1810 189 1867 quas
213 1795 340 1851 Ecclesia
373 1795 514 1851 catholica
538 1799 624 1865 tenet,
649 1792 833 1864 amplectitur
857 1790 940 1847 etad

116 1885 412 1941 commemorationem
428 1884 634 1955 principalium
651 1883 782 1953 suscipit.
801 1883 857 1938 Hoc
875 1879 944 1936 ani-

118 1988 191 2030 mam
212 1987 301 2029 meam
325 1974 484 2044 conturbat,
501 1974 553 2028 boc
575 1987 619 2029 um
640 1973 669 2028 iu
692 1970 941 2027 commonitionem

117 2063 245 2133 adducit,
263 2063 404 2134 quomodo
425 2061 557 2134 elingiam
581 2061 725 2131 iudicium
751 2059 811 2128 Dei,
838 2073 888 2128 pro
910 2071 942 2114 co

118 2151 277 2221 quodcum
300 2151 464 2221 hujusmodi
488 2151 559 2206 viris
588 2157 771 2206 conversatus
794 2147 897 2204 luerim
916 2154 944 2205 et

119 2243 310 2309 computatus.
324 2241 388 2295 liae
398 2253 463 2296 vero
473 2240 559 2295 etiam
571 2239 743 2310 quibusdam
760 2237 944 2310 gloriosissi-

119 2341 231 2383 morum
247 2328 411 2398 priueipum
423 2334 584 2384 nostrorum
598 2329 710 2384 locutus
720 2333 772 2397 est,
789 2333 817 2382 et
829 2327 871 2382 sic
885 2326 945 2382 vita

119 2415 250 2472 excessit.
267 2417 343 2471 llanc
362 2429 428 2489 ergo
448 2417 606 2472 terribilem
622 2417 791 2473 sententiam
809 2416 946 2473 couside-

121 2510 201 2559 rante
214 2504 261 2572 pio
277 2504 398 2574 imperio
414 2512 522 2574 nostro,
537 2519 700 2575 quanquam
718 2511 825 2561 etanta
842 2506 895 2560 hoc
911 2518 944 2560 ex

121 2591 945 2666 multisaudiyerimushujuscemodijurgium,consilium

122 2680 271 2736 uobiscum
286 2681 432 2738 conciliati
453 2697 562 2753 sumus,
585 2683 722 2752 quidnam
738 2682 852 2739 deberet
871 2683 945 2738 lieri.

156 2769 191 2824 Et
205 2768 428 2826 deliberavimus
451 2771 480 2825 in
502 2771 625 2827 consilio
651 2778 759 2842 nostro,
782 2773 857 2843 quod
880 2786 945 2828 cum

122 2857 274 2914 ordinatus
289 2856 361 2915 toret
380 2859 552 2930 patriarcha,
568 2875 630 2931 quae
646 2861 724 2917 dicta
739 2860 861 2933 lucrant,
884 2876 947 2918 mox

991 471 1064 525 rum,
1085 463 1112 512 et
1135 458 1225 513 totius
1243 456 1357 514 Christo
1377 457 1512 514 amabilis
1526 459 1626 529 populi
1641 460 1742 531 nostri,
1766 461 1816 529 qui

991 548 1059 600 tunc
1077 545 1124 600 hie
1138 547 1256 603 aderant
1269 547 1363 603 virum
1382 547 1546 617 eduximus,
1567 552 1596 603 et
1617 548 1647 603 in
1666 549 1818 619 prasentia

990 646 1088 689 eorum
1106 635 1247 705 quidquid
1264 636 1346 692 uobis
1363 637 1557 709 responderat,
1574 643 1603 693 et
1623 637 1697 708 ipsis
1714 637 1820 695 allatus

990 727 1053 778 est:
1070 728 1178 780 atvero
1194 725 1321 781 universi
1338 724 1382 781 illi
1397 725 1456 780 hac
1466 726 1617 782 audientes
1630 725 1753 782 libenter
1768 739 1822 782 ac-

991 819 1136 884 ceperunt,
1153 814 1332 884 postulantes
1351 814 1502 882 pacificum
1523 821 1551 870 et
1568 815 1648 886 pium
1666 815 1819 885 imperinm

991 905 1132 971 nostrum,
1157 907 1190 957 ut
1213 901 1292 957 lieret
1315 901 1489 959 universalis
1508 904 1643 973 synodus.
1666 904 1740 976 Ergo
1752 904 1822 959 huic

992 990 1125 1061 petitioni
1141 991 1306 1061 annuimus,
1324 992 1380 1047 Deo
1393 1005 1451 1060 yos,
1469 998 1501 1047 ut
1515 992 1662 1048 veritatem
1678 992 1820 1050 dicamus.

993 1093 1164 1151 congregare
1183 1080 1301 1152 veiento,
1323 1086 1351 1136 et
1371 1095 1422 1137 uos
1436 1082 1471 1137 ad
1494 1081 1521 1136 id
1551 1081 1702 1153 dirigente.
1728 1082 1823 1154 Igitur

994 1169 1128 1238 quoniam
1149 1182 1166 1224 a
1190 1174 1249 1226 toto
1271 1174 1411 1226 terrarum
1433 1171 1500 1227 orbe
1524 1171 1641 1243 collegit
1664 1185 1714 1227 vos
1734 1173 1821 1239 Deus,

993 1258 1149 1314 eonsilium
1173 1273 1258 1315 suum
1290 1264 1415 1317 statuere
1440 1260 1554 1332 volens3
1579 1274 1644 1317 ecce
1666 1261 1824 1331 propositis

994 1347 1102 1403 sanetis
1121 1348 1292 1419 Euangeliis,
1315 1352 1343 1404 et
1367 1348 1595 1420 intelligibiliter
1617 1349 1822 1418 clamantibus,

994 1437 1069 1490 Jusle
1078 1436 1203 1503 judicate
1216 1433 1303 1507 (John.
1321 1437 1387 1511 vt1):
1400 1442 1472 1493 state
1492 1437 1611 1493 stabiles
1624 1437 1743 1507 pletatis
1754 1451 1825 1507 pro-

996 1529 1176 1594 pugnatores,
1192 1531 1220 1579 et
1239 1539 1349 1581 omnem
1387 1525 1520 1582 critatem
1540 1540 1650 1597 vocum,
1669 1531 1698 1581 et
1712 1526 1826 1583 nouiter

995 1621 1176 1682 apparentem
1201 1614 1370 1670 seditionem
1391 1615 1517 1671 recidere
1537 1621 1698 1685 procurate,
1720 1629 1826 1685 quem-

996 1700 1148 1757 admodum
1176 1708 1205 1757 et
1222 1703 1322 1758 Petrus
1344 1702 1456 1772 primus
1478 1704 1612 1773 princeps
1633 1698 1824 1778 [principum]

997 1790 1111 1861 collegii
1134 1791 1296 1863 apostolici,
1316 1792 1366 1863 qui
1387 1792 1501 1848 servilis
1525 1792 1705 1861 deceptionis
1724 1805 1827 1848 amen-

997 1879 1038 1934 tia
1069 1894 1212 1950 percussa,
1245 1881 1370 1936 iudaicae
1396 1882 1557 1937 auditionis
1581 1895 1698 1937 sensum
1729 1880 1826 1953 gladio

998 1968 1120 2024 abstulit
1144 1967 1231 2039 (tonat.
1255 1968 1346 2042 xvim).
1372 1971 1522 2026 Extendite
1544 1971 1667 2026 securim
1690 1971 1825 2041 spiritus,

998 2064 1026 2113 et
1045 2072 1154 2113 omnem
1175 2059 1304 2115 arborem
1322 2059 1528 2131 germinantem
1558 2059 1684 2116 lructum
1704 2066 1827 2115 courten-

999 2145 1088 2202 tionis
1105 2153 1134 2203 ct
1151 2147 1343 2204 dissensionis
1361 2162 1395 2204 ac
1416 2149 1585 2205 introducta·
1608 2148 1755 2217 novitatis,
1777 2154 1827 2202 aut

1000 2236 1243 2308 magisterialibus
1257 2237 1377 2294 vocibus
1396 2238 1600 2308 tranplautatc,
1616 2241 1666 2293 aut
1679 2236 1828 2293 canonicis

1000 2324 1245 2396 increpationibus
1260 2326 1412 2396 concidite,
1431 2331 1459 2382 et
1480 2327 1510 2382 in
1531 2327 1624 2398 ignem
1648 2325 1756 2381 lutura
1777 2337 1828 2396 ge-

1000 2415 1100 2471 hennae
1120 2416 1321 2473 transmittite:
1347 2421 1378 2472 ut
1396 2417 1538 2488 integrum
1562 2415 1696 2472 Ecclesiae
1722 2429 1828 2485 eorpus

1000 2511 1176 2574 compactum
1198 2510 1226 2560 et
1245 2506 1415 2561 conveniens
1432 2512 1517 2575 atque
1535 2510 1652 2576 paterna
1671 2504 1828 2560 traditione

1001 2592 1214 2650 corroboratum
1232 2607 1286 2666 pax
1303 2595 1427 2664 spiritus
1446 2595 1599 2665 custodiat,
1620 2601 1648 2649 et
1663 2593 1755 2649 totius
1770 2594 1831 2649 Eo-

1002 2681 1266 2754 manaJreipublicae
1279 2688 1382 2739 nostra
1389 2684 1559 2740 constitutio
1569 2684 1593 2739 si
1600 2682 1659 2738 rnul
1670 2682 1831 2752 tranquilla

1003 2784 1067 2826 cum
1095 2771 1159 2827 ildei
1182 2772 1393 2843 tranquillitate
1419 2773 1566 2829 consistat.
1591 2772 1717 2828 Litteras
1734 2774 1830 2827 numm

1002 2860 1182 2930 suscepimus
1209 2860 1312 2916 missas
1338 2861 1374 2916 ab
1393 2860 1519 2917 Adriano
1545 2860 1730 2916 sanctissimo
1759 2870 1831 2929 papa

123 2945 302 3016 perciperent
316 2948 409 3003 linem.
423 2948 604 3005 hccerseutes
618 2962 685 3021 ergo
704 2950 948 3008 virosecclesias-
1005 2948 1128 3004 senioris
1147 2950 1241 3004 Bomae
1258 2963 1307 3020 per
1326 2949 1449 3005 vicarios
1465 2949 1568 3019 ipsius,
1589 2950 1703 3004 Petrum
1720 2947 1832 3003 scilicet

123 3033 246 3090 tieorum
269 3036 447 3108 negotiorum
472 3045 613 3109 expertos,
638 3045 666 3095 et
684 3039 830 3096 Christum
858 3043 946 3097 Deum
964 3038 1127 3109 cprimnm
1155 3038 1360 3110 presbyterum,
1388 3044 1415 3095 et
1447 3039 1561 3095 Petrum
1588 3039 1645 3094 Deo
1677 3036 1832 3093 amabilem

123 3130 253 3179 nostrum
269 3124 442 3187 invocantes,
453 3133 481 3182 et
491 3127 646 3183 consilium
661 3142 727 3183 cum
745 3129 788 3185 eis
799 3127 945 3188 iacientes.
1003 3125 1197 3198 presbyterum
1209 3132 1237 3191 et
1249 3127 1450 3198 hegumenum,
1465 3127 1557 3198 quiet
1575 3126 1722 3183 vobiscum
1735 3126 1833 3181 sedere

124 3212 256 3282 quisnam
274 3215 381 3286 diguus
394 3223 469 3272 esset
486 3218 602 3287 provehi
620 3219 654 3274 ad
674 3220 826 3275 sacerdotii
847 3222 949 3277 cathe-
1001 3217 1136 3273 rideutur
1155 3235 1161 3270 :
1178 3222 1206 3272 et
1227 3216 1361 3286 iubemus
1375 3217 1531 3274 secuudum
1543 3217 1592 3286 jus
1613 3216 1783 3287 synodicum
1804 3215 1833 3270 iu

123 3300 204 3357 dram
231 3303 318 3374 huy'us
343 3307 400 3361 Deo
423 3308 622 3363 conservandae
647 3308 737 3379 regiae
759 3309 896 3381 civitatis,
920 3317 948 3367 et
1002 3306 1178 3363 audientiam
1194 3306 1322 3362 omnium
1344 3306 1469 3362 recitari.
1490 3306 1524 3362 Et
1544 3319 1609 3362 cnm
1626 3304 1724 3360 debito
1740 3303 1835 3359 silen-

124 3392 214 3449 unius
240 3394 356 3450 consilii
381 3395 530 3465 animique
555 3396 691 3454 omnihus
715 3396 808 3469 iactis,
843 3400 871 3456 iu
891 3402 949 3455 Ta·
1004 3397 1045 3453 tio
1064 3397 1111 3452 his
1123 3395 1232 3451 auditis
1247 3409 1377 3451 unacum
1393 3394 1527 3465 apicibus
1544 3395 1574 3450 iu
1590 3393 1704 3450 duobus
1723 3399 1835 3465 quater

125 3481 233 3538 rasium
246 3482 296 3553 qui
314 3497 391 3539 nune
409 3484 438 3539 iu
461 3485 617 3555 pontillcali
643 3488 777 3556 praesidet
795 3489 945 3560 dignitate,
1006 3485 1143 3542 uionibus
1163 3497 1179 3539 a
1202 3484 1324 3540 summis
1353 3483 1560 3555 sacerdotibus,
1582 3491 1610 3539 ct
1631 3481 1831 3539 sacerdotibus

124 3569 246 3627 dabatur
262 3572 416 3628 decretum.
430 3574 510 3628 Hnnc
525 3574 621 3643 itaque
642 3575 819 3647 advocantes,
836 3589 868 3631 ea
886 3592 948 3648 quae
1002 3572 1160 3630 Orientalis
1173 3573 1330 3630 dioeceseos
1349 3572 1512 3644 destinatis,
1535 3587 1585 3644 per
1598 3574 1733 3628 loannem
1752 3584 1836 3628 rere-

124 3658 282 3716 dictasunt
296 3667 323 3716 et
337 3661 546 3731 decretasuper
559 3676 602 3727 eo,
618 3663 883 3731 pronuntiavimus:
896 3665 948 3736 qui
1004 3663 1210 3720 rendissimum
1230 3663 1400 3718 monachum
1423 3667 1451 3718 et
1471 3663 1579 3719 dudum
1603 3662 1762 3733 syncellum
1789 3675 1837 3732 pa·

126 3759 304 3817 nequaquam
326 3760 450 3804 annuere
471 3748 572 3821 voluit,
594 3764 684 3820 neque
710 3766 878 3810 consensum
903 3755 951 3812 his
1005 3752 1171 3808 triarchalis
1191 3751 1351 3808 Antiochiae
1380 3751 1467 3824 sedis,
1490 3758 1518 3807 et
1535 3751 1670 3807 Thomam
1693 3750 1837 3821 presbyte-

127 3848 190 3904 quae
201 3836 313 3892 decreta
328 3834 450 3909 inerant,
465 3837 536 3893 ellici
559 3839 731 3909 postulabat.
755 3842 882 3914 Cumque
899 3858 951 3900 nos
1007 3856 1069 3897 rum
1086 3847 1114 3897 ct
1135 3841 1341 3913 hegumenum3
1364 3841 1414 3912 qui
1435 3845 1463 3896 et
1483 3840 1539 3910 ipsi
1553 3838 1774 3895 eccerohiscum
1790 3838 1837 3895 ad·

126 3937 202 3996 cum,
222 3925 404 3995 quamobrem
423 3924 539 3983 obedire
562 3927 680 3983 minime
707 3936 860 3999 pateretur,
884 3947 953 4004 per-
1007 3936 1092 3987 sunt:
1106 3930 1244 4000 peripsos
1259 3927 1356 4005 [ipsas]
1371 3929 1559 4002 cognoscetis.
1578 3929 1673 3999 qualis
1686 3928 1726 3983 sit
1741 3925 1838 3983 Eecle·

129 4014 235 4070 coutati
257 4012 430 4071 fuissemus:
451 4016 544 4086 primo
564 4016 680 4087 quidem
699 4021 846 4089 respoudit
863 4036 953 4079 excu-
1007 4020 1058 4076 sla
1068 4019 1218 4075 catholicae
1232 4033 1343 4076 sensus.

128 4116 195 4158 sans
208 4116 239 4159 se
262 4109 290 4158 et
311 4118 397 4173 super
420 4120 450 4160 se
468 4106 570 4178 jugum
592 4109 744 4164 sacerdotii
765 4110 873 4167 dicens.
897 4115 954 4168 Nos
1044 4111 1144 4166 Sancta
1166 4109 1392 4179 synodusdixit:
1415 4109 1566 4165 Conservet
1585 4109 1660 4163 Deus
1681 4105 1836 4176 imperium

128 4199 224 4250 autem
246 4193 450 4267 intelligentes,
474 4197 548 4265 quod
569 4197 780 4254 excusationem
801 4202 952 4270 quamdam
1011 4199 1155 4271 ipsorum!
1173 4201 1281 4270 Longos
1297 4197 1382 4254 iaciat
1395 4199 1471 4253 Deus
1490 4210 1580 4253 annos
1594 4209 1692 4252 eorum
1706 4195 1712 4249 l
1727 4196 1839 4250 Peram-

128 4280 233 4341 facerct
245 4297 406 4354 proponens
425 4299 480 4341 non
504 4286 704 4358 obediendum,
721 4302 899 4359 nequaquam
915 4291 950 4346 ah
1013 4289 1091 4360 plius
1107 4288 1229 4359 gaudere
1242 4287 1377 4342 concedat
1393 4285 1476 4341 illos!

128 4387 171 4444 eo,
186 4372 454 4445 sodpermausimus
471 4376 641 4444 persuadere
658 4375 702 4431 illi
714 4385 857 4450 conantes,
875 4379 950 4450 quod
966 4364 994 4425 D
1047 4380 1081 4432 Et
1101 4377 1242 4432 adductus
1262 4381 1305 4431 cst
1327 4375 1452 4431 Basilius
1473 4374 1601 4446 Ancyra,
1621 4380 1650 4429 et
1669 4372 1838 4428 Theodorus

129 4463 287 4534 susciperet
302 4463 405 4518 summi
419 4464 572 4520 sacerdotii
590 4462 768 4537 dignitatem.
784 4469 846 4536 lpse
858 4467 955 4539 itaque
1009 4470 1163 4538 llyrorum,
1180 4472 1207 4521 et
1227 4464 1404 4521 Theodosius
1417 4461 1573 4519 hmmo‘rii:
1590 4470 1617 4519 et
1632 4461 1780 4518 stantibus
1794 4459 1838 4515 cis

129 4552 229 4608 videus
240 4553 406 4609 instantiam
436 4559 571 4620 nostram,
592 4565 707 4609 causam
730 4556 956 4613 renuntiationis
1011 4556 1041 4612 in
1055 4556 1148 4611 medio
1163 4561 1267 4610 sanctae
1282 4554 1394 4625 synodi,
1410 4554 1536 4609 Basilius
1552 4553 1705 4623 episcopus
1719 4550 1839 4620 Ancyrae

129 4641 328 4697 annuntiabat.
354 4641 494 4711 Quouiam
514 4641 606 4713 video,
630 4641 736 4715 inquit,
759 4651 787 4700 et
807 4646 956 4715 conspicio
1010 4646 1103 4702 dixit:
1126 4645 1269 4714 Quantum
1286 4647 1346 4698 crat
1360 4644 1394 4698 ad
1418 4643 1572 4712 potentiam
1596 4655 1697 4708 meam,
1713 4637 1837 4708 domiui,

129 4729 296 4801 Ecclesiam,
323 4745 385 4800 quae
415 4743 502 4800 super
527 4735 645 4800 petram,
673 4731 819 4789 Christum
845 4734 957 4791 scilicet
1012 4736 1129 4808 quaesivi
1156 4748 1280 4804 causam,
1317 4739 1345 4790 ct
1372 4732 1449 4789 omni
1485 4725 1683 4788 satisfactione
1711 4734 1836 4799 accepta,

128 4821 217 4875 Deum
231 4826 370 4890 nostrum,
392 4817 573 4890 lundataest,
597 4820 716 4877 scissam
732 4829 850 4879 nuncet
870 4823 957 4879 dlru-
1010 4824 1116 4881 accessi
1142 4825 1175 4880 ad
1202 4824 1373 4880 catholicam
1400 4820 1556 4877 Ecclesiam
1584 4833 1635 4891 ego
1662 4817 1839 4874 novissimus

130 4913 218 4980 ptam,
238 4913 266 4964 et
279 4922 330 4964 nos
348 4908 428 4964 aliud
448 4909 604 4979 loquentes,
621 4916 649 4965 et
663 4923 711 4966 eos
729 4911 778 4981 qui
795 4925 830 4967 ex
841 4911 957 4968 Oriente
1011 4927 1110 4969 servus
1140 4919 1240 4969 vester.
1273 4912 1410 4969 Tarasius
1439 4910 1640 4966 sanctissimus
1672 4906 1839 4978 patriarcha

129 4996 219 5053 unius
232 4996 455 5053 uobiscumildei
468 5002 545 5068 sunt,
556 4998 738 5055 Christianos
748 4999 894 5071 videlicet,
906 5001 958 5055 ali·
1010 5003 1101 5058 dixit:
1130 5002 1229 5058 Gloria
1249 5004 1316 5072 Deo,
1338 5001 1387 5071 qui
1418 4999 1480 5055 vult
1504 5012 1602 5055 omnes
1624 4995 1740 5065 salvari,
1761 5000 1789 5051 et
1803 4991 1837 5050 ad

129 5093 182 5157 ter,
196 5090 224 5141 et
239 5086 443 5142 concordantes
456 5087 503 5144 his
517 5088 566 5159 qui
579 5088 954 5162 oxOccidenteconsistunt,
1009 5090 1183 5164 agnitionem
1200 5090 1330 5146 veritatis
1343 5089 1440 5144 venire
1453 5088 1478 5159 (l
1491 5089 1558 5142 Tim.
1580 5087 1620 5158 u).

128 5188 237 5245 nosque
256 5173 395 5230 alienatos
411 5175 446 5231 ab
464 5176 526 5232 illis
541 5177 694 5246 universis,
711 5183 738 5232 et
758 5190 808 5246 per
824 5178 956 5250 singulos
1044 5178 1169 5235 Basilius
1182 5178 1335 5248 episcopus
1348 5177 1466 5248 Ancyrae
1478 5191 1513 5232 ex
1526 5175 1625 5232 libello
1638 5174 1679 5231 ita
1693 5173 1774 5246 legit.
1785 5175 1839 5229 Le-

128 5263 192 5319 dies
205 5263 241 5319 ab
253 5262 388 5319 omuibus
406 5265 670 5336 anathematizatos,
686 5278 825 5336 agnosco:
843 5272 872 5321 et
886 5267 954 5337 quia
1009 5268 1124 5342 gislatio
1138 5271 1181 5322 est
1203 5266 1397 5322 ecclesiastica
1413 5265 1549 5322 canonice
1563 5263 1669 5320 tradita
1684 5264 1837 5319 desursum

130 5353 269 5424 synodum
288 5351 476 5407 universalem
489 5366 573 5421 posco
586 5352 659 5423 lieri,
674 5353 741 5407 dum
754 5353 855 5408 vicarii
870 5361 954 5411 tama
1008 5357 1044 5412 ah
1059 5355 1144 5411 initio
1160 5361 1215 5410 tam
1232 5369 1248 5411 a
1267 5356 1374 5411 sanctis
1390 5354 1537 5425 apostolis,
1555 5366 1638 5424 quam
1654 5367 1669 5408 a
1686 5365 1839 5408 successo-

131 5455 203 5512 papa
215 5443 350 5511 Romano,
361 5454 444 5511 quam
457 5441 627 5496 ab0rientis
636 5440 818 5512 principibus
828 5445 957 5502 sacerdo·
1009 5445 1091 5502 ribus
1105 5458 1214 5516 eorum,
1225 5445 1333 5500 sanctis
1342 5443 1475 5499 videlicet
1485 5442 1617 5498 Patribus
1629 5442 1738 5498 nostris
1752 5446 1839 5512 atque

131 5537 192 5586 tum
204 5530 399 5586 inveniuntur.
410 5531 473 5585 Hae
484 5544 536 5589 mos
549 5530 793 5585 introtescoutesin
803 5534 955 5601 prasentia
1009 5533 1170 5605 magistris,
1187 5534 1233 5589 sed
1250 5540 1278 5589 et
1293 5533 1401 5589 sanetis
1416 5537 1443 5587 et
1458 5529 1674 5586 universalibus
1689 5543 1738 5585 sex
1755 5541 1840 5600 syno·
