<?xml version="1.0" encoding="UTF-8"?>
<!DOCTYPE html PUBLIC "-//W3C//DTD XHTML 1.0 Transitional//EN"
    "http://www.w3.org/TR/xhtml1/DTD/xhtml1-transitional.dtd">
<html xmlns="http://www.w3.org/1999/xhtml" xml:lang="en" lang="en">
 <head>
  <title>
</title>
<meta http-equiv="Content-Type" content="text/html;charset=utf-8" />
  <meta name='ocr-system' content='tesseract 3.04.00' />
  <meta name='ocr-capabilities' content='ocr_page ocr_carea ocr_par ocr_line ocrx_word'/>
</head>
<body>
  <div class='ocr_page' id='page_1' title='image "./patrologiaecurs06migngoog_0218.png"; bbox 0 0 3876 6090; ppageno 0'>
   <div class='ocr_carea' id='block_1_1' title="bbox 110 279 1821 357">
    <p class='ocr_par' dir='ltr' id='par_1_1' title="bbox 110 279 1821 357">
     <span class='ocr_line' id='line_1_1' title="bbox 110 279 1821 357; baseline 0.011 -19"><span class='ocrx_word' id='word_1_1' title='bbox 110 279 165 339; x_wconf 68' lang='grc'><strong>495</strong></span> <span class='ocrx_word' id='word_1_2' title='bbox 506 283 781 343; x_wconf 72' lang='lat' dir='ltr'><strong>dilemmatam</strong></span> <span class='ocrx_word' id='word_1_3' title='bbox 798 284 923 342; x_wconf 79' lang='lat' dir='ltr'><strong>sarmul</strong></span> <span class='ocrx_word' id='word_1_4' title='bbox 944 283 990 342; x_wconf 82' lang='lat' dir='ltr'><strong>iii</strong></span> <span class='ocrx_word' id='word_1_5' title='bbox 1008 284 1260 348; x_wconf 78' lang='lat' dir='ltr'><strong>Gaditanum-</strong></span> <span class='ocrx_word' id='word_1_6' title='bbox 1277 294 1378 352; x_wconf 79' lang='lat' dir='ltr'><strong>acam</strong></span> <span class='ocrx_word' id='word_1_7' title='bbox 1401 298 1442 353; x_wconf 85' lang='lat' dir='ltr'><strong>i&#39;l.</strong></span> <span class='ocrx_word' id='word_1_8' title='bbox 1767 293 1821 357; x_wconf 79' lang='lat' dir='ltr'><strong>tid</strong></span> 
     </span>
    </p>
   </div>
   <div class='ocr_carea' id='block_1_2' title="bbox 95 410 1858 5670">
    <p class='ocr_par' dir='ltr' id='par_1_2' title="bbox 95 410 1858 5670">
     <span class='ocr_line' id='line_1_2' title="bbox 108 410 1822 501; baseline 0.005 -25"><span class='ocrx_word' id='word_1_9' title='bbox 108 422 149 477; x_wconf 80' lang='lat' dir='ltr'><strong>iis</strong></span> <span class='ocrx_word' id='word_1_10' title='bbox 164 424 287 477; x_wconf 80' lang='lat' dir='ltr'><strong>minimis</strong></span> <span class='ocrx_word' id='word_1_11' title='bbox 302 424 440 490; x_wconf 72' lang='lat' dir='ltr'><strong>patritus</strong></span> <span class='ocrx_word' id='word_1_12' title='bbox 454 426 529 491; x_wconf 81' lang='lat' dir='ltr'><strong>meis,</strong></span> <span class='ocrx_word' id='word_1_13' title='bbox 543 426 728 493; x_wconf 72' lang='lat' dir='ltr'><strong>manifestetis</strong></span> <span class='ocrx_word' id='word_1_14' title='bbox 740 424 849 498; x_wconf 81' lang='lat' dir='ltr'><strong>(Metti.</strong></span> <span class='ocrx_word' id='word_1_15' title='bbox 873 427 941 501; x_wconf 78' lang='lat' dir='ltr'><strong>nnn)</strong></span> <span class='ocrx_word' id='word_1_16' title='bbox 952 410 982 471; x_wconf 84' lang='lat' dir='ltr'><strong>A</strong></span> <span class='ocrx_word' id='word_1_17' title='bbox 995 425 1043 469; x_wconf 79' lang='lat' dir='ltr'><strong>eas</strong></span> <span class='ocrx_word' id='word_1_18' title='bbox 1055 426 1071 469; x_wconf 83' lang='lat' dir='ltr'><strong>a</strong></span> <span class='ocrx_word' id='word_1_19' title='bbox 1084 413 1171 473; x_wconf 84' lang='lat' dir='ltr'><strong>labiis</strong></span> <span class='ocrx_word' id='word_1_20' title='bbox 1188 418 1284 492; x_wconf 84' lang='lat' dir='ltr'><strong>luere,</strong></span> <span class='ocrx_word' id='word_1_21' title='bbox 1300 426 1329 477; x_wconf 92' lang='lat' dir='ltr'><strong>et</strong></span> <span class='ocrx_word' id='word_1_22' title='bbox 1347 421 1481 480; x_wconf 90' lang='lat' dir='ltr'><strong>lamentis</strong></span> <span class='ocrx_word' id='word_1_23' title='bbox 1497 423 1616 482; x_wconf 88' lang='lat' dir='ltr'><strong>allectus</strong></span> <span class='ocrx_word' id='word_1_24' title='bbox 1632 425 1736 484; x_wconf 87' lang='lat' dir='ltr'><strong>abires.</strong></span> <span class='ocrx_word' id='word_1_25' title='bbox 1755 428 1822 484; x_wconf 86' lang='lat' dir='ltr'><strong>vin-</strong></span> 
     </span>
     <span class='ocr_line' id='line_1_3' title="bbox 109 500 1821 586; baseline 0.012 -20"><span class='ocrx_word' id='word_1_26' title='bbox 109 511 141 566; x_wconf 85' lang='lat' dir='ltr'><strong>m</strong></span> <span class='ocrx_word' id='word_1_27' title='bbox 159 511 230 582; x_wconf 88' lang='lat' dir='ltr'><strong>quia</strong></span> <span class='ocrx_word' id='word_1_28' title='bbox 247 510 356 568; x_wconf 73' lang='lat' dir='ltr'><strong>asterii</strong></span> <span class='ocrx_word' id='word_1_29' title='bbox 374 513 539 569; x_wconf 81' lang='lat' dir='ltr'><strong>memoriam</strong></span> <span class='ocrx_word' id='word_1_30' title='bbox 557 512 690 586; x_wconf 76' lang='lat' dir='ltr'><strong>fecimus,</strong></span> <span class='ocrx_word' id='word_1_31' title='bbox 707 515 751 571; x_wconf 88' lang='lat' dir='ltr'><strong>eia</strong></span> <span class='ocrx_word' id='word_1_32' title='bbox 766 515 861 572; x_wconf 86' lang='lat' dir='ltr'><strong>verbis</strong></span> <span class='ocrx_word' id='word_1_33' title='bbox 877 517 940 586; x_wconf 84' lang='lat' dir='ltr'><strong>ejus</strong></span> <span class='ocrx_word' id='word_1_34' title='bbox 995 500 1092 557; x_wconf 68' lang='lat' dir='ltr'><strong>cllum</strong></span> <span class='ocrx_word' id='word_1_35' title='bbox 1109 503 1179 574; x_wconf 59' lang='lat' dir='ltr'><strong>[Gru</strong></span> <span class='ocrx_word' id='word_1_36' title='bbox 1194 506 1305 579; x_wconf 64' lang='lat' dir='ltr'><strong>cimil]</strong></span> <span class='ocrx_word' id='word_1_37' title='bbox 1323 514 1387 579; x_wconf 91' lang='lat' dir='ltr'><strong>post</strong></span> <span class='ocrx_word' id='word_1_38' title='bbox 1406 511 1482 567; x_wconf 72' lang='lat' dir='ltr'><strong>h³³⁰²</strong></span> <span class='ocrx_word' id='word_1_39' title='bbox 1502 515 1531 567; x_wconf 69' lang='grc' dir='ltr'><strong>θῑ</strong></span> <span class='ocrx_word' id='word_1_40' title='bbox 1548 512 1653 569; x_wconf 64' lang='lat' dir='ltr'><strong>ilerum</strong></span> <span class='ocrx_word' id='word_1_41' title='bbox 1677 514 1756 585; x_wconf 85' lang='lat' dir='ltr'><strong>virgo</strong></span> <span class='ocrx_word' id='word_1_42' title='bbox 1775 516 1821 572; x_wconf 68' lang='lat' dir='ltr'><strong>dt·</strong></span> 
     </span>
     <span class='ocr_line' id='line_1_4' title="bbox 109 592 1820 674; baseline 0.001 -17"><span class='ocrx_word' id='word_1_43' title='bbox 109 606 232 672; x_wconf 88' lang='lat' dir='ltr'><strong>atenies,</strong></span> <span class='ocrx_word' id='word_1_44' title='bbox 252 600 463 657; x_wconf 85' lang='lat' dir='ltr'><strong>venerabilium</strong></span> <span class='ocrx_word' id='word_1_45' title='bbox 484 602 641 674; x_wconf 79' lang='lat' dir='ltr'><strong>imaginum</strong></span> <span class='ocrx_word' id='word_1_46' title='bbox 663 604 847 661; x_wconf 79' lang='lat' dir='ltr'><strong>traditionem</strong></span> <span class='ocrx_word' id='word_1_47' title='bbox 868 605 941 661; x_wconf 88' lang='lat' dir='ltr'><strong>anti·</strong></span> <span class='ocrx_word' id='word_1_48' title='bbox 995 604 1061 647; x_wconf 84' lang='lat' dir='ltr'><strong>cora</strong></span> <span class='ocrx_word' id='word_1_49' title='bbox 1078 592 1207 651; x_wconf 80' lang='lat' dir='ltr'><strong>insulsis</strong></span> <span class='ocrx_word' id='word_1_50' title='bbox 1218 597 1356 670; x_wconf 87' lang='lat' dir='ltr'><strong>vestibus,</strong></span> <span class='ocrx_word' id='word_1_51' title='bbox 1371 599 1419 656; x_wconf 90' lang='lat' dir='ltr'><strong>sed</strong></span> <span class='ocrx_word' id='word_1_52' title='bbox 1430 601 1538 671; x_wconf 91' lang='lat' dir='ltr'><strong>etsola,</strong></span> <span class='ocrx_word' id='word_1_53' title='bbox 1553 601 1707 658; x_wconf 81' lang='lat' dir='ltr'><strong>ermndens</strong></span> <span class='ocrx_word' id='word_1_54' title='bbox 1720 617 1820 661; x_wconf 92' lang='lat' dir='ltr'><strong>manus</strong></span> 
     </span>
     <span class='ocr_line' id='line_1_5' title="bbox 109 680 1822 763; baseline 0.008 -16"><span class='ocrx_word' id='word_1_55' title='bbox 109 703 192 761; x_wconf 90' lang='lat' dir='ltr'><strong>quam</strong></span> <span class='ocrx_word' id='word_1_56' title='bbox 210 703 274 746; x_wconf 87' lang='lat' dir='ltr'><strong>esse</strong></span> <span class='ocrx_word' id='word_1_57' title='bbox 289 689 500 763; x_wconf 79' lang='lat' dir='ltr'><strong>legislationem</strong></span> <span class='ocrx_word' id='word_1_58' title='bbox 516 696 709 749; x_wconf 80' lang='lat' dir='ltr'><strong>monstremus</strong></span> <span class='ocrx_word' id='word_1_59' title='bbox 727 693 876 751; x_wconf 81' lang='lat' dir='ltr'><strong>catholice</strong></span> <span class='ocrx_word' id='word_1_60' title='bbox 892 696 941 750; x_wconf 88' lang='lat' dir='ltr'><strong>Ee·</strong></span> <span class='ocrx_word' id='word_1_61' title='bbox 995 680 1030 736; x_wconf 59' lang='grc' dir='ltr'><strong>δᾶ</strong></span> <span class='ocrx_word' id='word_1_62' title='bbox 1041 681 1155 755; x_wconf 66' lang='lat' dir='ltr'><strong>ssffllussh</strong></span> <span class='ocrx_word' id='word_1_63' title='bbox 1171 684 1405 744; x_wconf 62' lang='lat' dir='ltr'><strong>issitifflsssnffliffl</strong></span> <span class='ocrx_word' id='word_1_64' title='bbox 1419 692 1540 746; x_wconf 62' lang='grc' dir='ltr'><strong>ῑῑῐῑθῑθῐῐῑ</strong></span> <span class='ocrx_word' id='word_1_65' title='bbox 1555 691 1585 746; x_wconf 73' lang='grc' dir='ltr'><strong>ῑΠ</strong></span> <span class='ocrx_word' id='word_1_66' title='bbox 1600 691 1701 761; x_wconf 68' lang='lat' dir='ltr'><strong>lioessis·</strong></span> <span class='ocrx_word' id='word_1_67' title='bbox 1716 692 1822 748; x_wconf 89' lang='lat' dir='ltr'><strong>Omnte</strong></span> 
     </span>
     <span class='ocr_line' id='line_1_6' title="bbox 109 773 1823 854; baseline 0.008 -18"><span class='ocrx_word' id='word_1_68' title='bbox 109 777 214 836; x_wconf 77' lang='lat' dir='ltr'><strong>elusim.</strong></span> <span class='ocrx_word' id='word_1_69' title='bbox 244 779 357 834; x_wconf 87' lang='lat' dir='ltr'><strong>Etenim</strong></span> <span class='ocrx_word' id='word_1_70' title='bbox 386 779 448 849; x_wconf 87' lang='lat' dir='ltr'><strong>ipse</strong></span> <span class='ocrx_word' id='word_1_71' title='bbox 467 780 677 850; x_wconf 81' lang='lat' dir='ltr'><strong>contemplatus</strong></span> <span class='ocrx_word' id='word_1_72' title='bbox 699 782 853 854; x_wconf 81' lang='lat' dir='ltr'><strong>imaginem</strong></span> <span class='ocrx_word' id='word_1_73' title='bbox 880 796 940 853; x_wconf 91' lang='lat' dir='ltr'><strong>pas-</strong></span> <span class='ocrx_word' id='word_1_74' title='bbox 995 775 1089 826; x_wconf 57' lang='lat' dir='ltr'><strong>aulem</strong></span> <span class='ocrx_word' id='word_1_75' title='bbox 1104 784 1147 845; x_wconf 65' lang='lat'><strong>³1¹2</strong></span> <span class='ocrx_word' id='word_1_76' title='bbox 1163 773 1277 831; x_wconf 63' lang='lat' dir='ltr'><strong>Videtur</strong></span> <span class='ocrx_word' id='word_1_77' title='bbox 1291 790 1377 847; x_wconf 88' lang='lat' dir='ltr'><strong>super</strong></span> <span class='ocrx_word' id='word_1_78' title='bbox 1391 782 1477 848; x_wconf 90' lang='lat' dir='ltr'><strong>caput</strong></span> <span class='ocrx_word' id='word_1_79' title='bbox 1491 779 1617 851; x_wconf 87' lang='lat' dir='ltr'><strong>signum,</strong></span> <span class='ocrx_word' id='word_1_80' title='bbox 1632 780 1707 849; x_wconf 63' lang='lat' dir='ltr'><strong>‘luti</strong></span> <span class='ocrx_word' id='word_1_81' title='bbox 1721 780 1766 835; x_wconf 74' lang='lat'><strong>¹0¹</strong></span> <span class='ocrx_word' id='word_1_82' title='bbox 1779 786 1823 837; x_wconf 70' lang='lat' dir='ltr'><strong>etl</strong></span> 
     </span>
     <span class='ocr_line' id='line_1_7' title="bbox 111 858 1823 943; baseline 0.012 -21"><span class='ocrx_word' id='word_1_83' title='bbox 111 866 378 937; x_wconf 83' lang='lat' dir='ltr'><strong>sionisEuphemiae</strong></span> <span class='ocrx_word' id='word_1_84' title='bbox 388 869 939 941; x_wconf 86' lang='lat' dir='ltr'><strong>martyris,talibusestiaudibususus:</strong></span> <span class='ocrx_word' id='word_1_85' title='bbox 996 858 1172 917; x_wconf 61' lang='lat' dir='ltr'><strong>Christianis</strong></span> <span class='ocrx_word' id='word_1_86' title='bbox 1188 862 1326 921; x_wconf 66' lang='lat' dir='ltr'><strong>aditiisstfl</strong></span> <span class='ocrx_word' id='word_1_87' title='bbox 1348 871 1377 922; x_wconf 76' lang='grc' dir='ltr'><strong>θῑ</strong></span> <span class='ocrx_word' id='word_1_88' title='bbox 1399 868 1648 937; x_wconf 64' lang='lat' dir='ltr'><strong>Sibiffltilbtssdii</strong></span> <span class='ocrx_word' id='word_1_89' title='bbox 1671 870 1746 939; x_wconf 65' lang='lat'>(1⁰0⁶</span> <span class='ocrx_word' id='word_1_90' title='bbox 1771 883 1823 943; x_wconf 67' lang='lat'><strong>93⁰</strong></span> 
     </span>
     <span class='ocr_line' id='line_1_8' title="bbox 111 945 1820 1032; baseline 0.007 -31"><span class='ocrx_word' id='word_1_91' title='bbox 111 955 217 1014; x_wconf 66' lang='lat' dir='ltr'><strong>Mulier</strong></span> <span class='ocrx_word' id='word_1_92' title='bbox 234 957 364 1027; x_wconf 55' lang='lat' dir='ltr'><strong>quasdam</strong></span> <span class='ocrx_word' id='word_1_93' title='bbox 384 956 442 1013; x_wconf 89' lang='lat' dir='ltr'><strong>luit</strong></span> <span class='ocrx_word' id='word_1_94' title='bbox 461 972 540 1014; x_wconf 56' lang='lat' dir='ltr'>sacra</span> <span class='ocrx_word' id='word_1_95' title='bbox 558 959 648 1032; x_wconf 53' lang='lat' dir='ltr'><strong>virgg</strong></span> <span class='ocrx_word' id='word_1_96' title='bbox 673 960 867 1031; x_wconf 60' lang='lat' dir='ltr'><strong>qngffifupfflm</strong></span> <span class='ocrx_word' id='word_1_97' title='bbox 886 962 943 1017; x_wconf 66' lang='lat'><strong>000</strong></span> <span class='ocrx_word' id='word_1_98' title='bbox 998 945 1139 1004; x_wconf 90' lang='lat' dir='ltr'><strong>indicium</strong></span> <span class='ocrx_word' id='word_1_99' title='bbox 1150 963 1211 1006; x_wconf 90' lang='lat' dir='ltr'><strong>esse</strong></span> <span class='ocrx_word' id='word_1_100' title='bbox 1223 950 1349 1009; x_wconf 90' lang='lat' dir='ltr'><strong>arbitror</strong></span> <span class='ocrx_word' id='word_1_101' title='bbox 1360 955 1577 1026; x_wconf 79' lang='lat' dir='ltr'><strong>passionisque</strong></span> <span class='ocrx_word' id='word_1_102' title='bbox 1588 955 1666 1011; x_wconf 91' lang='lat' dir='ltr'><strong>illam</strong></span> <span class='ocrx_word' id='word_1_103' title='bbox 1680 955 1820 1013; x_wconf 80' lang='lat' dir='ltr'><strong>manebat·</strong></span> 
     </span>
     <span class='ocr_line' id='line_1_9' title="bbox 112 1036 1820 1118; baseline 0.006 -28"><span class='ocrx_word' id='word_1_104' title='bbox 112 1046 286 1116; x_wconf 61' lang='lat' dir='ltr'><strong>pudicitiam</strong></span> <span class='ocrx_word' id='word_1_105' title='bbox 301 1058 415 1118; x_wconf 61' lang='lat' dir='ltr'><strong>vovens,</strong></span> <span class='ocrx_word' id='word_1_106' title='bbox 432 1061 517 1117; x_wconf 68' lang='lat' dir='ltr'><strong>quam</strong></span> <span class='ocrx_word' id='word_1_107' title='bbox 534 1048 721 1118; x_wconf 64' lang='lat' dir='ltr'><strong>Euphempam</strong></span> <span class='ocrx_word' id='word_1_108' title='bbox 736 1055 846 1105; x_wconf 62' lang='lat' dir='ltr'><strong>vocant,</strong></span> <span class='ocrx_word' id='word_1_109' title='bbox 872 1050 941 1105; x_wconf 71' lang='lat' dir='ltr'><strong>cum</strong></span> <span class='ocrx_word' id='word_1_110' title='bbox 999 1036 1062 1092; x_wconf 81' lang='lat' dir='ltr'><strong>iiior</strong></span> <span class='ocrx_word' id='word_1_111' title='bbox 1074 1051 1141 1109; x_wconf 91' lang='lat' dir='ltr'><strong>ergo</strong></span> <span class='ocrx_word' id='word_1_112' title='bbox 1153 1045 1181 1095; x_wconf 92' lang='lat' dir='ltr'><strong>et</strong></span> <span class='ocrx_word' id='word_1_113' title='bbox 1197 1046 1260 1109; x_wconf 90' lang='lat' dir='ltr'><strong>post</strong></span> <span class='ocrx_word' id='word_1_114' title='bbox 1272 1042 1422 1112; x_wconf 87' lang='lat' dir='ltr'><strong>paululum</strong></span> <span class='ocrx_word' id='word_1_115' title='bbox 1438 1044 1531 1117; x_wconf 91' lang='lat' dir='ltr'><strong>ignem</strong></span> <span class='ocrx_word' id='word_1_116' title='bbox 1544 1045 1614 1101; x_wconf 89' lang='lat' dir='ltr'><strong>aiibi</strong></span> <span class='ocrx_word' id='word_1_117' title='bbox 1630 1045 1820 1102; x_wconf 82' lang='lat' dir='ltr'><strong>vehementem</strong></span> 
     </span>
     <span class='ocr_line' id='line_1_10' title="bbox 112 1125 1824 1209; baseline 0 -18"><span class='ocrx_word' id='word_1_118' title='bbox 112 1139 206 1191; x_wconf 84' lang='lat' dir='ltr'><strong>autern</strong></span> <span class='ocrx_word' id='word_1_119' title='bbox 221 1139 365 1205; x_wconf 80' lang='lat' dir='ltr'><strong>tyrannus</strong></span> <span class='ocrx_word' id='word_1_120' title='bbox 374 1135 532 1206; x_wconf 87' lang='lat' dir='ltr'><strong>aliquando</strong></span> <span class='ocrx_word' id='word_1_121' title='bbox 547 1137 611 1206; x_wconf 92' lang='lat' dir='ltr'><strong>pios</strong></span> <span class='ocrx_word' id='word_1_122' title='bbox 628 1143 854 1209; x_wconf 82' lang='lat' dir='ltr'><strong>persequeretur,</strong></span> <span class='ocrx_word' id='word_1_123' title='bbox 871 1139 943 1194; x_wconf 84' lang='lat' dir='ltr'><strong>satis</strong></span> <span class='ocrx_word' id='word_1_124' title='bbox 998 1125 1090 1195; x_wconf 82' lang='lat' dir='ltr'><strong>pictor</strong></span> <span class='ocrx_word' id='word_1_125' title='bbox 1105 1131 1263 1200; x_wconf 77' lang='lat' dir='ltr'><strong>succendit,</strong></span> <span class='ocrx_word' id='word_1_126' title='bbox 1287 1131 1374 1189; x_wconf 93' lang='lat' dir='ltr'><strong>rubro</strong></span> <span class='ocrx_word' id='word_1_127' title='bbox 1393 1133 1488 1190; x_wconf 91' lang='lat' dir='ltr'><strong>colore</strong></span> <span class='ocrx_word' id='word_1_128' title='bbox 1510 1135 1578 1190; x_wconf 92' lang='lat' dir='ltr'><strong>binc</strong></span> <span class='ocrx_word' id='word_1_129' title='bbox 1601 1139 1630 1190; x_wconf 93' lang='lat' dir='ltr'><strong>et</strong></span> <span class='ocrx_word' id='word_1_130' title='bbox 1652 1135 1718 1191; x_wconf 89' lang='lat' dir='ltr'><strong>inde</strong></span> <span class='ocrx_word' id='word_1_131' title='bbox 1737 1135 1824 1191; x_wconf 91' lang='lat' dir='ltr'><strong>clare·</strong></span> 
     </span>
     <span class='ocr_line' id='line_1_11' title="bbox 113 1218 1825 1297; baseline 0.008 -19"><span class='ocrx_word' id='word_1_132' title='bbox 113 1228 246 1295; x_wconf 86' lang='lat' dir='ltr'><strong>prompte</strong></span> <span class='ocrx_word' id='word_1_133' title='bbox 258 1224 361 1280; x_wconf 90' lang='lat' dir='ltr'><strong>mortis</strong></span> <span class='ocrx_word' id='word_1_134' title='bbox 371 1224 641 1297; x_wconf 85' lang='lat' dir='ltr'><strong>elegitpericulum.</strong></span> <span class='ocrx_word' id='word_1_135' title='bbox 653 1226 741 1282; x_wconf 87' lang='lat' dir='ltr'><strong>Porro</strong></span> <span class='ocrx_word' id='word_1_136' title='bbox 751 1227 863 1282; x_wconf 85' lang='lat' dir='ltr'><strong>civeset</strong></span> <span class='ocrx_word' id='word_1_137' title='bbox 871 1240 944 1283; x_wconf 89' lang='lat' dir='ltr'><strong>eom·</strong></span> <span class='ocrx_word' id='word_1_138' title='bbox 998 1223 1092 1272; x_wconf 64' lang='lat' dir='ltr'><strong>stille</strong></span> <span class='ocrx_word' id='word_1_139' title='bbox 1110 1218 1372 1292; x_wconf 67' lang='lat' dir='ltr'><strong>¹¹1¹i¹¹11¹³¹1¹⁶⁰ilius</strong></span> <span class='ocrx_word' id='word_1_140' title='bbox 1393 1223 1526 1280; x_wconf 64' lang='lat' dir='ltr'><strong>efficient·</strong></span> <span class='ocrx_word' id='word_1_141' title='bbox 1546 1225 1582 1280; x_wconf 76' lang='grc' dir='ltr'><strong>Αῑ</strong></span> <span class='ocrx_word' id='word_1_142' title='bbox 1597 1239 1662 1281; x_wconf 71' lang='lat' dir='ltr'><strong>tem</strong></span> <span class='ocrx_word' id='word_1_143' title='bbox 1679 1225 1709 1280; x_wconf 97' lang='lat' dir='ltr'><strong>in</strong></span> <span class='ocrx_word' id='word_1_144' title='bbox 1731 1225 1825 1281; x_wconf 92' lang='lat' dir='ltr'><strong>medio</strong></span> 
     </span>
     <span class='ocr_line' id='line_1_12' title="bbox 114 1304 1823 1386; baseline 0.008 -18"><span class='ocrx_word' id='word_1_145' title='bbox 114 1313 311 1369; x_wconf 84' lang='lat' dir='ltr'><strong>manicatores</strong></span> <span class='ocrx_word' id='word_1_146' title='bbox 330 1313 490 1385; x_wconf 84' lang='lat' dir='ltr'><strong>religionis,</strong></span> <span class='ocrx_word' id='word_1_147' title='bbox 509 1327 559 1384; x_wconf 91' lang='lat' dir='ltr'><strong>pro</strong></span> <span class='ocrx_word' id='word_1_148' title='bbox 579 1328 635 1386; x_wconf 89' lang='lat' dir='ltr'><strong>qus</strong></span> <span class='ocrx_word' id='word_1_149' title='bbox 649 1318 679 1370; x_wconf 94' lang='lat' dir='ltr'><strong>et</strong></span> <span class='ocrx_word' id='word_1_150' title='bbox 693 1321 804 1372; x_wconf 91' lang='lat' dir='ltr'><strong>mortua</strong></span> <span class='ocrx_word' id='word_1_151' title='bbox 819 1320 872 1385; x_wconf 89' lang='lat' dir='ltr'><strong>est,</strong></span> <span class='ocrx_word' id='word_1_152' title='bbox 889 1317 945 1372; x_wconf 91' lang='lat' dir='ltr'><strong>uti·</strong></span> <span class='ocrx_word' id='word_1_153' title='bbox 998 1304 1117 1360; x_wconf 67' lang='lat' dir='ltr'><strong>fliffiffiae</strong></span> <span class='ocrx_word' id='word_1_154' title='bbox 1138 1308 1241 1364; x_wconf 64' lang='lat' dir='ltr'><strong>Statuit</strong></span> <span class='ocrx_word' id='word_1_155' title='bbox 1262 1323 1322 1380; x_wconf 70' lang='lat'><strong>0³⁰¹</strong></span> <span class='ocrx_word' id='word_1_156' title='bbox 1346 1311 1479 1369; x_wconf 66' lang='lat' dir='ltr'><strong>manibus</strong></span> <span class='ocrx_word' id='word_1_157' title='bbox 1497 1312 1532 1369; x_wconf 93' lang='lat' dir='ltr'><strong>ad</strong></span> <span class='ocrx_word' id='word_1_158' title='bbox 1554 1313 1658 1370; x_wconf 84' lang='lat' dir='ltr'><strong>omium</strong></span> <span class='ocrx_word' id='word_1_159' title='bbox 1677 1314 1823 1384; x_wconf 85' lang='lat' dir='ltr'><strong>expansis,</strong></span> 
     </span>
     <span class='ocr_line' id='line_1_13' title="bbox 115 1393 1824 1476; baseline 0.002 -20"><span class='ocrx_word' id='word_1_160' title='bbox 115 1400 207 1457; x_wconf 87' lang='lat' dir='ltr'><strong>litatis</strong></span> <span class='ocrx_word' id='word_1_161' title='bbox 238 1402 300 1472; x_wconf 89' lang='lat' dir='ltr'><strong>lege</strong></span> <span class='ocrx_word' id='word_1_162' title='bbox 327 1397 414 1476; x_wconf 87' lang='lat' dir='ltr'><strong>[ergo]</strong></span> <span class='ocrx_word' id='word_1_163' title='bbox 445 1416 555 1459; x_wconf 85' lang='lat' dir='ltr'><strong>sacram</strong></span> <span class='ocrx_word' id='word_1_164' title='bbox 587 1403 728 1476; x_wconf 86' lang='lat' dir='ltr'><strong>virginem</strong></span> <span class='ocrx_word' id='word_1_165' title='bbox 758 1404 943 1476; x_wconf 88' lang='lat' dir='ltr'><strong>admirantes,</strong></span> <span class='ocrx_word' id='word_1_166' title='bbox 999 1393 1824 1474; x_wconf 80' lang='lat' dir='ltr'><strong>sedmolestianuiiainiacieapparente:quinediverso</strong></span> 
     </span>
     <span class='ocr_line' id='line_1_14' title="bbox 114 1481 1823 1564; baseline 0.006 -29"><span class='ocrx_word' id='word_1_167' title='bbox 114 1490 193 1560; x_wconf 68' lang='lat' dir='ltr'><strong>jum</strong></span> <span class='ocrx_word' id='word_1_168' title='bbox 213 1490 376 1546; x_wconf 68' lang='lat' dir='ltr'><strong>sacrarium</strong></span> <span class='ocrx_word' id='word_1_169' title='bbox 397 1491 530 1561; x_wconf 64' lang='lat' dir='ltr'><strong>sepulcro</strong></span> <span class='ocrx_word' id='word_1_170' title='bbox 548 1491 690 1562; x_wconf 62' lang='lat' dir='ltr'><strong>affligam,</strong></span> <span class='ocrx_word' id='word_1_171' title='bbox 706 1496 735 1547; x_wconf 89' lang='lat' dir='ltr'><strong>ei</strong></span> <span class='ocrx_word' id='word_1_172' title='bbox 753 1498 818 1548; x_wconf 66' lang='lat' dir='ltr'><strong>asca</strong></span> <span class='ocrx_word' id='word_1_173' title='bbox 841 1493 944 1564; x_wconf 54' lang='lat' dir='ltr'><strong>msam,</strong></span> <span class='ocrx_word' id='word_1_174' title='bbox 1000 1481 1131 1554; x_wconf 82' lang='lat' dir='ltr'><strong>hilarem,</strong></span> <span class='ocrx_word' id='word_1_175' title='bbox 1148 1487 1283 1555; x_wconf 90' lang='lat' dir='ltr'><strong>quoniam</strong></span> <span class='ocrx_word' id='word_1_176' title='bbox 1302 1489 1336 1544; x_wconf 93' lang='lat' dir='ltr'><strong>ad</strong></span> <span class='ocrx_word' id='word_1_177' title='bbox 1356 1489 1551 1561; x_wconf 88' lang='lat' dir='ltr'><strong>incorpoream</strong></span> <span class='ocrx_word' id='word_1_178' title='bbox 1566 1495 1594 1548; x_wconf 91' lang='lat' dir='ltr'><strong>et</strong></span> <span class='ocrx_word' id='word_1_179' title='bbox 1609 1491 1718 1548; x_wconf 90' lang='lat' dir='ltr'><strong>beatam</strong></span> <span class='ocrx_word' id='word_1_180' title='bbox 1736 1491 1823 1548; x_wconf 77' lang='lat' dir='ltr'><strong>vitam</strong></span> 
     </span>
     <span class='ocr_line' id='line_1_15' title="bbox 117 1572 1826 1652; baseline 0.004 -18"><span class='ocrx_word' id='word_1_181' title='bbox 117 1578 281 1634; x_wconf 87' lang='lat' dir='ltr'><strong>honoresei</strong></span> <span class='ocrx_word' id='word_1_182' title='bbox 301 1579 512 1651; x_wconf 89' lang='lat' dir='ltr'><strong>concelebrant,</strong></span> <span class='ocrx_word' id='word_1_183' title='bbox 531 1584 560 1635; x_wconf 89' lang='lat' dir='ltr'><strong>et</strong></span> <span class='ocrx_word' id='word_1_184' title='bbox 577 1580 727 1635; x_wconf 91' lang='lat' dir='ltr'><strong>annuatim</strong></span> <span class='ocrx_word' id='word_1_185' title='bbox 747 1580 822 1636; x_wconf 91' lang='lat' dir='ltr'><strong>diem</strong></span> <span class='ocrx_word' id='word_1_186' title='bbox 841 1579 945 1637; x_wconf 83' lang='lat' dir='ltr'><strong>testum</strong></span> <span class='ocrx_word' id='word_1_187' title='bbox 1002 1572 1142 1645; x_wconf 88' lang='lat' dir='ltr'><strong>pergebat.</strong></span> <span class='ocrx_word' id='word_1_188' title='bbox 1164 1574 1257 1647; x_wconf 71' lang='lat' dir='ltr'><strong>Usque</strong></span> <span class='ocrx_word' id='word_1_189' title='bbox 1273 1576 1328 1633; x_wconf 81' lang='lat' dir='ltr'><strong>huc</strong></span> <span class='ocrx_word' id='word_1_190' title='bbox 1348 1584 1376 1634; x_wconf 81' lang='lat' dir='ltr'><strong>et</strong></span> <span class='ocrx_word' id='word_1_191' title='bbox 1396 1579 1489 1648; x_wconf 91' lang='lat' dir='ltr'><strong>pictor</strong></span> <span class='ocrx_word' id='word_1_192' title='bbox 1509 1580 1630 1637; x_wconf 81' lang='lat' dir='ltr'><strong>retinuit</strong></span> <span class='ocrx_word' id='word_1_193' title='bbox 1652 1594 1777 1652; x_wconf 84' lang='lat' dir='ltr'><strong>manum,</strong></span> <span class='ocrx_word' id='word_1_194' title='bbox 1799 1586 1826 1634; x_wconf 82' lang='lat' dir='ltr'><strong>nt</strong></span> 
     </span>
     <span class='ocr_line' id='line_1_16' title="bbox 118 1665 1837 1740; baseline 0.005 -24"><span class='ocrx_word' id='word_1_195' title='bbox 118 1665 230 1724; x_wconf 72' lang='lat' dir='ltr'><strong>iaciunt</strong></span> <span class='ocrx_word' id='word_1_196' title='bbox 255 1672 284 1723; x_wconf 74' lang='lat' dir='ltr'><strong>en</strong></span> <span class='ocrx_word' id='word_1_197' title='bbox 305 1667 469 1724; x_wconf 74' lang='lat' dir='ltr'><strong>solemnem.</strong></span> <span class='ocrx_word' id='word_1_198' title='bbox 496 1669 625 1740; x_wconf 73' lang='lat' dir='ltr'><strong>Denique</strong></span> <span class='ocrx_word' id='word_1_199' title='bbox 651 1670 755 1726; x_wconf 70' lang='lat' dir='ltr'><strong>sacrani</strong></span> <span class='ocrx_word' id='word_1_200' title='bbox 780 1670 946 1727; x_wconf 45' lang='lat' dir='ltr'><strong>aretinorum</strong></span> <span class='ocrx_word' id='word_1_201' title='bbox 1001 1673 1053 1732; x_wconf 89' lang='lat' dir='ltr'><strong>ego</strong></span> <span class='ocrx_word' id='word_1_202' title='bbox 1069 1675 1236 1720; x_wconf 89' lang='lat' dir='ltr'><strong>sermonem.</strong></span> <span class='ocrx_word' id='word_1_203' title='bbox 1254 1665 1341 1722; x_wconf 91' lang='lat' dir='ltr'><strong>Porro</strong></span> <span class='ocrx_word' id='word_1_204' title='bbox 1356 1667 1469 1724; x_wconf 88' lang='lat' dir='ltr'><strong>attende</strong></span> <span class='ocrx_word' id='word_1_205' title='bbox 1490 1668 1555 1740; x_wconf 92' lang='lat' dir='ltr'><strong>tibi,</strong></span> <span class='ocrx_word' id='word_1_206' title='bbox 1572 1669 1597 1725; x_wconf 91' lang='lat' dir='ltr'><strong>si</strong></span> <span class='ocrx_word' id='word_1_207' title='bbox 1614 1669 1739 1726; x_wconf 83' lang='lat' dir='ltr'><strong>nolueris</strong></span> <span class='ocrx_word' id='word_1_208' title='bbox 1753 1682 1837 1731; x_wconf 22' lang='lat' dir='ltr'><strong>carri-5</strong></span> 
     </span>
     <span class='ocr_line' id='line_1_17' title="bbox 95 1731 1824 1831; baseline 0.006 -26"><span class='ocrx_word' id='word_1_209' title='bbox 95 1757 323 1828; x_wconf 73' lang='lat' dir='ltr'><strong>mysteriorum</strong></span> <span class='ocrx_word' id='word_1_210' title='bbox 347 1761 503 1814; x_wconf 67' lang='lat' dir='ltr'><strong>assertores</strong></span> <span class='ocrx_word' id='word_1_211' title='bbox 526 1758 613 1814; x_wconf 73' lang='lat' dir='ltr'><strong>etiam</strong></span> <span class='ocrx_word' id='word_1_212' title='bbox 640 1758 823 1816; x_wconf 61' lang='lat' dir='ltr'><strong>sermonibus</strong></span> <span class='ocrx_word' id='word_1_213' title='bbox 846 1731 1066 1816; x_wconf 61' lang='lat' dir='ltr'><strong>memmssdom</strong></span> <span class='ocrx_word' id='word_1_214' title='bbox 1091 1752 1224 1821; x_wconf 86' lang='lat' dir='ltr'><strong>perlicere</strong></span> <span class='ocrx_word' id='word_1_215' title='bbox 1248 1753 1399 1824; x_wconf 83' lang='lat' dir='ltr'><strong>picturum,</strong></span> <span class='ocrx_word' id='word_1_216' title='bbox 1424 1763 1453 1814; x_wconf 91' lang='lat' dir='ltr'><strong>et</strong></span> <span class='ocrx_word' id='word_1_217' title='bbox 1475 1758 1639 1815; x_wconf 88' lang='lat' dir='ltr'><strong>consideres</strong></span> <span class='ocrx_word' id='word_1_218' title='bbox 1659 1758 1824 1831; x_wconf 86' lang='lat' dir='ltr'><strong>diligenter,</strong></span> 
     </span>
     <span class='ocr_line' id='line_1_18' title="bbox 121 1839 1824 1920; baseline 0.002 -19"><span class='ocrx_word' id='word_1_219' title='bbox 121 1847 191 1902; x_wconf 86' lang='lat' dir='ltr'><strong>riam</strong></span> <span class='ocrx_word' id='word_1_220' title='bbox 213 1859 328 1916; x_wconf 88' lang='lat' dir='ltr'><strong>semper</strong></span> <span class='ocrx_word' id='word_1_221' title='bbox 347 1845 498 1917; x_wconf 89' lang='lat' dir='ltr'><strong>honorant,</strong></span> <span class='ocrx_word' id='word_1_222' title='bbox 518 1851 547 1903; x_wconf 88' lang='lat' dir='ltr'><strong>et</strong></span> <span class='ocrx_word' id='word_1_223' title='bbox 568 1848 694 1918; x_wconf 81' lang='lat' dir='ltr'><strong>qualiter</strong></span> <span class='ocrx_word' id='word_1_224' title='bbox 715 1846 866 1918; x_wconf 80' lang='lat' dir='ltr'><strong>perfecerit</strong></span> <span class='ocrx_word' id='word_1_225' title='bbox 885 1862 949 1920; x_wconf 85' lang='lat' dir='ltr'><strong>agn-</strong></span> <span class='ocrx_word' id='word_1_226' title='bbox 1003 1839 1060 1895; x_wconf 94' lang='lat' dir='ltr'><strong>nisi</strong></span> <span class='ocrx_word' id='word_1_227' title='bbox 1073 1840 1195 1897; x_wconf 91' lang='lat' dir='ltr'><strong>multum</strong></span> <span class='ocrx_word' id='word_1_228' title='bbox 1207 1841 1331 1901; x_wconf 85' lang='lat' dir='ltr'><strong>interius</strong></span> <span class='ocrx_word' id='word_1_229' title='bbox 1341 1859 1425 1916; x_wconf 91' lang='lat' dir='ltr'><strong>quam</strong></span> <span class='ocrx_word' id='word_1_230' title='bbox 1437 1848 1575 1918; x_wconf 90' lang='lat' dir='ltr'><strong>oportuit,</strong></span> <span class='ocrx_word' id='word_1_231' title='bbox 1584 1846 1619 1904; x_wconf 93' lang='lat' dir='ltr'><strong>ad</strong></span> <span class='ocrx_word' id='word_1_232' title='bbox 1631 1849 1824 1906; x_wconf 88' lang='lat' dir='ltr'><strong>narrationem</strong></span> 
     </span>
     <span class='ocr_line' id='line_1_19' title="bbox 121 1929 1829 2008; baseline 0.002 -17"><span class='ocrx_word' id='word_1_233' title='bbox 121 1948 181 1991; x_wconf 87' lang='lat' dir='ltr'><strong>nem</strong></span> <span class='ocrx_word' id='word_1_234' title='bbox 212 1936 442 2005; x_wconf 77' lang='lat' dir='ltr'><strong>perseverantie,</strong></span> <span class='ocrx_word' id='word_1_235' title='bbox 469 1936 625 2007; x_wconf 87' lang='lat' dir='ltr'><strong>diligenter</strong></span> <span class='ocrx_word' id='word_1_236' title='bbox 651 1940 803 2008; x_wconf 78' lang='lat' dir='ltr'><strong>presentes</strong></span> <span class='ocrx_word' id='word_1_237' title='bbox 828 1937 950 2007; x_wconf 83' lang='lat' dir='ltr'><strong>populos</strong></span> <span class='ocrx_word' id='word_1_238' title='bbox 1002 1929 1184 1986; x_wconf 87' lang='lat' dir='ltr'><strong>accessimus.</strong></span> <span class='ocrx_word' id='word_1_239' title='bbox 1207 1933 1242 1987; x_wconf 88' lang='lat' dir='ltr'><strong>Et</strong></span> <span class='ocrx_word' id='word_1_240' title='bbox 1267 1932 1326 1988; x_wconf 86' lang='lat' dir='ltr'><strong>haec</strong></span> <span class='ocrx_word' id='word_1_241' title='bbox 1354 1934 1470 2004; x_wconf 90' lang='lat' dir='ltr'><strong>quidem</strong></span> <span class='ocrx_word' id='word_1_242' title='bbox 1498 1935 1639 1993; x_wconf 77' lang='lat' dir='ltr'><strong>Asterius.</strong></span> <span class='ocrx_word' id='word_1_243' title='bbox 1664 1939 1829 1995; x_wconf 70' lang='lat' dir='ltr'><strong>tractantes</strong></span> 
     </span>
     <span class='ocr_line' id='line_1_20' title="bbox 122 2019 1831 2098; baseline 0.006 -26"><span class='ocrx_word' id='word_1_244' title='bbox 122 2025 251 2080; x_wconf 76' lang='lat' dir='ltr'><strong>edocent.</strong></span> <span class='ocrx_word' id='word_1_245' title='bbox 268 2022 305 2080; x_wconf 75' lang='lat' dir='ltr'><strong>At</strong></span> <span class='ocrx_word' id='word_1_246' title='bbox 319 2037 386 2081; x_wconf 82' lang='lat' dir='ltr'><strong>vero</strong></span> <span class='ocrx_word' id='word_1_247' title='bbox 400 2025 494 2095; x_wconf 77' lang='lat' dir='ltr'><strong>pictor</strong></span> <span class='ocrx_word' id='word_1_248' title='bbox 509 2026 555 2096; x_wconf 81' lang='lat' dir='ltr'><strong>pie</strong></span> <span class='ocrx_word' id='word_1_249' title='bbox 573 2038 660 2098; x_wconf 75' lang='lat' dir='ltr'><strong>agens</strong></span> <span class='ocrx_word' id='word_1_250' title='bbox 673 2029 701 2081; x_wconf 80' lang='lat' dir='ltr'><strong>et</strong></span> <span class='ocrx_word' id='word_1_251' title='bbox 720 2027 781 2096; x_wconf 73' lang='lat' dir='ltr'><strong>ipse</strong></span> <span class='ocrx_word' id='word_1_252' title='bbox 797 2039 846 2096; x_wconf 73' lang='lat' dir='ltr'><strong>per</strong></span> <span class='ocrx_word' id='word_1_253' title='bbox 860 2031 949 2082; x_wconf 74' lang='lat' dir='ltr'><strong>artem</strong></span> <span class='ocrx_word' id='word_1_254' title='bbox 1003 2021 1097 2075; x_wconf 75' lang='lat' dir='ltr'><strong>aulem</strong></span> <span class='ocrx_word' id='word_1_255' title='bbox 1114 2035 1177 2090; x_wconf 83' lang='lat' dir='ltr'><strong>qilae</strong></span> <span class='ocrx_word' id='word_1_256' title='bbox 1193 2019 1223 2075; x_wconf 91' lang='lat' dir='ltr'><strong>in</strong></span> <span class='ocrx_word' id='word_1_257' title='bbox 1236 2021 1335 2078; x_wconf 77' lang='lat' dir='ltr'><strong>divitia</strong></span> <span class='ocrx_word' id='word_1_258' title='bbox 1350 2023 1498 2094; x_wconf 72' lang='lat' dir='ltr'><strong>Scriptura</strong></span> <span class='ocrx_word' id='word_1_259' title='bbox 1513 2026 1589 2081; x_wconf 74' lang='lat' dir='ltr'><strong>dicta</strong></span> <span class='ocrx_word' id='word_1_260' title='bbox 1604 2031 1681 2097; x_wconf 80' lang='lat' dir='ltr'><strong>sulit,</strong></span> <span class='ocrx_word' id='word_1_261' title='bbox 1699 2027 1831 2083; x_wconf 76' lang='lat' dir='ltr'><strong>invellit&gt;-</strong></span> 
     </span>
     <span class='ocr_line' id='line_1_21' title="bbox 122 2112 1831 2186; baseline 0.001 -16"><span class='ocrx_word' id='word_1_262' title='bbox 122 2112 281 2170; x_wconf 86' lang='lat' dir='ltr'><strong>seeundum</strong></span> <span class='ocrx_word' id='word_1_263' title='bbox 304 2114 380 2169; x_wconf 86' lang='lat' dir='ltr'><strong>vires</strong></span> <span class='ocrx_word' id='word_1_264' title='bbox 405 2117 492 2170; x_wconf 90' lang='lat' dir='ltr'><strong>totam</strong></span> <span class='ocrx_word' id='word_1_265' title='bbox 515 2114 578 2184; x_wconf 83' lang='lat' dir='ltr'><strong>ejus</strong></span> <span class='ocrx_word' id='word_1_266' title='bbox 601 2114 753 2171; x_wconf 89' lang='lat' dir='ltr'><strong>historiam</strong></span> <span class='ocrx_word' id='word_1_267' title='bbox 778 2116 808 2172; x_wconf 90' lang='lat' dir='ltr'><strong>in</strong></span> <span class='ocrx_word' id='word_1_268' title='bbox 830 2114 951 2171; x_wconf 86' lang='lat' dir='ltr'><strong>sindone</strong></span> <span class='ocrx_word' id='word_1_269' title='bbox 1006 2123 1069 2166; x_wconf 89' lang='lat' dir='ltr'><strong>mus</strong></span> <span class='ocrx_word' id='word_1_270' title='bbox 1084 2113 1212 2168; x_wconf 87' lang='lat' dir='ltr'><strong>eumdem</strong></span> <span class='ocrx_word' id='word_1_271' title='bbox 1234 2127 1268 2169; x_wconf 81' lang='lat' dir='ltr'><strong>en</strong></span> <span class='ocrx_word' id='word_1_272' title='bbox 1283 2125 1315 2168; x_wconf 91' lang='lat' dir='ltr'><strong>ea</strong></span> <span class='ocrx_word' id='word_1_273' title='bbox 1331 2113 1442 2186; x_wconf 83' lang='lat' dir='ltr'><strong>legisse,</strong></span> <span class='ocrx_word' id='word_1_274' title='bbox 1458 2129 1520 2186; x_wconf 78' lang='lat' dir='ltr'><strong>que</strong></span> <span class='ocrx_word' id='word_1_275' title='bbox 1538 2115 1573 2170; x_wconf 88' lang='lat' dir='ltr'><strong>ab</strong></span> <span class='ocrx_word' id='word_1_276' title='bbox 1596 2114 1658 2186; x_wconf 90' lang='lat' dir='ltr'><strong>ipso</strong></span> <span class='ocrx_word' id='word_1_277' title='bbox 1672 2114 1831 2172; x_wconf 89' lang='lat' dir='ltr'><strong>dietalue-</strong></span> 
     </span>
     <span class='ocr_line' id='line_1_22' title="bbox 124 2200 1830 2278; baseline 0.002 -21"><span class='ocrx_word' id='word_1_278' title='bbox 124 2201 260 2274; x_wconf 81' lang='lat' dir='ltr'><strong>igurarm,</strong></span> <span class='ocrx_word' id='word_1_279' title='bbox 284 2202 363 2258; x_wconf 91' lang='lat' dir='ltr'><strong>circa</strong></span> <span class='ocrx_word' id='word_1_280' title='bbox 383 2203 547 2272; x_wconf 90' lang='lat' dir='ltr'><strong>sepulcrum</strong></span> <span class='ocrx_word' id='word_1_281' title='bbox 568 2204 666 2274; x_wconf 92' lang='lat' dir='ltr'><strong>posuit</strong></span> <span class='ocrx_word' id='word_1_282' title='bbox 687 2202 805 2261; x_wconf 91' lang='lat' dir='ltr'><strong>titulum</strong></span> <span class='ocrx_word' id='word_1_283' title='bbox 827 2200 950 2278; x_wconf 89' lang='lat' dir='ltr'><strong>[sacrum</strong></span> <span class='ocrx_word' id='word_1_284' title='bbox 1005 2203 1082 2257; x_wconf 90' lang='lat' dir='ltr'><strong>runt.</strong></span> <span class='ocrx_word' id='word_1_285' title='bbox 1107 2201 1183 2258; x_wconf 88' lang='lat' dir='ltr'><strong>Dens</strong></span> <span class='ocrx_word' id='word_1_286' title='bbox 1198 2202 1274 2258; x_wconf 88' lang='lat' dir='ltr'><strong>enim</strong></span> <span class='ocrx_word' id='word_1_287' title='bbox 1293 2201 1401 2260; x_wconf 83' lang='lat' dir='ltr'><strong>famulo</strong></span> <span class='ocrx_word' id='word_1_288' title='bbox 1419 2216 1472 2260; x_wconf 92' lang='lat' dir='ltr'><strong>suo</strong></span> <span class='ocrx_word' id='word_1_289' title='bbox 1489 2203 1577 2276; x_wconf 81' lang='lat' dir='ltr'><strong>hloysi</strong></span> <span class='ocrx_word' id='word_1_290' title='bbox 1599 2205 1634 2261; x_wconf 94' lang='lat' dir='ltr'><strong>de</strong></span> <span class='ocrx_word' id='word_1_291' title='bbox 1646 2204 1830 2262; x_wconf 90' lang='lat' dir='ltr'><strong>tabernaculo</strong></span> 
     </span>
     <span class='ocr_line' id='line_1_23' title="bbox 125 2287 1832 2367; baseline 0.002 -20"><span class='ocrx_word' id='word_1_292' title='bbox 125 2289 345 2367; x_wconf 67' lang='lat' dir='ltr'><strong>spectacmumh</strong></span> <span class='ocrx_word' id='word_1_293' title='bbox 366 2292 455 2348; x_wconf 88' lang='lat' dir='ltr'><strong>ilabet</strong></span> <span class='ocrx_word' id='word_1_294' title='bbox 473 2297 568 2349; x_wconf 86' lang='lat' dir='ltr'><strong>autem</strong></span> <span class='ocrx_word' id='word_1_295' title='bbox 588 2307 618 2349; x_wconf 90' lang='lat' dir='ltr'><strong>se</strong></span> <span class='ocrx_word' id='word_1_296' title='bbox 638 2293 680 2350; x_wconf 88' lang='lat' dir='ltr'><strong>sic</strong></span> <span class='ocrx_word' id='word_1_297' title='bbox 699 2295 772 2350; x_wconf 90' lang='lat' dir='ltr'><strong>artis</strong></span> <span class='ocrx_word' id='word_1_298' title='bbox 786 2293 949 2366; x_wconf 88' lang='lat' dir='ltr'><strong>diligentia.</strong></span> <span class='ocrx_word' id='word_1_299' title='bbox 1005 2287 1171 2360; x_wconf 88' lang='lat' dir='ltr'><strong>disponens,</strong></span> <span class='ocrx_word' id='word_1_300' title='bbox 1197 2295 1345 2363; x_wconf 89' lang='lat' dir='ltr'><strong>postquam</strong></span> <span class='ocrx_word' id='word_1_301' title='bbox 1367 2293 1445 2350; x_wconf 83' lang='lat' dir='ltr'><strong>varia</strong></span> <span class='ocrx_word' id='word_1_302' title='bbox 1462 2298 1490 2349; x_wconf 92' lang='lat' dir='ltr'><strong>et</strong></span> <span class='ocrx_word' id='word_1_303' title='bbox 1510 2294 1623 2350; x_wconf 85' lang='lat' dir='ltr'><strong>diversa</strong></span> <span class='ocrx_word' id='word_1_304' title='bbox 1645 2294 1675 2350; x_wconf 94' lang='lat' dir='ltr'><strong>in</strong></span> <span class='ocrx_word' id='word_1_305' title='bbox 1694 2307 1727 2351; x_wconf 91' lang='lat' dir='ltr'><strong>eo</strong></span> <span class='ocrx_word' id='word_1_306' title='bbox 1746 2306 1832 2365; x_wconf 86' lang='lat' dir='ltr'><strong>opera</strong></span> 
     </span>
     <span class='ocr_line' id='line_1_24' title="bbox 123 2377 1831 2453; baseline 0.001 -17"><span class='ocrx_word' id='word_1_307' title='bbox 123 2380 261 2438; x_wconf 80' lang='lat' dir='ltr'><strong>Excelsus</strong></span> <span class='ocrx_word' id='word_1_308' title='bbox 284 2395 372 2452; x_wconf 88' lang='lat' dir='ltr'><strong>super</strong></span> <span class='ocrx_word' id='word_1_309' title='bbox 394 2381 528 2438; x_wconf 89' lang='lat' dir='ltr'><strong>thronum</strong></span> <span class='ocrx_word' id='word_1_310' title='bbox 552 2381 664 2439; x_wconf 89' lang='lat' dir='ltr'><strong>locatur</strong></span> <span class='ocrx_word' id='word_1_311' title='bbox 682 2383 781 2453; x_wconf 76' lang='lat' dir='ltr'><strong>iudex,</strong></span> <span class='ocrx_word' id='word_1_312' title='bbox 803 2396 898 2439; x_wconf 89' lang='lat' dir='ltr'><strong>amare</strong></span> <span class='ocrx_word' id='word_1_313' title='bbox 918 2386 952 2440; x_wconf 86' lang='lat' dir='ltr'><strong>ac</strong></span> <span class='ocrx_word' id='word_1_314' title='bbox 1007 2377 1068 2435; x_wconf 89' lang='lat' dir='ltr'><strong>iteri</strong></span> <span class='ocrx_word' id='word_1_315' title='bbox 1084 2379 1228 2451; x_wconf 77' lang='lat' dir='ltr'><strong>precepit,</strong></span> <span class='ocrx_word' id='word_1_316' title='bbox 1250 2381 1305 2437; x_wconf 89' lang='lat' dir='ltr'><strong>ait:</strong></span> <span class='ocrx_word' id='word_1_317' title='bbox 1326 2382 1418 2437; x_wconf 83' lang='lat' dir='ltr'><strong>Facies</strong></span> <span class='ocrx_word' id='word_1_318' title='bbox 1440 2384 1603 2438; x_wconf 80' lang='lat' dir='ltr'><strong>cortinosen</strong></span> <span class='ocrx_word' id='word_1_319' title='bbox 1620 2383 1697 2452; x_wconf 80' lang='lat' dir='ltr'><strong>hpsso</strong></span> <span class='ocrx_word' id='word_1_320' title='bbox 1711 2387 1831 2450; x_wconf 85' lang='lat' dir='ltr'><strong>retorto;</strong></span> 
     </span>
     <span class='ocr_line' id='line_1_25' title="bbox 124 2466 1833 2541; baseline 0.001 -17"><span class='ocrx_word' id='word_1_321' title='bbox 124 2466 233 2525; x_wconf 89' lang='lat' dir='ltr'><strong>luriose</strong></span> <span class='ocrx_word' id='word_1_322' title='bbox 248 2469 390 2541; x_wconf 84' lang='lat' dir='ltr'><strong>virginem</strong></span> <span class='ocrx_word' id='word_1_323' title='bbox 411 2470 536 2528; x_wconf 89' lang='lat' dir='ltr'><strong>intuens.</strong></span> <span class='ocrx_word' id='word_1_324' title='bbox 555 2471 782 2528; x_wconf 89' lang='lat' dir='ltr'><strong>irasciturenim</strong></span> <span class='ocrx_word' id='word_1_325' title='bbox 796 2484 845 2528; x_wconf 89' lang='lat' dir='ltr'><strong>ars</strong></span> <span class='ocrx_word' id='word_1_326' title='bbox 863 2471 950 2529; x_wconf 86' lang='lat' dir='ltr'><strong>eiiam</strong></span> <span class='ocrx_word' id='word_1_327' title='bbox 1005 2468 1162 2537; x_wconf 74' lang='lat' dir='ltr'><strong>hyacintho,</strong></span> <span class='ocrx_word' id='word_1_328' title='bbox 1192 2473 1217 2524; x_wconf 83' lang='lat' dir='ltr'><strong>ei</strong></span> <span class='ocrx_word' id='word_1_329' title='bbox 1234 2486 1372 2541; x_wconf 77' lang='lat' dir='ltr'><strong>purpura,</strong></span> <span class='ocrx_word' id='word_1_330' title='bbox 1399 2475 1424 2525; x_wconf 87' lang='lat' dir='ltr'><strong>ot</strong></span> <span class='ocrx_word' id='word_1_331' title='bbox 1443 2487 1516 2526; x_wconf 87' lang='lat' dir='ltr'><strong>cocco</strong></span> <span class='ocrx_word' id='word_1_332' title='bbox 1542 2475 1641 2526; x_wconf 87' lang='lat' dir='ltr'><strong>retorto</strong></span> <span class='ocrx_word' id='word_1_333' title='bbox 1671 2472 1833 2538; x_wconf 78' lang='lat' dir='ltr'><strong>cherubim3</strong></span> 
     </span>
     <span class='ocr_line' id='line_1_26' title="bbox 126 2556 1834 2634; baseline 0.002 -22"><span class='ocrx_word' id='word_1_334' title='bbox 126 2556 154 2612; x_wconf 94' lang='lat' dir='ltr'><strong>in</strong></span> <span class='ocrx_word' id='word_1_335' title='bbox 175 2557 309 2614; x_wconf 87' lang='lat' dir='ltr'><strong>materiis</strong></span> <span class='ocrx_word' id='word_1_336' title='bbox 329 2559 508 2630; x_wconf 88' lang='lat' dir='ltr'><strong>inanimatis,</strong></span> <span class='ocrx_word' id='word_1_337' title='bbox 529 2573 594 2615; x_wconf 91' lang='lat' dir='ltr'><strong>oum</strong></span> <span class='ocrx_word' id='word_1_338' title='bbox 609 2559 680 2616; x_wconf 84' lang='lat' dir='ltr'><strong>ruli.</strong></span> <span class='ocrx_word' id='word_1_339' title='bbox 698 2558 843 2616; x_wconf 79' lang='lat' dir='ltr'><strong>satellites</strong></span> <span class='ocrx_word' id='word_1_340' title='bbox 856 2565 951 2615; x_wconf 89' lang='lat' dir='ltr'><strong>autem</strong></span> <span class='ocrx_word' id='word_1_341' title='bbox 1006 2573 1085 2627; x_wconf 84' lang='lat' dir='ltr'><strong>opere</strong></span> <span class='ocrx_word' id='word_1_342' title='bbox 1100 2561 1211 2614; x_wconf 84' lang='lat' dir='ltr'><strong>tenteris</strong></span> <span class='ocrx_word' id='word_1_343' title='bbox 1225 2561 1310 2628; x_wconf 76' lang='lat' dir='ltr'><strong>sactes</strong></span> <span class='ocrx_word' id='word_1_344' title='bbox 1322 2576 1366 2616; x_wconf 88' lang='lat' dir='ltr'><strong>eos</strong></span> <span class='ocrx_word' id='word_1_345' title='bbox 1381 2557 1478 2632; x_wconf 75' lang='lat' dir='ltr'><strong>(Enod.</strong></span> <span class='ocrx_word' id='word_1_346' title='bbox 1494 2560 1584 2634; x_wconf 82' lang='lat' dir='ltr'><strong>arvi).</strong></span> <span class='ocrx_word' id='word_1_347' title='bbox 1601 2563 1635 2617; x_wconf 90' lang='lat' dir='ltr'><strong>Et</strong></span> <span class='ocrx_word' id='word_1_348' title='bbox 1646 2560 1708 2632; x_wconf 87' lang='lat' dir='ltr'><strong>ipsa</strong></span> <span class='ocrx_word' id='word_1_349' title='bbox 1717 2559 1834 2632; x_wconf 89' lang='lat' dir='ltr'><strong>quidem</strong></span> 
     </span>
     <span class='ocr_line' id='line_1_27' title="bbox 127 2645 1836 2722; baseline 0.002 -21"><span class='ocrx_word' id='word_1_350' title='bbox 127 2646 269 2718; x_wconf 87' lang='lat' dir='ltr'><strong>principis</strong></span> <span class='ocrx_word' id='word_1_351' title='bbox 280 2653 308 2703; x_wconf 90' lang='lat' dir='ltr'><strong>el</strong></span> <span class='ocrx_word' id='word_1_352' title='bbox 324 2648 433 2705; x_wconf 85' lang='lat' dir='ltr'><strong>milites</strong></span> <span class='ocrx_word' id='word_1_353' title='bbox 447 2648 543 2718; x_wconf 91' lang='lat' dir='ltr'><strong>multi,</strong></span> <span class='ocrx_word' id='word_1_354' title='bbox 559 2648 611 2703; x_wconf 90' lang='lat' dir='ltr'><strong>alii</strong></span> <span class='ocrx_word' id='word_1_355' title='bbox 627 2647 742 2719; x_wconf 89' lang='lat' dir='ltr'><strong>quidem</strong></span> <span class='ocrx_word' id='word_1_356' title='bbox 759 2652 953 2705; x_wconf 84' lang='lat' dir='ltr'><strong>monumento</strong></span> <span class='ocrx_word' id='word_1_357' title='bbox 1006 2645 1161 2718; x_wconf 89' lang='lat' dir='ltr'><strong>dispositio</strong></span> <span class='ocrx_word' id='word_1_358' title='bbox 1173 2649 1254 2705; x_wconf 89' lang='lat' dir='ltr'><strong>docet</strong></span> <span class='ocrx_word' id='word_1_359' title='bbox 1270 2663 1331 2722; x_wconf 90' lang='lat' dir='ltr'><strong>nos,</strong></span> <span class='ocrx_word' id='word_1_360' title='bbox 1348 2654 1380 2706; x_wconf 90' lang='lat' dir='ltr'><strong>nt</strong></span> <span class='ocrx_word' id='word_1_361' title='bbox 1394 2663 1427 2706; x_wconf 92' lang='lat' dir='ltr'><strong>ea</strong></span> <span class='ocrx_word' id='word_1_362' title='bbox 1441 2664 1503 2721; x_wconf 84' lang='lat' dir='ltr'><strong>quae</strong></span> <span class='ocrx_word' id='word_1_363' title='bbox 1516 2651 1573 2706; x_wconf 86' lang='lat' dir='ltr'><strong>Deo</strong></span> <span class='ocrx_word' id='word_1_364' title='bbox 1585 2650 1680 2707; x_wconf 88' lang='lat' dir='ltr'><strong>dicata</strong></span> <span class='ocrx_word' id='word_1_365' title='bbox 1692 2654 1770 2718; x_wconf 92' lang='lat' dir='ltr'><strong>sunt,</strong></span> <span class='ocrx_word' id='word_1_366' title='bbox 1781 2663 1836 2706; x_wconf 85' lang='lat' dir='ltr'><strong>ex-</strong></span> 
     </span>
     <span class='ocr_line' id='line_1_28' title="bbox 127 2735 1835 2808; baseline 0.002 -16"><span class='ocrx_word' id='word_1_367' title='bbox 127 2749 187 2792; x_wconf 90' lang='lat' dir='ltr'><strong>mm</strong></span> <span class='ocrx_word' id='word_1_368' title='bbox 215 2737 419 2808; x_wconf 87' lang='lat' dir='ltr'><strong>descriptores,</strong></span> <span class='ocrx_word' id='word_1_369' title='bbox 443 2735 566 2793; x_wconf 82' lang='lat' dir='ltr'><strong>ferentes</strong></span> <span class='ocrx_word' id='word_1_370' title='bbox 585 2736 676 2793; x_wconf 93' lang='lat' dir='ltr'><strong>libros</strong></span> <span class='ocrx_word' id='word_1_371' title='bbox 695 2741 724 2793; x_wconf 86' lang='lat' dir='ltr'><strong>et</strong></span> <span class='ocrx_word' id='word_1_372' title='bbox 742 2737 861 2807; x_wconf 88' lang='lat' dir='ltr'><strong>pittacia</strong></span> <span class='ocrx_word' id='word_1_373' title='bbox 883 2737 951 2807; x_wconf 74' lang='lat' dir='ltr'><strong>idn,</strong></span> <span class='ocrx_word' id='word_1_374' title='bbox 1008 2736 1105 2806; x_wconf 91' lang='lat' dir='ltr'><strong>pensis</strong></span> <span class='ocrx_word' id='word_1_375' title='bbox 1118 2737 1218 2794; x_wconf 91' lang='lat' dir='ltr'><strong>multis</strong></span> <span class='ocrx_word' id='word_1_376' title='bbox 1233 2737 1443 2795; x_wconf 79' lang='lat' dir='ltr'><strong>conficiantur:</strong></span> <span class='ocrx_word' id='word_1_377' title='bbox 1467 2738 1648 2796; x_wconf 91' lang='lat' dir='ltr'><strong>inhumanis</strong></span> <span class='ocrx_word' id='word_1_378' title='bbox 1667 2745 1835 2796; x_wconf 88' lang='lat' dir='ltr'><strong>autemnon</strong></span> 
     </span>
     <span class='ocr_line' id='line_1_29' title="bbox 129 2824 1838 2899; baseline 0.001 -18"><span class='ocrx_word' id='word_1_379' title='bbox 129 2824 237 2897; x_wconf 77' lang='lat' dir='ltr'><strong>stylosl.</strong></span> <span class='ocrx_word' id='word_1_380' title='bbox 251 2826 378 2896; x_wconf 84' lang='lat' dir='ltr'><strong>Quorum</strong></span> <span class='ocrx_word' id='word_1_381' title='bbox 389 2826 466 2882; x_wconf 91' lang='lat' dir='ltr'><strong>alius</strong></span> <span class='ocrx_word' id='word_1_382' title='bbox 479 2840 618 2897; x_wconf 91' lang='lat' dir='ltr'><strong>suspensa</strong></span> <span class='ocrx_word' id='word_1_383' title='bbox 631 2840 717 2884; x_wconf 91' lang='lat' dir='ltr'><strong>manu</strong></span> <span class='ocrx_word' id='word_1_384' title='bbox 729 2840 745 2883; x_wconf 95' lang='lat' dir='ltr'><strong>a</strong></span> <span class='ocrx_word' id='word_1_385' title='bbox 758 2840 833 2898; x_wconf 90' lang='lat' dir='ltr'><strong>cera,</strong></span> <span class='ocrx_word' id='word_1_386' title='bbox 846 2826 953 2897; x_wconf 90' lang='lat' dir='ltr'><strong>aspicit</strong></span> <span class='ocrx_word' id='word_1_387' title='bbox 1008 2824 1057 2881; x_wconf 83' lang='lat' dir='ltr'><strong>ita.</strong></span> <span class='ocrx_word' id='word_1_388' title='bbox 1073 2827 1188 2883; x_wconf 89' lang='lat' dir='ltr'><strong>Dictum</strong></span> <span class='ocrx_word' id='word_1_389' title='bbox 1201 2833 1244 2884; x_wconf 89' lang='lat' dir='ltr'><strong>est</strong></span> <span class='ocrx_word' id='word_1_390' title='bbox 1257 2827 1334 2884; x_wconf 93' lang='lat' dir='ltr'><strong>enim</strong></span> <span class='ocrx_word' id='word_1_391' title='bbox 1347 2827 1452 2899; x_wconf 91' lang='lat' dir='ltr'><strong>populo</strong></span> <span class='ocrx_word' id='word_1_392' title='bbox 1465 2845 1472 2882; x_wconf 75' lang='grc' dir='ltr'>ι</span> <span class='ocrx_word' id='word_1_393' title='bbox 1485 2830 1521 2885; x_wconf 83' lang='lat' dir='ltr'><strong>itt</strong></span> <span class='ocrx_word' id='word_1_394' title='bbox 1533 2833 1631 2884; x_wconf 82' lang='lat' dir='ltr'><strong>restem</strong></span> <span class='ocrx_word' id='word_1_395' title='bbox 1644 2829 1751 2885; x_wconf 84' lang='lat' dir='ltr'><strong>duobus</strong></span> <span class='ocrx_word' id='word_1_396' title='bbox 1768 2844 1838 2883; x_wconf 86' lang='lat' dir='ltr'><strong>con-</strong></span> 
     </span>
     <span class='ocr_line' id='line_1_30' title="bbox 130 2913 1833 2989; baseline 0.001 -19"><span class='ocrx_word' id='word_1_397' title='bbox 130 2915 160 2970; x_wconf 89' lang='lat' dir='ltr'><strong>ad</strong></span> <span class='ocrx_word' id='word_1_398' title='bbox 176 2929 238 2972; x_wconf 73' lang='lat' dir='ltr'><strong>mm</strong></span> <span class='ocrx_word' id='word_1_399' title='bbox 256 2930 320 2987; x_wconf 88' lang='lat' dir='ltr'><strong>quae</strong></span> <span class='ocrx_word' id='word_1_400' title='bbox 332 2915 528 2988; x_wconf 76' lang='lat' dir='ltr'><strong>judicabatur,</strong></span> <span class='ocrx_word' id='word_1_401' title='bbox 544 2915 638 2973; x_wconf 84' lang='lat' dir='ltr'><strong>valide</strong></span> <span class='ocrx_word' id='word_1_402' title='bbox 653 2919 740 2971; x_wconf 92' lang='lat' dir='ltr'><strong>totam</strong></span> <span class='ocrx_word' id='word_1_403' title='bbox 758 2913 903 2972; x_wconf 90' lang='lat' dir='ltr'><strong>inclinans</strong></span> <span class='ocrx_word' id='word_1_404' title='bbox 915 2915 954 2972; x_wconf 89' lang='lat' dir='ltr'><strong>la·</strong></span> <span class='ocrx_word' id='word_1_405' title='bbox 1007 2917 1109 2969; x_wconf 82' lang='lat' dir='ltr'><strong>tectum</strong></span> <span class='ocrx_word' id='word_1_406' title='bbox 1134 2932 1167 2970; x_wconf 86' lang='lat' dir='ltr'><strong>ne</strong></span> <span class='ocrx_word' id='word_1_407' title='bbox 1181 2916 1282 2971; x_wconf 83' lang='lat' dir='ltr'><strong>induas</strong></span> <span class='ocrx_word' id='word_1_408' title='bbox 1305 2914 1392 2987; x_wconf 84' lang='lat' dir='ltr'><strong>(beart.</strong></span> <span class='ocrx_word' id='word_1_409' title='bbox 1418 2915 1499 2989; x_wconf 80' lang='lat' dir='ltr'><strong>nair).</strong></span> <span class='ocrx_word' id='word_1_410' title='bbox 1524 2918 1715 2975; x_wconf 84' lang='lat' dir='ltr'><strong>Lucidissime</strong></span> <span class='ocrx_word' id='word_1_411' title='bbox 1738 2921 1833 2975; x_wconf 89' lang='lat' dir='ltr'><strong>autern</strong></span> 
     </span>
     <span class='ocr_line' id='line_1_31' title="bbox 130 3002 1836 3079; baseline 0.001 -19"><span class='ocrx_word' id='word_1_412' title='bbox 130 3005 211 3076; x_wconf 87' lang='lat' dir='ltr'><strong>ciem,</strong></span> <span class='ocrx_word' id='word_1_413' title='bbox 224 3006 310 3075; x_wconf 89' lang='lat' dir='ltr'><strong>quasi</strong></span> <span class='ocrx_word' id='word_1_414' title='bbox 319 3005 420 3074; x_wconf 84' lang='lat' dir='ltr'><strong>jussus</strong></span> <span class='ocrx_word' id='word_1_415' title='bbox 433 3002 550 3061; x_wconf 91' lang='lat' dir='ltr'><strong>lacilius</strong></span> <span class='ocrx_word' id='word_1_416' title='bbox 565 3003 644 3075; x_wconf 94' lang='lat' dir='ltr'><strong>loqui</strong></span> <span class='ocrx_word' id='word_1_417' title='bbox 658 3004 772 3075; x_wconf 84' lang='lat' dir='ltr'><strong>[jubens</strong></span> <span class='ocrx_word' id='word_1_418' title='bbox 784 3004 893 3062; x_wconf 90' lang='lat' dir='ltr'><strong>clarius</strong></span> <span class='ocrx_word' id='word_1_419' title='bbox 909 3004 952 3075; x_wconf 75' lang='lat' dir='ltr'><strong>l.],</strong></span> <span class='ocrx_word' id='word_1_420' title='bbox 1007 3002 1125 3060; x_wconf 79' lang='lat' dir='ltr'><strong>divinus</strong></span> <span class='ocrx_word' id='word_1_421' title='bbox 1136 3004 1290 3075; x_wconf 80' lang='lat' dir='ltr'><strong>Apostolus</strong></span> <span class='ocrx_word' id='word_1_422' title='bbox 1303 3005 1405 3062; x_wconf 89' lang='lat' dir='ltr'><strong>horum</strong></span> <span class='ocrx_word' id='word_1_423' title='bbox 1421 3020 1536 3064; x_wconf 91' lang='lat' dir='ltr'><strong>sensum</strong></span> <span class='ocrx_word' id='word_1_424' title='bbox 1557 3008 1744 3079; x_wconf 90' lang='lat' dir='ltr'><strong>commendat,</strong></span> <span class='ocrx_word' id='word_1_425' title='bbox 1759 3020 1836 3078; x_wconf 82' lang='lat' dir='ltr'><strong>prae-</strong></span> 
     </span>
     <span class='ocr_line' id='line_1_32' title="bbox 131 3071 1838 3168; baseline -0.001 -16"><span class='ocrx_word' id='word_1_426' title='bbox 131 3099 159 3152; x_wconf 85' lang='lat' dir='ltr'><strong>nt</strong></span> <span class='ocrx_word' id='word_1_427' title='bbox 168 3109 226 3152; x_wconf 91' lang='lat' dir='ltr'><strong>non</strong></span> <span class='ocrx_word' id='word_1_428' title='bbox 242 3094 377 3152; x_wconf 88' lang='lat' dir='ltr'><strong>laborans</strong></span> <span class='ocrx_word' id='word_1_429' title='bbox 388 3108 454 3168; x_wconf 88' lang='lat' dir='ltr'><strong>erga</strong></span> <span class='ocrx_word' id='word_1_430' title='bbox 469 3096 611 3166; x_wconf 90' lang='lat' dir='ltr'><strong>auditum,</strong></span> <span class='ocrx_word' id='word_1_431' title='bbox 629 3096 763 3152; x_wconf 91' lang='lat' dir='ltr'><strong>mendosa</strong></span> <span class='ocrx_word' id='word_1_432' title='bbox 777 3071 992 3152; x_wconf 78' lang='lat' dir='ltr'><strong>describeretG</strong></span> <span class='ocrx_word' id='word_1_433' title='bbox 1008 3093 1137 3162; x_wconf 87' lang='lat' dir='ltr'><strong>cipiens:</strong></span> <span class='ocrx_word' id='word_1_434' title='bbox 1169 3095 1296 3150; x_wconf 77' lang='lat' dir='ltr'><strong>Mulieres</strong></span> <span class='ocrx_word' id='word_1_435' title='bbox 1320 3098 1350 3150; x_wconf 80' lang='lat' dir='ltr'><strong>io</strong></span> <span class='ocrx_word' id='word_1_436' title='bbox 1371 3094 1466 3152; x_wconf 84' lang='lat' dir='ltr'><strong>habitu</strong></span> <span class='ocrx_word' id='word_1_437' title='bbox 1485 3101 1580 3152; x_wconf 87' lang='lat' dir='ltr'><strong>ornato</strong></span> <span class='ocrx_word' id='word_1_438' title='bbox 1599 3096 1743 3168; x_wconf 62' lang='lat' dir='ltr'><strong>[decentii</strong></span> <span class='ocrx_word' id='word_1_439' title='bbox 1777 3111 1838 3151; x_wconf 83' lang='lat' dir='ltr'><strong>com</strong></span> 
     </span>
     <span class='ocr_line' id='line_1_33' title="bbox 131 3179 1837 3258; baseline -0.001 -18"><span class='ocrx_word' id='word_1_440' title='bbox 131 3188 155 3240; x_wconf 88' lang='lat' dir='ltr'><strong>et</strong></span> <span class='ocrx_word' id='word_1_441' title='bbox 173 3179 341 3255; x_wconf 81' lang='lat' dir='ltr'><strong>imperfecta</strong></span> <span class='ocrx_word' id='word_1_442' title='bbox 359 3184 620 3255; x_wconf 79' lang='lat' dir='ltr'><strong>[reprehendendal.</strong></span> <span class='ocrx_word' id='word_1_443' title='bbox 644 3183 742 3241; x_wconf 83' lang='lat' dir='ltr'><strong>Stabat</strong></span> <span class='ocrx_word' id='word_1_444' title='bbox 759 3190 853 3241; x_wconf 89' lang='lat' dir='ltr'><strong>autem</strong></span> <span class='ocrx_word' id='word_1_445' title='bbox 873 3185 955 3256; x_wconf 84' lang='lat' dir='ltr'><strong>virgo</strong></span> <span class='ocrx_word' id='word_1_446' title='bbox 1008 3182 1172 3237; x_wconf 81' lang='lat' dir='ltr'><strong>uerecundia</strong></span> <span class='ocrx_word' id='word_1_447' title='bbox 1195 3187 1220 3237; x_wconf 91' lang='lat' dir='ltr'><strong>et</strong></span> <span class='ocrx_word' id='word_1_448' title='bbox 1250 3184 1393 3240; x_wconf 81' lang='lat' dir='ltr'><strong>sobrietate</strong></span> <span class='ocrx_word' id='word_1_449' title='bbox 1423 3191 1550 3241; x_wconf 85' lang='lat' dir='ltr'><strong>ornantes</strong></span> <span class='ocrx_word' id='word_1_450' title='bbox 1572 3201 1609 3258; x_wconf 87' lang='lat' dir='ltr'><strong>se,</strong></span> <span class='ocrx_word' id='word_1_451' title='bbox 1631 3201 1686 3240; x_wconf 84' lang='lat' dir='ltr'><strong>non</strong></span> <span class='ocrx_word' id='word_1_452' title='bbox 1709 3186 1837 3240; x_wconf 83' lang='lat' dir='ltr'><strong>intortis</strong></span> 
     </span>
     <span class='ocr_line' id='line_1_34' title="bbox 133 3271 1837 3346; baseline 0.001 -19"><span class='ocrx_word' id='word_1_453' title='bbox 133 3273 158 3328; x_wconf 89' lang='lat' dir='ltr'><strong>in</strong></span> <span class='ocrx_word' id='word_1_454' title='bbox 172 3271 252 3330; x_wconf 81' lang='lat' dir='ltr'><strong>fulva</strong></span> <span class='ocrx_word' id='word_1_455' title='bbox 266 3271 366 3344; x_wconf 80' lang='lat' dir='ltr'><strong>[fusca]</strong></span> <span class='ocrx_word' id='word_1_456' title='bbox 383 3273 482 3329; x_wconf 85' lang='lat' dir='ltr'><strong>tunica</strong></span> <span class='ocrx_word' id='word_1_457' title='bbox 498 3278 525 3329; x_wconf 84' lang='lat' dir='ltr'><strong>et</strong></span> <span class='ocrx_word' id='word_1_458' title='bbox 539 3278 615 3329; x_wconf 84' lang='lat' dir='ltr'><strong>veste</strong></span> <span class='ocrx_word' id='word_1_459' title='bbox 633 3273 847 3344; x_wconf 81' lang='lat' dir='ltr'><strong>philosophiam</strong></span> <span class='ocrx_word' id='word_1_460' title='bbox 867 3273 957 3346; x_wconf 89' lang='lat' dir='ltr'><strong>signi·</strong></span> <span class='ocrx_word' id='word_1_461' title='bbox 1009 3273 1142 3335; x_wconf 70' lang='lat' dir='ltr'><strong>crinibus,</strong></span> <span class='ocrx_word' id='word_1_462' title='bbox 1153 3276 1202 3327; x_wconf 86' lang='lat' dir='ltr'><strong>aui</strong></span> <span class='ocrx_word' id='word_1_463' title='bbox 1216 3289 1294 3337; x_wconf 85' lang='lat' dir='ltr'><strong>auro,</strong></span> <span class='ocrx_word' id='word_1_464' title='bbox 1308 3279 1357 3328; x_wconf 84' lang='lat' dir='ltr'><strong>out</strong></span> <span class='ocrx_word' id='word_1_465' title='bbox 1372 3278 1541 3343; x_wconf 69' lang='lat' dir='ltr'><strong>monueritis,</strong></span> <span class='ocrx_word' id='word_1_466' title='bbox 1561 3276 1603 3330; x_wconf 86' lang='lat' dir='ltr'><strong>oei</strong></span> <span class='ocrx_word' id='word_1_467' title='bbox 1616 3280 1687 3331; x_wconf 87' lang='lat' dir='ltr'><strong>veste</strong></span> <span class='ocrx_word' id='word_1_468' title='bbox 1701 3277 1837 3346; x_wconf 79' lang='lat' dir='ltr'><strong>pretiosu3</strong></span> 
     </span>
     <span class='ocr_line' id='line_1_35' title="bbox 134 3361 1839 3435; baseline 0.001 -18"><span class='ocrx_word' id='word_1_469' title='bbox 134 3361 235 3434; x_wconf 74' lang='lat' dir='ltr'><strong>icens,</strong></span> <span class='ocrx_word' id='word_1_470' title='bbox 252 3367 290 3432; x_wconf 90' lang='lat' dir='ltr'><strong>et,</strong></span> <span class='ocrx_word' id='word_1_471' title='bbox 310 3366 341 3419; x_wconf 91' lang='lat' dir='ltr'><strong>ut</strong></span> <span class='ocrx_word' id='word_1_472' title='bbox 355 3363 448 3420; x_wconf 87' lang='lat' dir='ltr'><strong>visum</strong></span> <span class='ocrx_word' id='word_1_473' title='bbox 463 3368 507 3419; x_wconf 89' lang='lat' dir='ltr'><strong>est</strong></span> <span class='ocrx_word' id='word_1_474' title='bbox 528 3363 645 3435; x_wconf 90' lang='lat' dir='ltr'><strong>pictori,</strong></span> <span class='ocrx_word' id='word_1_475' title='bbox 660 3363 742 3419; x_wconf 86' lang='lat' dir='ltr'><strong>vultu</strong></span> <span class='ocrx_word' id='word_1_476' title='bbox 758 3362 869 3420; x_wconf 89' lang='lat' dir='ltr'><strong>urbano</strong></span> <span class='ocrx_word' id='word_1_477' title='bbox 884 3362 958 3433; x_wconf 79' lang='lat' dir='ltr'><strong>[pul-</strong></span> <span class='ocrx_word' id='word_1_478' title='bbox 1010 3361 1058 3416; x_wconf 82' lang='lat' dir='ltr'><strong>sed</strong></span> <span class='ocrx_word' id='word_1_479' title='bbox 1078 3361 1152 3431; x_wconf 84' lang='lat' dir='ltr'><strong>quod</strong></span> <span class='ocrx_word' id='word_1_480' title='bbox 1174 3362 1248 3417; x_wconf 87' lang='lat' dir='ltr'><strong>decet</strong></span> <span class='ocrx_word' id='word_1_481' title='bbox 1272 3363 1408 3427; x_wconf 84' lang='lat' dir='ltr'><strong>mutieres,</strong></span> <span class='ocrx_word' id='word_1_482' title='bbox 1430 3366 1616 3434; x_wconf 78' lang='lat' dir='ltr'><strong>promittentes</strong></span> <span class='ocrx_word' id='word_1_483' title='bbox 1632 3366 1763 3433; x_wconf 79' lang='lat' dir='ltr'><strong>pietatem</strong></span> <span class='ocrx_word' id='word_1_484' title='bbox 1787 3379 1839 3435; x_wconf 86' lang='lat' dir='ltr'><strong>per</strong></span> 
     </span>
     <span class='ocr_line' id='line_1_36' title="bbox 133 3440 1843 3525; baseline 0.001 -19"><span class='ocrx_word' id='word_1_485' title='bbox 133 3451 197 3507; x_wconf 87' lang='lat' dir='ltr'><strong>ebra</strong></span> <span class='ocrx_word' id='word_1_486' title='bbox 211 3440 317 3522; x_wconf 75' lang='lat' dir='ltr'><strong>laeielz</strong></span> <span class='ocrx_word' id='word_1_487' title='bbox 335 3455 368 3508; x_wconf 92' lang='lat' dir='ltr'><strong>ut</strong></span> <span class='ocrx_word' id='word_1_488' title='bbox 385 3457 480 3508; x_wconf 91' lang='lat' dir='ltr'><strong>antem</strong></span> <span class='ocrx_word' id='word_1_489' title='bbox 497 3452 568 3508; x_wconf 93' lang='lat' dir='ltr'><strong>mibi</strong></span> <span class='ocrx_word' id='word_1_490' title='bbox 585 3454 711 3522; x_wconf 90' lang='lat' dir='ltr'><strong>apparet,</strong></span> <span class='ocrx_word' id='word_1_491' title='bbox 727 3452 852 3508; x_wconf 91' lang='lat' dir='ltr'><strong>animam</strong></span> <span class='ocrx_word' id='word_1_492' title='bbox 876 3451 957 3508; x_wconf 85' lang='lat' dir='ltr'><strong>deco</strong></span> <span class='ocrx_word' id='word_1_493' title='bbox 1011 3466 1092 3521; x_wconf 87' lang='lat' dir='ltr'><strong>opero</strong></span> <span class='ocrx_word' id='word_1_494' title='bbox 1114 3451 1182 3506; x_wconf 88' lang='lat' dir='ltr'><strong>bono</strong></span> <span class='ocrx_word' id='word_1_495' title='bbox 1206 3450 1229 3522; x_wconf 86' lang='lat' dir='ltr'><strong>(l</strong></span> <span class='ocrx_word' id='word_1_496' title='bbox 1251 3454 1318 3506; x_wconf 83' lang='lat' dir='ltr'><strong>Tim.</strong></span> <span class='ocrx_word' id='word_1_497' title='bbox 1344 3451 1384 3525; x_wconf 90' lang='lat'>11).</span> <span class='ocrx_word' id='word_1_498' title='bbox 1402 3453 1464 3508; x_wconf 80' lang='lat' dir='ltr'><strong>Haec</strong></span> <span class='ocrx_word' id='word_1_499' title='bbox 1481 3453 1695 3510; x_wconf 91' lang='lat' dir='ltr'><strong>considerantes</strong></span> <span class='ocrx_word' id='word_1_500' title='bbox 1710 3466 1771 3523; x_wconf 90' lang='lat' dir='ltr'><strong>nos,</strong></span> <span class='ocrx_word' id='word_1_501' title='bbox 1787 3452 1843 3522; x_wconf 88' lang='lat' dir='ltr'><strong>qui</strong></span> 
     </span>
     <span class='ocr_line' id='line_1_37' title="bbox 135 3540 1840 3613; baseline -0.001 -17"><span class='ocrx_word' id='word_1_502' title='bbox 135 3547 189 3597; x_wconf 85' lang='lat' dir='ltr'><strong>mia</strong></span> <span class='ocrx_word' id='word_1_503' title='bbox 208 3540 379 3599; x_wconf 81' lang='lat' dir='ltr'><strong>virtutibus.</strong></span> <span class='ocrx_word' id='word_1_504' title='bbox 402 3543 518 3597; x_wconf 87' lang='lat' dir='ltr'><strong>Ducunt</strong></span> <span class='ocrx_word' id='word_1_505' title='bbox 542 3546 718 3597; x_wconf 89' lang='lat' dir='ltr'><strong>autemeam</strong></span> <span class='ocrx_word' id='word_1_506' title='bbox 741 3540 775 3597; x_wconf 89' lang='lat' dir='ltr'><strong>ad</strong></span> <span class='ocrx_word' id='word_1_507' title='bbox 798 3540 957 3613; x_wconf 89' lang='lat' dir='ltr'><strong>principem</strong></span> <span class='ocrx_word' id='word_1_508' title='bbox 1010 3540 1067 3595; x_wconf 89' lang='lat' dir='ltr'><strong>Deo</strong></span> <span class='ocrx_word' id='word_1_509' title='bbox 1082 3540 1137 3596; x_wconf 91' lang='lat' dir='ltr'><strong>soii</strong></span> <span class='ocrx_word' id='word_1_510' title='bbox 1162 3541 1328 3598; x_wconf 85' lang='lat' dir='ltr'><strong>servitutem</strong></span> <span class='ocrx_word' id='word_1_511' title='bbox 1355 3545 1479 3598; x_wconf 90' lang='lat' dir='ltr'><strong>nostram</strong></span> <span class='ocrx_word' id='word_1_512' title='bbox 1496 3542 1526 3598; x_wconf 92' lang='lat' dir='ltr'><strong>in</strong></span> <span class='ocrx_word' id='word_1_513' title='bbox 1541 3541 1648 3612; x_wconf 92' lang='lat' dir='ltr'><strong>spiritu</strong></span> <span class='ocrx_word' id='word_1_514' title='bbox 1671 3546 1700 3597; x_wconf 91' lang='lat' dir='ltr'><strong>et</strong></span> <span class='ocrx_word' id='word_1_515' title='bbox 1720 3540 1840 3597; x_wconf 86' lang='lat' dir='ltr'><strong>veritate</strong></span> 
     </span>
     <span class='ocr_line' id='line_1_38' title="bbox 135 3628 1841 3703; baseline 0 -18"><span class='ocrx_word' id='word_1_516' title='bbox 135 3629 188 3687; x_wconf 94' lang='lat' dir='ltr'><strong>duo</strong></span> <span class='ocrx_word' id='word_1_517' title='bbox 204 3631 325 3703; x_wconf 88' lang='lat' dir='ltr'><strong>nrilites,</strong></span> <span class='ocrx_word' id='word_1_518' title='bbox 342 3645 399 3688; x_wconf 92' lang='lat' dir='ltr'><strong>uno</strong></span> <span class='ocrx_word' id='word_1_519' title='bbox 414 3636 480 3687; x_wconf 91' lang='lat' dir='ltr'><strong>anie</strong></span> <span class='ocrx_word' id='word_1_520' title='bbox 499 3631 615 3702; x_wconf 90' lang='lat' dir='ltr'><strong>quidem</strong></span> <span class='ocrx_word' id='word_1_521' title='bbox 632 3632 772 3703; x_wconf 87' lang='lat' dir='ltr'><strong>trahente,</strong></span> <span class='ocrx_word' id='word_1_522' title='bbox 787 3630 878 3687; x_wconf 92' lang='lat' dir='ltr'><strong>altero</strong></span> <span class='ocrx_word' id='word_1_523' title='bbox 893 3644 958 3688; x_wconf 80' lang='lat' dir='ltr'><strong>vero</strong></span> <span class='ocrx_word' id='word_1_524' title='bbox 1013 3628 1170 3702; x_wconf 83' lang='lat' dir='ltr'><strong>oderimus,</strong></span> <span class='ocrx_word' id='word_1_525' title='bbox 1190 3630 1287 3687; x_wconf 92' lang='lat' dir='ltr'><strong>omnia</strong></span> <span class='ocrx_word' id='word_1_526' title='bbox 1306 3645 1369 3701; x_wconf 84' lang='lat' dir='ltr'><strong>qum</strong></span> <span class='ocrx_word' id='word_1_527' title='bbox 1384 3628 1479 3688; x_wconf 91' lang='lat' dir='ltr'><strong>oblata</strong></span> <span class='ocrx_word' id='word_1_528' title='bbox 1497 3637 1526 3687; x_wconf 90' lang='lat' dir='ltr'><strong>ei</strong></span> <span class='ocrx_word' id='word_1_529' title='bbox 1537 3631 1667 3687; x_wconf 83' lang='lat' dir='ltr'><strong>dedicata</strong></span> <span class='ocrx_word' id='word_1_530' title='bbox 1684 3633 1762 3701; x_wconf 90' lang='lat' dir='ltr'><strong>sunt,</strong></span> <span class='ocrx_word' id='word_1_531' title='bbox 1780 3629 1841 3686; x_wconf 87' lang='lat' dir='ltr'><strong>sire</strong></span> 
     </span>
     <span class='ocr_line' id='line_1_39' title="bbox 137 3717 1841 3793; baseline -0.001 -17"><span class='ocrx_word' id='word_1_532' title='bbox 137 3725 196 3789; x_wconf 88' lang='lat' dir='ltr'><strong>post</strong></span> <span class='ocrx_word' id='word_1_533' title='bbox 216 3725 331 3792; x_wconf 88' lang='lat' dir='ltr'><strong>tergum</strong></span> <span class='ocrx_word' id='word_1_534' title='bbox 357 3725 476 3792; x_wconf 88' lang='lat' dir='ltr'><strong>urgente</strong></span> <span class='ocrx_word' id='word_1_535' title='bbox 498 3724 686 3792; x_wconf 89' lang='lat' dir='ltr'><strong>temperatum</strong></span> <span class='ocrx_word' id='word_1_536' title='bbox 707 3720 832 3792; x_wconf 84' lang='lat' dir='ltr'><strong>virginis</strong></span> <span class='ocrx_word' id='word_1_537' title='bbox 854 3734 958 3776; x_wconf 90' lang='lat' dir='ltr'><strong>morem</strong></span> <span class='ocrx_word' id='word_1_538' title='bbox 1013 3717 1131 3776; x_wconf 84' lang='lat' dir='ltr'><strong>divinus</strong></span> <span class='ocrx_word' id='word_1_539' title='bbox 1142 3723 1226 3790; x_wconf 83' lang='lat' dir='ltr'><strong>typus</strong></span> <span class='ocrx_word' id='word_1_540' title='bbox 1241 3721 1371 3791; x_wconf 82' lang='lat' dir='ltr'><strong>pretiose</strong></span> <span class='ocrx_word' id='word_1_541' title='bbox 1381 3720 1487 3792; x_wconf 90' lang='lat' dir='ltr'><strong>crucis,</strong></span> <span class='ocrx_word' id='word_1_542' title='bbox 1504 3721 1564 3777; x_wconf 84' lang='lat' dir='ltr'><strong>sive</strong></span> <span class='ocrx_word' id='word_1_543' title='bbox 1574 3719 1768 3793; x_wconf 86' lang='lat' dir='ltr'><strong>Evangeiium,</strong></span> <span class='ocrx_word' id='word_1_544' title='bbox 1781 3718 1841 3776; x_wconf 87' lang='lat' dir='ltr'><strong>sive</strong></span> 
     </span>
     <span class='ocr_line' id='line_1_40' title="bbox 138 3807 1843 3884; baseline -0.002 -18"><span class='ocrx_word' id='word_1_545' title='bbox 138 3810 239 3878; x_wconf 87' lang='lat' dir='ltr'><strong>pudore</strong></span> <span class='ocrx_word' id='word_1_546' title='bbox 261 3814 349 3880; x_wconf 88' lang='lat' dir='ltr'><strong>atque</strong></span> <span class='ocrx_word' id='word_1_547' title='bbox 371 3810 543 3866; x_wconf 86' lang='lat' dir='ltr'><strong>constantia.</strong></span> <span class='ocrx_word' id='word_1_548' title='bbox 567 3812 637 3865; x_wconf 92' lang='lat' dir='ltr'><strong>Nam</strong></span> <span class='ocrx_word' id='word_1_549' title='bbox 658 3809 687 3865; x_wconf 93' lang='lat' dir='ltr'><strong>in</strong></span> <span class='ocrx_word' id='word_1_550' title='bbox 713 3813 818 3866; x_wconf 89' lang='lat' dir='ltr'><strong>terram</strong></span> <span class='ocrx_word' id='word_1_551' title='bbox 842 3810 958 3880; x_wconf 90' lang='lat' dir='ltr'><strong>quidem</strong></span> <span class='ocrx_word' id='word_1_552' title='bbox 1013 3808 1179 3864; x_wconf 80' lang='lat' dir='ltr'><strong>venerandae</strong></span> <span class='ocrx_word' id='word_1_553' title='bbox 1194 3809 1344 3884; x_wconf 78' lang='lat' dir='ltr'><strong>imagines,</strong></span> <span class='ocrx_word' id='word_1_554' title='bbox 1367 3811 1427 3867; x_wconf 85' lang='lat' dir='ltr'><strong>sive</strong></span> <span class='ocrx_word' id='word_1_555' title='bbox 1446 3824 1512 3867; x_wconf 84' lang='lat' dir='ltr'><strong>rasa</strong></span> <span class='ocrx_word' id='word_1_556' title='bbox 1527 3824 1607 3867; x_wconf 90' lang='lat' dir='ltr'><strong>sacra</strong></span> <span class='ocrx_word' id='word_1_557' title='bbox 1627 3810 1697 3881; x_wconf 91' lang='lat' dir='ltr'><strong>sint,</strong></span> <span class='ocrx_word' id='word_1_558' title='bbox 1718 3812 1746 3865; x_wconf 90' lang='lat' dir='ltr'><strong>et</strong></span> <span class='ocrx_word' id='word_1_559' title='bbox 1767 3807 1843 3864; x_wconf 91' lang='lat' dir='ltr'><strong>salu-</strong></span> 
     </span>
     <span class='ocr_line' id='line_1_41' title="bbox 138 3897 1843 3970; baseline 0.002 -19"><span class='ocrx_word' id='word_1_560' title='bbox 138 3897 272 3969; x_wconf 90' lang='lat' dir='ltr'><strong>iutnetur,</strong></span> <span class='ocrx_word' id='word_1_561' title='bbox 293 3897 466 3955; x_wconf 88' lang='lat' dir='ltr'><strong>erubescens</strong></span> <span class='ocrx_word' id='word_1_562' title='bbox 481 3898 579 3956; x_wconf 83' lang='lat' dir='ltr'><strong>vultus</strong></span> <span class='ocrx_word' id='word_1_563' title='bbox 593 3898 740 3955; x_wconf 87' lang='lat' dir='ltr'><strong>virorum:</strong></span> <span class='ocrx_word' id='word_1_564' title='bbox 758 3897 959 3954; x_wconf 89' lang='lat' dir='ltr'><strong>stabatauiem</strong></span> <span class='ocrx_word' id='word_1_565' title='bbox 1015 3901 1109 3955; x_wconf 77' lang='lat' dir='ltr'><strong>umus</strong></span> <span class='ocrx_word' id='word_1_566' title='bbox 1135 3901 1164 3953; x_wconf 91' lang='lat' dir='ltr'><strong>et</strong></span> <span class='ocrx_word' id='word_1_567' title='bbox 1187 3898 1389 3968; x_wconf 88' lang='lat' dir='ltr'><strong>amplectimur</strong></span> <span class='ocrx_word' id='word_1_568' title='bbox 1420 3913 1452 3956; x_wconf 91' lang='lat' dir='ltr'><strong>ea</strong></span> <span class='ocrx_word' id='word_1_569' title='bbox 1478 3899 1661 3970; x_wconf 72' lang='lat' dir='ltr'><strong>[salutemus</strong></span> <span class='ocrx_word' id='word_1_570' title='bbox 1684 3897 1843 3969; x_wconf 88' lang='lat' dir='ltr'><strong>amplecta-</strong></span> 
     </span>
     <span class='ocr_line' id='line_1_42' title="bbox 139 3985 1841 4059; baseline 0.002 -18"><span class='ocrx_word' id='word_1_571' title='bbox 139 3985 337 4058; x_wconf 87' lang='lat' dir='ltr'><strong>imperterrita,</strong></span> <span class='ocrx_word' id='word_1_572' title='bbox 360 3987 435 4043; x_wconf 94' lang='lat' dir='ltr'><strong>nihil</strong></span> <span class='ocrx_word' id='word_1_573' title='bbox 457 3987 630 4058; x_wconf 90' lang='lat' dir='ltr'><strong>perpetiens,</strong></span> <span class='ocrx_word' id='word_1_574' title='bbox 649 3987 684 4043; x_wconf 93' lang='lat' dir='ltr'><strong>ad</strong></span> <span class='ocrx_word' id='word_1_575' title='bbox 707 4001 836 4059; x_wconf 89' lang='lat' dir='ltr'><strong>agonem.</strong></span> <span class='ocrx_word' id='word_1_576' title='bbox 857 3988 960 4044; x_wconf 89' lang='lat' dir='ltr'><strong>Verum</strong></span> <span class='ocrx_word' id='word_1_577' title='bbox 1015 4000 1089 4058; x_wconf 92' lang='lat' dir='ltr'><strong>mur,</strong></span> <span class='ocrx_word' id='word_1_578' title='bbox 1106 3987 1187 4058; x_wconf 86' lang='lat' dir='ltr'><strong>etc.],</strong></span> <span class='ocrx_word' id='word_1_579' title='bbox 1200 3988 1288 4045; x_wconf 86' lang='lat' dir='ltr'><strong>veluti</strong></span> <span class='ocrx_word' id='word_1_580' title='bbox 1304 4002 1382 4059; x_wconf 90' lang='lat' dir='ltr'><strong>spem</strong></span> <span class='ocrx_word' id='word_1_581' title='bbox 1405 3988 1540 4045; x_wconf 91' lang='lat' dir='ltr'><strong>babentes</strong></span> <span class='ocrx_word' id='word_1_582' title='bbox 1555 3987 1794 4045; x_wconf 79' lang='lat' dir='ltr'><strong>sanctificationis</strong></span> <span class='ocrx_word' id='word_1_583' title='bbox 1805 3986 1841 4044; x_wconf 90' lang='lat' dir='ltr'><strong>ab</strong></span> 
     </span>
     <span class='ocr_line' id='line_1_43' title="bbox 142 4075 1844 4149; baseline 0.002 -20"><span class='ocrx_word' id='word_1_584' title='bbox 142 4087 199 4131; x_wconf 88' lang='lat' dir='ltr'><strong>eum</strong></span> <span class='ocrx_word' id='word_1_585' title='bbox 212 4090 267 4149; x_wconf 88' lang='lat' dir='ltr'><strong>ego</strong></span> <span class='ocrx_word' id='word_1_586' title='bbox 283 4076 359 4133; x_wconf 87' lang='lat' dir='ltr'><strong>aiios</strong></span> <span class='ocrx_word' id='word_1_587' title='bbox 376 4076 492 4133; x_wconf 90' lang='lat' dir='ltr'><strong>interim</strong></span> <span class='ocrx_word' id='word_1_588' title='bbox 508 4076 654 4133; x_wconf 90' lang='lat' dir='ltr'><strong>laudarem</strong></span> <span class='ocrx_word' id='word_1_589' title='bbox 670 4076 804 4146; x_wconf 88' lang='lat' dir='ltr'><strong>pictores,</strong></span> <span class='ocrx_word' id='word_1_590' title='bbox 825 4075 885 4132; x_wconf 84' lang='lat' dir='ltr'><strong>vidi</strong></span> <span class='ocrx_word' id='word_1_591' title='bbox 902 4089 960 4131; x_wconf 89' lang='lat' dir='ltr'><strong>mu·</strong></span> <span class='ocrx_word' id='word_1_592' title='bbox 1014 4077 1058 4133; x_wconf 90' lang='lat' dir='ltr'><strong>eis</strong></span> <span class='ocrx_word' id='word_1_593' title='bbox 1077 4077 1282 4149; x_wconf 80' lang='lat' dir='ltr'><strong>percipiendae:</strong></span> <span class='ocrx_word' id='word_1_594' title='bbox 1297 4081 1325 4134; x_wconf 91' lang='lat' dir='ltr'><strong>et</strong></span> <span class='ocrx_word' id='word_1_595' title='bbox 1339 4077 1533 4134; x_wconf 92' lang='lat' dir='ltr'><strong>adorationem</strong></span> <span class='ocrx_word' id='word_1_596' title='bbox 1552 4077 1764 4134; x_wconf 88' lang='lat' dir='ltr'><strong>honoratoriam</strong></span> <span class='ocrx_word' id='word_1_597' title='bbox 1781 4076 1844 4133; x_wconf 89' lang='lat' dir='ltr'><strong>illis</strong></span> 
     </span>
     <span class='ocr_line' id='line_1_44' title="bbox 143 4161 1844 4239; baseline 0.001 -20"><span class='ocrx_word' id='word_1_598' title='bbox 143 4161 214 4222; x_wconf 87' lang='lat' dir='ltr'><strong>lieris</strong></span> <span class='ocrx_word' id='word_1_599' title='bbox 229 4165 313 4222; x_wconf 90' lang='lat' dir='ltr'><strong>iilius</strong></span> <span class='ocrx_word' id='word_1_600' title='bbox 326 4165 474 4223; x_wconf 91' lang='lat' dir='ltr'><strong>Colchidis</strong></span> <span class='ocrx_word' id='word_1_601' title='bbox 486 4180 568 4237; x_wconf 90' lang='lat' dir='ltr'><strong>opus,</strong></span> <span class='ocrx_word' id='word_1_602' title='bbox 583 4165 657 4237; x_wconf 92' lang='lat' dir='ltr'><strong>quod</strong></span> <span class='ocrx_word' id='word_1_603' title='bbox 672 4165 768 4237; x_wconf 86' lang='lat' dir='ltr'><strong>gnatis</strong></span> <span class='ocrx_word' id='word_1_604' title='bbox 779 4164 907 4236; x_wconf 80' lang='lat' dir='ltr'><strong>gladium</strong></span> <span class='ocrx_word' id='word_1_605' title='bbox 922 4163 956 4218; x_wconf 91' lang='lat' dir='ltr'><strong>il·</strong></span> <span class='ocrx_word' id='word_1_606' title='bbox 1015 4166 1217 4237; x_wconf 91' lang='lat' dir='ltr'><strong>impendimus.</strong></span> <span class='ocrx_word' id='word_1_607' title='bbox 1234 4167 1452 4239; x_wconf 81' lang='lat' dir='ltr'><strong>Adorateenim,</strong></span> <span class='ocrx_word' id='word_1_608' title='bbox 1463 4166 1569 4238; x_wconf 90' lang='lat' dir='ltr'><strong>inquit,</strong></span> <span class='ocrx_word' id='word_1_609' title='bbox 1585 4166 1731 4222; x_wconf 87' lang='lat' dir='ltr'><strong>scabeilum</strong></span> <span class='ocrx_word' id='word_1_610' title='bbox 1741 4166 1844 4236; x_wconf 88' lang='lat' dir='ltr'><strong>pedum</strong></span> 
     </span>
     <span class='ocr_line' id='line_1_45' title="bbox 144 4250 1840 4328; baseline 0.002 -21"><span class='ocrx_word' id='word_1_611' title='bbox 144 4250 236 4328; x_wconf 89' lang='lat' dir='ltr'><strong>latura,</strong></span> <span class='ocrx_word' id='word_1_612' title='bbox 258 4254 459 4311; x_wconf 88' lang='lat' dir='ltr'><strong>misericordia</strong></span> <span class='ocrx_word' id='word_1_613' title='bbox 477 4259 505 4311; x_wconf 92' lang='lat' dir='ltr'><strong>et</strong></span> <span class='ocrx_word' id='word_1_614' title='bbox 520 4251 617 4311; x_wconf 84' lang='lat' dir='ltr'><strong>lurore</strong></span> <span class='ocrx_word' id='word_1_615' title='bbox 635 4253 777 4310; x_wconf 84' lang='lat' dir='ltr'><strong>divideret</strong></span> <span class='ocrx_word' id='word_1_616' title='bbox 792 4250 911 4309; x_wconf 83' lang='lat' dir='ltr'><strong>taciem:</strong></span> <span class='ocrx_word' id='word_1_617' title='bbox 932 4256 961 4308; x_wconf 94' lang='lat' dir='ltr'><strong>et</strong></span> <span class='ocrx_word' id='word_1_618' title='bbox 1014 4256 1084 4325; x_wconf 83' lang='lat' dir='ltr'><strong>ejus,</strong></span> <span class='ocrx_word' id='word_1_619' title='bbox 1097 4258 1357 4327; x_wconf 77' lang='lat' dir='ltr'><strong>quonmmsonctnm</strong></span> <span class='ocrx_word' id='word_1_620' title='bbox 1367 4255 1443 4327; x_wconf 69' lang='lat' dir='ltr'><strong>ide,</strong></span> <span class='ocrx_word' id='word_1_621' title='bbox 1454 4255 1579 4326; x_wconf 85' lang='lat' dir='ltr'><strong>sanctus]</strong></span> <span class='ocrx_word' id='word_1_622' title='bbox 1591 4256 1719 4326; x_wconf 78' lang='lat' dir='ltr'><strong>esthsot.</strong></span> <span class='ocrx_word' id='word_1_623' title='bbox 1733 4255 1840 4328; x_wconf 83' lang='lat' dir='ltr'><strong>nsvin).</strong></span> 
     </span>
     <span class='ocr_line' id='line_1_46' title="bbox 147 4341 1843 4420; baseline 0.002 -24"><span class='ocrx_word' id='word_1_624' title='bbox 147 4355 193 4399; x_wconf 91' lang='lat' dir='ltr'><strong>uno</strong></span> <span class='ocrx_word' id='word_1_625' title='bbox 208 4343 325 4416; x_wconf 89' lang='lat' dir='ltr'><strong>quidem</strong></span> <span class='ocrx_word' id='word_1_626' title='bbox 340 4343 490 4402; x_wconf 89' lang='lat' dir='ltr'><strong>oculorum</strong></span> <span class='ocrx_word' id='word_1_627' title='bbox 506 4344 578 4400; x_wconf 89' lang='lat' dir='ltr'><strong>iram</strong></span> <span class='ocrx_word' id='word_1_628' title='bbox 595 4341 766 4415; x_wconf 84' lang='lat' dir='ltr'><strong>ostenderet,</strong></span> <span class='ocrx_word' id='word_1_629' title='bbox 784 4341 875 4399; x_wconf 89' lang='lat' dir='ltr'><strong>altero</strong></span> <span class='ocrx_word' id='word_1_630' title='bbox 895 4354 960 4398; x_wconf 86' lang='lat' dir='ltr'><strong>vero</strong></span> <span class='ocrx_word' id='word_1_631' title='bbox 1016 4347 1133 4416; x_wconf 87' lang='lat' dir='ltr'><strong>Propter</strong></span> <span class='ocrx_word' id='word_1_632' title='bbox 1156 4347 1231 4418; x_wconf 91' lang='lat' dir='ltr'><strong>qnod</strong></span> <span class='ocrx_word' id='word_1_633' title='bbox 1248 4351 1275 4404; x_wconf 89' lang='lat' dir='ltr'><strong>et</strong></span> <span class='ocrx_word' id='word_1_634' title='bbox 1295 4345 1450 4420; x_wconf 82' lang='lat' dir='ltr'><strong>Gregorius</strong></span> <span class='ocrx_word' id='word_1_635' title='bbox 1472 4344 1632 4418; x_wconf 68' lang='lat' dir='ltr'><strong>theologus</strong></span> <span class='ocrx_word' id='word_1_636' title='bbox 1656 4345 1687 4400; x_wconf 94' lang='lat' dir='ltr'><strong>in</strong></span> <span class='ocrx_word' id='word_1_637' title='bbox 1712 4357 1843 4400; x_wconf 88' lang='lat' dir='ltr'><strong>sermone</strong></span> 
     </span>
     <span class='ocr_line' id='line_1_47' title="bbox 148 4425 1841 4505; baseline 0 -18"><span class='ocrx_word' id='word_1_638' title='bbox 148 4437 252 4490; x_wconf 83' lang='lat' dir='ltr'><strong>matrem</strong></span> <span class='ocrx_word' id='word_1_639' title='bbox 265 4429 409 4490; x_wconf 86' lang='lat' dir='ltr'><strong>indicaret</strong></span> <span class='ocrx_word' id='word_1_640' title='bbox 423 4438 582 4505; x_wconf 89' lang='lat' dir='ltr'><strong>parcentem</strong></span> <span class='ocrx_word' id='word_1_641' title='bbox 595 4436 623 4488; x_wconf 90' lang='lat' dir='ltr'><strong>et</strong></span> <span class='ocrx_word' id='word_1_642' title='bbox 635 4432 854 4489; x_wconf 90' lang='lat' dir='ltr'><strong>horrescentem.</strong></span> <span class='ocrx_word' id='word_1_643' title='bbox 881 4432 962 4487; x_wconf 83' lang='lat' dir='ltr'><strong>Nune</strong></span> <span class='ocrx_word' id='word_1_644' title='bbox 975 4425 1003 4489; x_wconf 88' lang='lat' dir='ltr'><strong>D</strong></span> <span class='ocrx_word' id='word_1_645' title='bbox 1017 4447 1069 4491; x_wconf 92' lang='lat' dir='ltr'><strong>suo</strong></span> <span class='ocrx_word' id='word_1_646' title='bbox 1095 4434 1130 4491; x_wconf 92' lang='lat' dir='ltr'><strong>de</strong></span> <span class='ocrx_word' id='word_1_647' title='bbox 1156 4436 1305 4492; x_wconf 84' lang='lat' dir='ltr'><strong>nativitate</strong></span> <span class='ocrx_word' id='word_1_648' title='bbox 1322 4434 1430 4492; x_wconf 86' lang='lat' dir='ltr'><strong>Christi</strong></span> <span class='ocrx_word' id='word_1_649' title='bbox 1452 4434 1510 4490; x_wconf 89' lang='lat' dir='ltr'><strong>ait:</strong></span> <span class='ocrx_word' id='word_1_650' title='bbox 1535 4432 1697 4490; x_wconf 86' lang='lat' dir='ltr'><strong>Bethlehem</strong></span> <span class='ocrx_word' id='word_1_651' title='bbox 1723 4432 1841 4500; x_wconf 93' lang='lat' dir='ltr'><strong>honora,</strong></span> 
     </span>
     <span class='ocr_line' id='line_1_48' title="bbox 148 4519 1845 4597; baseline 0.001 -22"><span class='ocrx_word' id='word_1_652' title='bbox 148 4526 227 4578; x_wconf 82' lang='lat' dir='ltr'><strong>tutem</strong></span> <span class='ocrx_word' id='word_1_653' title='bbox 243 4522 418 4580; x_wconf 91' lang='lat' dir='ltr'><strong>miraculum</strong></span> <span class='ocrx_word' id='word_1_654' title='bbox 433 4522 469 4579; x_wconf 94' lang='lat' dir='ltr'><strong>ab</strong></span> <span class='ocrx_word' id='word_1_655' title='bbox 485 4523 537 4580; x_wconf 94' lang='lat' dir='ltr'><strong>illo</strong></span> <span class='ocrx_word' id='word_1_656' title='bbox 555 4536 642 4579; x_wconf 91' lang='lat' dir='ltr'><strong>sensu</strong></span> <span class='ocrx_word' id='word_1_657' title='bbox 657 4521 692 4579; x_wconf 87' lang='lat' dir='ltr'><strong>ad</strong></span> <span class='ocrx_word' id='word_1_658' title='bbox 709 4522 782 4578; x_wconf 88' lang='lat' dir='ltr'><strong>hanc</strong></span> <span class='ocrx_word' id='word_1_659' title='bbox 798 4519 903 4577; x_wconf 81' lang='lat' dir='ltr'><strong>mumri</strong></span> <span class='ocrx_word' id='word_1_660' title='bbox 922 4519 964 4590; x_wconf 90' lang='lat' dir='ltr'><strong>pi·</strong></span> <span class='ocrx_word' id='word_1_661' title='bbox 1017 4537 1140 4595; x_wconf 87' lang='lat' dir='ltr'><strong>praesepe</strong></span> <span class='ocrx_word' id='word_1_662' title='bbox 1150 4523 1246 4582; x_wconf 86' lang='lat' dir='ltr'><strong>adom.</strong></span> <span class='ocrx_word' id='word_1_663' title='bbox 1263 4527 1336 4597; x_wconf 81' lang='lat' dir='ltr'><strong>Ergo</strong></span> <span class='ocrx_word' id='word_1_664' title='bbox 1352 4524 1427 4597; x_wconf 92' lang='lat' dir='ltr'><strong>quod</strong></span> <span class='ocrx_word' id='word_1_665' title='bbox 1440 4524 1496 4581; x_wconf 87' lang='lat' dir='ltr'><strong>Deo</strong></span> <span class='ocrx_word' id='word_1_666' title='bbox 1508 4523 1633 4591; x_wconf 86' lang='lat' dir='ltr'><strong>dicatur,</strong></span> <span class='ocrx_word' id='word_1_667' title='bbox 1652 4520 1804 4592; x_wconf 81' lang='lat' dir='ltr'><strong>presentia</strong></span> <span class='ocrx_word' id='word_1_668' title='bbox 1814 4526 1845 4577; x_wconf 93' lang='lat' dir='ltr'><strong>et</strong></span> 
     </span>
     <span class='ocr_line' id='line_1_49' title="bbox 148 4609 1846 4685; baseline 0.001 -21"><span class='ocrx_word' id='word_1_669' title='bbox 148 4614 244 4669; x_wconf 82' lang='lat' dir='ltr'><strong>ituram</strong></span> <span class='ocrx_word' id='word_1_670' title='bbox 256 4617 302 4684; x_wconf 78' lang='lat' dir='ltr'><strong>3et</strong></span> <span class='ocrx_word' id='word_1_671' title='bbox 313 4613 395 4669; x_wconf 82' lang='lat' dir='ltr'><strong>valde</strong></span> <span class='ocrx_word' id='word_1_672' title='bbox 406 4626 520 4684; x_wconf 89' lang='lat' dir='ltr'><strong>quoque</strong></span> <span class='ocrx_word' id='word_1_673' title='bbox 527 4612 655 4669; x_wconf 91' lang='lat' dir='ltr'><strong>admiror</strong></span> <span class='ocrx_word' id='word_1_674' title='bbox 664 4611 815 4681; x_wconf 83' lang='lat' dir='ltr'><strong>artificem,</strong></span> <span class='ocrx_word' id='word_1_675' title='bbox 825 4609 963 4681; x_wconf 90' lang='lat' dir='ltr'><strong>quoniam</strong></span> <span class='ocrx_word' id='word_1_676' title='bbox 1017 4612 1238 4685; x_wconf 91' lang='lat' dir='ltr'><strong>participatione</strong></span> <span class='ocrx_word' id='word_1_677' title='bbox 1252 4615 1315 4684; x_wconf 84' lang='lat' dir='ltr'><strong>ejus</strong></span> <span class='ocrx_word' id='word_1_678' title='bbox 1325 4619 1455 4671; x_wconf 90' lang='lat' dir='ltr'><strong>sanctum</strong></span> <span class='ocrx_word' id='word_1_679' title='bbox 1470 4617 1522 4684; x_wconf 89' lang='lat' dir='ltr'><strong>est,</strong></span> <span class='ocrx_word' id='word_1_680' title='bbox 1536 4610 1774 4684; x_wconf 90' lang='lat' dir='ltr'><strong>quemadmodum</strong></span> <span class='ocrx_word' id='word_1_681' title='bbox 1787 4623 1846 4667; x_wconf 89' lang='lat' dir='ltr'><strong>om-</strong></span> 
     </span>
     <span class='ocr_line' id='line_1_50' title="bbox 149 4699 1846 4774; baseline 0.001 -19"><span class='ocrx_word' id='word_1_682' title='bbox 149 4701 558 4774; x_wconf 85' lang='lat' dir='ltr'><strong>magiscommiscuitcolorum</strong></span> <span class='ocrx_word' id='word_1_683' title='bbox 572 4715 688 4772; x_wconf 90' lang='lat' dir='ltr'><strong>morem,</strong></span> <span class='ocrx_word' id='word_1_684' title='bbox 700 4700 837 4770; x_wconf 86' lang='lat' dir='ltr'><strong>pudorem</strong></span> <span class='ocrx_word' id='word_1_685' title='bbox 857 4699 964 4771; x_wconf 88' lang='lat' dir='ltr'><strong>pariter</strong></span> <span class='ocrx_word' id='word_1_686' title='bbox 1017 4703 1063 4759; x_wconf 92' lang='lat' dir='ltr'><strong>nis</strong></span> <span class='ocrx_word' id='word_1_687' title='bbox 1075 4703 1223 4773; x_wconf 89' lang='lat' dir='ltr'><strong>Scriptura</strong></span> <span class='ocrx_word' id='word_1_688' title='bbox 1244 4708 1379 4760; x_wconf 88' lang='lat' dir='ltr'><strong>testatur:</strong></span> <span class='ocrx_word' id='word_1_689' title='bbox 1397 4707 1425 4759; x_wconf 92' lang='lat' dir='ltr'><strong>et</strong></span> <span class='ocrx_word' id='word_1_690' title='bbox 1436 4703 1462 4759; x_wconf 91' lang='lat' dir='ltr'><strong>ei</strong></span> <span class='ocrx_word' id='word_1_691' title='bbox 1478 4702 1528 4773; x_wconf 90' lang='lat' dir='ltr'><strong>qni</strong></span> <span class='ocrx_word' id='word_1_692' title='bbox 1544 4705 1660 4758; x_wconf 90' lang='lat' dir='ltr'><strong>sanetus</strong></span> <span class='ocrx_word' id='word_1_693' title='bbox 1683 4704 1736 4771; x_wconf 91' lang='lat' dir='ltr'><strong>est,</strong></span> <span class='ocrx_word' id='word_1_694' title='bbox 1754 4699 1846 4756; x_wconf 92' lang='lat' dir='ltr'><strong>bonor</strong></span> 
     </span>
     <span class='ocr_line' id='line_1_51' title="bbox 149 4787 1846 4863; baseline 0.002 -21"><span class='ocrx_word' id='word_1_695' title='bbox 149 4787 369 4847; x_wconf 86' lang='lat' dir='ltr'><strong>etiortitudinem</strong></span> <span class='ocrx_word' id='word_1_696' title='bbox 386 4796 555 4863; x_wconf 82' lang='lat' dir='ltr'><strong>temperans,</strong></span> <span class='ocrx_word' id='word_1_697' title='bbox 571 4788 881 4847; x_wconf 87' lang='lat' dir='ltr'><strong>allectionesvidelieei</strong></span> <span class='ocrx_word' id='word_1_698' title='bbox 901 4802 963 4859; x_wconf 83' lang='lat' dir='ltr'><strong>quae</strong></span> <span class='ocrx_word' id='word_1_699' title='bbox 1018 4793 1180 4849; x_wconf 89' lang='lat' dir='ltr'><strong>sanctitatis</strong></span> <span class='ocrx_word' id='word_1_700' title='bbox 1205 4806 1260 4849; x_wconf 94' lang='lat' dir='ltr'><strong>non</strong></span> <span class='ocrx_word' id='word_1_701' title='bbox 1286 4793 1371 4848; x_wconf 89' lang='lat' dir='ltr'><strong>aliter</strong></span> <span class='ocrx_word' id='word_1_702' title='bbox 1393 4796 1587 4863; x_wconf 84' lang='lat' dir='ltr'><strong>conservatur,</strong></span> <span class='ocrx_word' id='word_1_703' title='bbox 1613 4803 1698 4863; x_wconf 91' lang='lat' dir='ltr'><strong>quam</strong></span> <span class='ocrx_word' id='word_1_704' title='bbox 1725 4803 1774 4860; x_wconf 90' lang='lat' dir='ltr'><strong>per</strong></span> <span class='ocrx_word' id='word_1_705' title='bbox 1798 4801 1846 4845; x_wconf 82' lang='lat' dir='ltr'><strong>no</strong></span> 
     </span>
     <span class='ocr_line' id='line_1_52' title="bbox 148 4877 1845 4951; baseline 0 -17"><span class='ocrx_word' id='word_1_706' title='bbox 148 4877 195 4935; x_wconf 85' lang='lat' dir='ltr'><strong>tibi</strong></span> <span class='ocrx_word' id='word_1_707' title='bbox 219 4881 340 4937; x_wconf 79' lang='lat' dir='ltr'><strong>inuicem</strong></span> <span class='ocrx_word' id='word_1_708' title='bbox 367 4880 564 4937; x_wconf 81' lang='lat' dir='ltr'><strong>adversantur.</strong></span> <span class='ocrx_word' id='word_1_709' title='bbox 589 4881 717 4950; x_wconf 84' lang='lat' dir='ltr'><strong>Cumque</strong></span> <span class='ocrx_word' id='word_1_710' title='bbox 747 4877 965 4950; x_wconf 86' lang='lat' dir='ltr'><strong>progrederetur</strong></span> <span class='ocrx_word' id='word_1_711' title='bbox 1018 4887 1106 4939; x_wconf 91' lang='lat' dir='ltr'><strong>stram</strong></span> <span class='ocrx_word' id='word_1_712' title='bbox 1126 4880 1300 4938; x_wconf 80' lang='lat' dir='ltr'><strong>affectualem</strong></span> <span class='ocrx_word' id='word_1_713' title='bbox 1325 4881 1529 4939; x_wconf 90' lang='lat' dir='ltr'><strong>adorationem.</strong></span> <span class='ocrx_word' id='word_1_714' title='bbox 1558 4881 1614 4951; x_wconf 89' lang='lat' dir='ltr'><strong>ipsi</strong></span> <span class='ocrx_word' id='word_1_715' title='bbox 1634 4885 1728 4936; x_wconf 89' lang='lat' dir='ltr'><strong>autem</strong></span> <span class='ocrx_word' id='word_1_716' title='bbox 1750 4878 1845 4935; x_wconf 90' lang='lat' dir='ltr'><strong>adhuc</strong></span> 
     </span>
     <span class='ocr_line' id='line_1_53' title="bbox 146 4966 1844 5043; baseline 0.001 -20"><span class='ocrx_word' id='word_1_717' title='bbox 146 4969 265 5027; x_wconf 89' lang='lat' dir='ltr'><strong>anterius</strong></span> <span class='ocrx_word' id='word_1_718' title='bbox 280 4969 417 5042; x_wconf 86' lang='lat' dir='ltr'><strong>imitatio,</strong></span> <span class='ocrx_word' id='word_1_719' title='bbox 432 4969 583 5026; x_wconf 77' lang='lat' dir='ltr'><strong>carnifices</strong></span> <span class='ocrx_word' id='word_1_720' title='bbox 597 4969 715 5041; x_wconf 88' lang='lat' dir='ltr'><strong>quidam</strong></span> <span class='ocrx_word' id='word_1_721' title='bbox 729 4967 758 5023; x_wconf 91' lang='lat' dir='ltr'><strong>in</strong></span> <span class='ocrx_word' id='word_1_722' title='bbox 776 4967 870 5038; x_wconf 78' lang='lat' dir='ltr'><strong>parnis</strong></span> <span class='ocrx_word' id='word_1_723' title='bbox 889 4966 965 5024; x_wconf 93' lang='lat' dir='ltr'><strong>tuni·</strong></span> <span class='ocrx_word' id='word_1_724' title='bbox 1019 4972 1160 5041; x_wconf 89' lang='lat' dir='ltr'><strong>spirantes</strong></span> <span class='ocrx_word' id='word_1_725' title='bbox 1177 4971 1365 5043; x_wconf 91' lang='lat' dir='ltr'><strong>mendacium,</strong></span> <span class='ocrx_word' id='word_1_726' title='bbox 1389 4970 1484 5026; x_wconf 91' lang='lat' dir='ltr'><strong>aliena</strong></span> <span class='ocrx_word' id='word_1_727' title='bbox 1508 4970 1636 5040; x_wconf 83' lang='lat' dir='ltr'><strong>quedam</strong></span> <span class='ocrx_word' id='word_1_728' title='bbox 1660 4969 1696 5026; x_wconf 93' lang='lat' dir='ltr'><strong>ab</strong></span> <span class='ocrx_word' id='word_1_729' title='bbox 1717 4967 1844 5025; x_wconf 86' lang='lat' dir='ltr'><strong>Ecclesia</strong></span> 
     </span>
     <span class='ocr_line' id='line_1_54' title="bbox 145 5056 1470 5132; baseline 0 -18"><span class='ocrx_word' id='word_1_730' title='bbox 145 5057 182 5114; x_wconf 83' lang='lat' dir='ltr'><strong>cis</strong></span> <span class='ocrx_word' id='word_1_731' title='bbox 203 5058 272 5115; x_wconf 93' lang='lat' dir='ltr'><strong>nudi</strong></span> <span class='ocrx_word' id='word_1_732' title='bbox 289 5059 348 5129; x_wconf 82' lang='lat' dir='ltr'><strong>jam</strong></span> <span class='ocrx_word' id='word_1_733' title='bbox 367 5058 402 5114; x_wconf 93' lang='lat' dir='ltr'><strong>ad</strong></span> <span class='ocrx_word' id='word_1_734' title='bbox 424 5073 497 5130; x_wconf 92' lang='lat' dir='ltr'><strong>opus</strong></span> <span class='ocrx_word' id='word_1_735' title='bbox 516 5057 674 5131; x_wconf 76' lang='lat' dir='ltr'><strong>urgebant,</strong></span> <span class='ocrx_word' id='word_1_736' title='bbox 696 5061 724 5113; x_wconf 94' lang='lat' dir='ltr'><strong>et</strong></span> <span class='ocrx_word' id='word_1_737' title='bbox 746 5072 822 5114; x_wconf 93' lang='lat' dir='ltr'><strong>unus</strong></span> <span class='ocrx_word' id='word_1_738' title='bbox 848 5056 964 5128; x_wconf 90' lang='lat' dir='ltr'><strong>quidem</strong></span> <span class='ocrx_word' id='word_1_739' title='bbox 1018 5059 1160 5118; x_wconf 89' lang='lat' dir='ltr'><strong>catholiea</strong></span> <span class='ocrx_word' id='word_1_740' title='bbox 1175 5065 1353 5132; x_wconf 90' lang='lat' dir='ltr'><strong>consuentes,</strong></span> <span class='ocrx_word' id='word_1_741' title='bbox 1372 5059 1470 5116; x_wconf 87' lang='lat' dir='ltr'><strong>aiunt:</strong></span> 
     </span>
     <span class='ocr_line' id='line_1_55' title="bbox 144 5145 967 5220; baseline 0.004 -19"><span class='ocrx_word' id='word_1_742' title='bbox 144 5146 352 5218; x_wconf 84' lang='lat' dir='ltr'><strong>apprehendens</strong></span> <span class='ocrx_word' id='word_1_743' title='bbox 366 5153 494 5220; x_wconf 89' lang='lat' dir='ltr'><strong>caputet</strong></span> <span class='ocrx_word' id='word_1_744' title='bbox 509 5148 653 5205; x_wconf 91' lang='lat' dir='ltr'><strong>inclinans</strong></span> <span class='ocrx_word' id='word_1_745' title='bbox 673 5151 842 5219; x_wconf 89' lang='lat' dir='ltr'><strong>retrorsum,</strong></span> <span class='ocrx_word' id='word_1_746' title='bbox 864 5145 967 5216; x_wconf 76' lang='lat' dir='ltr'><strong>prebe.</strong></span> 
     </span>
     <span class='ocr_line' id='line_1_56' title="bbox 142 5233 966 5310; baseline -0.005 -15"><span class='ocrx_word' id='word_1_747' title='bbox 142 5233 281 5295; x_wconf 81' lang='lat' dir='ltr'><strong>bataiteri</strong></span> <span class='ocrx_word' id='word_1_748' title='bbox 298 5241 464 5310; x_wconf 89' lang='lat' dir='ltr'><strong>apparatam</strong></span> <span class='ocrx_word' id='word_1_749' title='bbox 481 5238 516 5294; x_wconf 94' lang='lat' dir='ltr'><strong>ad</strong></span> <span class='ocrx_word' id='word_1_750' title='bbox 534 5250 644 5310; x_wconf 82' lang='lat' dir='ltr'><strong>penam</strong></span> <span class='ocrx_word' id='word_1_751' title='bbox 658 5236 783 5310; x_wconf 82' lang='lat' dir='ltr'><strong>virginis</strong></span> <span class='ocrx_word' id='word_1_752' title='bbox 799 5233 919 5299; x_wconf 81' lang='lat' dir='ltr'><strong>laniem:</strong></span> <span class='ocrx_word' id='word_1_753' title='bbox 936 5238 966 5291; x_wconf 87' lang='lat' dir='ltr'><strong>at</strong></span> 
     </span>
     <span class='ocr_line' id='line_1_57' title="bbox 142 5309 1858 5385; baseline -0.002 -3"><span class='ocrx_word' id='word_1_754' title='bbox 142 5324 189 5384; x_wconf 89' lang='lat' dir='ltr'><strong>iile</strong></span> <span class='ocrx_word' id='word_1_755' title='bbox 201 5326 343 5385; x_wconf 89' lang='lat' dir='ltr'><strong>assistens</strong></span> <span class='ocrx_word' id='word_1_756' title='bbox 358 5326 503 5384; x_wconf 86' lang='lat' dir='ltr'><strong>incidebat</strong></span> <span class='ocrx_word' id='word_1_757' title='bbox 519 5325 628 5384; x_wconf 90' lang='lat' dir='ltr'><strong>dentes.</strong></span> <span class='ocrx_word' id='word_1_758' title='bbox 647 5324 768 5383; x_wconf 86' lang='lat' dir='ltr'><strong>hlalleus</strong></span> <span class='ocrx_word' id='word_1_759' title='bbox 785 5328 813 5381; x_wconf 88' lang='lat' dir='ltr'><strong>et</strong></span> <span class='ocrx_word' id='word_1_760' title='bbox 827 5328 965 5382; x_wconf 90' lang='lat' dir='ltr'><strong>teretrum</strong></span> <span class='ocrx_word' id='word_1_761' title='bbox 1055 5319 1212 5376; x_wconf 80' lang='lat' dir='ltr'><strong>«consona</strong></span> <span class='ocrx_word' id='word_1_762' title='bbox 1237 5330 1304 5373; x_wconf 87' lang='lat' dir='ltr'><strong>vero</strong></span> <span class='ocrx_word' id='word_1_763' title='bbox 1332 5315 1399 5372; x_wconf 80' lang='lat' dir='ltr'><strong>istis</strong></span> <span class='ocrx_word' id='word_1_764' title='bbox 1428 5318 1456 5371; x_wconf 89' lang='lat' dir='ltr'><strong>et</strong></span> <span class='ocrx_word' id='word_1_765' title='bbox 1478 5313 1640 5371; x_wconf 89' lang='lat' dir='ltr'><strong>Theodotus</strong></span> <span class='ocrx_word' id='word_1_766' title='bbox 1664 5309 1858 5381; x_wconf 71' lang='lat' dir='ltr'><strong>Ancyranus,</strong></span> 
     </span>
     <span class='ocr_line' id='line_1_58' title="bbox 140 5398 1848 5487; baseline -0.005 -27"><span class='ocrx_word' id='word_1_767' title='bbox 140 5429 227 5487; x_wconf 61' lang='grc' dir='ltr'><strong>[χρη</strong></span> <span class='ocrx_word' id='word_1_768' title='bbox 256 5417 449 5475; x_wconf 59' lang='lat' dir='ltr'><strong>instrumenta</strong></span> <span class='ocrx_word' id='word_1_769' title='bbox 475 5416 619 5474; x_wconf 71' lang='lat' dir='ltr'><strong>videntur,</strong></span> <span class='ocrx_word' id='word_1_770' title='bbox 650 5417 804 5487; x_wconf 74' lang='lat' dir='ltr'><strong>Lacrymor</strong></span> <span class='ocrx_word' id='word_1_771' title='bbox 831 5413 911 5484; x_wconf 59' lang='lat' dir='ltr'><strong>hinc,</strong></span> <span class='ocrx_word' id='word_1_772' title='bbox 938 5415 967 5469; x_wconf 74' lang='lat' dir='ltr'><strong>et</strong></span> <span class='ocrx_word' id='word_1_773' title='bbox 1020 5413 1224 5465; x_wconf 70' lang='lat' dir='ltr'><strong>»concertator</strong></span> <span class='ocrx_word' id='word_1_774' title='bbox 1246 5405 1358 5478; x_wconf 75' lang='lat' dir='ltr'><strong>Cylllll,</strong></span> <span class='ocrx_word' id='word_1_775' title='bbox 1379 5404 1414 5461; x_wconf 84' lang='lat' dir='ltr'><strong>de</strong></span> <span class='ocrx_word' id='word_1_776' title='bbox 1433 5404 1540 5462; x_wconf 71' lang='lat' dir='ltr'><strong>eisdem</strong></span> <span class='ocrx_word' id='word_1_777' title='bbox 1555 5401 1709 5460; x_wconf 70' lang='grc' dir='ltr'><strong>(1008ῐὶίέὶὲ</strong></span> <span class='ocrx_word' id='word_1_778' title='bbox 1732 5398 1848 5455; x_wconf 66' lang='lat' dir='ltr'><strong>Sancto·</strong></span> 
     </span>
     <span class='ocr_line' id='line_1_59' title="bbox 141 5484 1849 5579; baseline -0.015 -16"><span class='ocrx_word' id='word_1_779' title='bbox 141 5507 213 5564; x_wconf 89' lang='lat' dir='ltr'><strong>mibi</strong></span> <span class='ocrx_word' id='word_1_780' title='bbox 228 5507 326 5579; x_wconf 85' lang='lat' dir='ltr'><strong>passio</strong></span> <span class='ocrx_word' id='word_1_781' title='bbox 342 5521 501 5565; x_wconf 89' lang='lat' dir='ltr'><strong>sermonem</strong></span> <span class='ocrx_word' id='word_1_782' title='bbox 514 5506 627 5566; x_wconf 90' lang='lat' dir='ltr'><strong>recidit.</strong></span> <span class='ocrx_word' id='word_1_783' title='bbox 642 5504 799 5578; x_wconf 89' lang='lat' dir='ltr'><strong>Sanguinis</strong></span> <span class='ocrx_word' id='word_1_784' title='bbox 811 5503 888 5560; x_wconf 91' lang='lat' dir='ltr'><strong>enim</strong></span> <span class='ocrx_word' id='word_1_785' title='bbox 905 5506 968 5576; x_wconf 89' lang='lat' dir='ltr'><strong>gut·</strong></span> <span class='ocrx_word' id='word_1_786' title='bbox 1022 5510 1110 5555; x_wconf 82' lang='lat' dir='ltr'><strong>rrrrm</strong></span> <span class='ocrx_word' id='word_1_787' title='bbox 1123 5495 1221 5553; x_wconf 83' lang='lat' dir='ltr'><strong>vultus</strong></span> <span class='ocrx_word' id='word_1_788' title='bbox 1233 5508 1290 5552; x_wconf 92' lang='lat' dir='ltr'><strong>non</strong></span> <span class='ocrx_word' id='word_1_789' title='bbox 1306 5491 1526 5565; x_wconf 87' lang='lat' dir='ltr'><strong>inimaginibus</strong></span> <span class='ocrx_word' id='word_1_790' title='bbox 1543 5503 1577 5546; x_wconf 85' lang='lat' dir='ltr'><strong>en</strong></span> <span class='ocrx_word' id='word_1_791' title='bbox 1594 5484 1792 5545; x_wconf 89' lang='lat' dir='ltr'><strong>materialibus</strong></span> <span class='ocrx_word' id='word_1_792' title='bbox 1804 5496 1849 5539; x_wconf 82' lang='lat' dir='ltr'><strong>co</strong></span> 
     </span>
     <span class='ocr_line' id='line_1_60' title="bbox 139 5575 1847 5670; baseline -0.016 -15"><span class='ocrx_word' id='word_1_793' title='bbox 139 5600 183 5655; x_wconf 85' lang='lat' dir='ltr'><strong>ias</strong></span> <span class='ocrx_word' id='word_1_794' title='bbox 199 5597 240 5655; x_wconf 87' lang='lat' dir='ltr'><strong>iia</strong></span> <span class='ocrx_word' id='word_1_795' title='bbox 255 5596 352 5670; x_wconf 88' lang='lat' dir='ltr'><strong>pictor</strong></span> <span class='ocrx_word' id='word_1_796' title='bbox 364 5596 478 5669; x_wconf 91' lang='lat' dir='ltr'><strong>liquido</strong></span> <span class='ocrx_word' id='word_1_797' title='bbox 492 5595 642 5669; x_wconf 78' lang='lat' dir='ltr'><strong>coloravit,</strong></span> <span class='ocrx_word' id='word_1_798' title='bbox 659 5599 692 5654; x_wconf 93' lang='lat' dir='ltr'><strong>ut</strong></span> <span class='ocrx_word' id='word_1_799' title='bbox 704 5593 816 5652; x_wconf 89' lang='lat' dir='ltr'><strong>diceres</strong></span> <span class='ocrx_word' id='word_1_800' title='bbox 828 5592 968 5652; x_wconf 86' lang='lat' dir='ltr'><strong>veraciter</strong></span> <span class='ocrx_word' id='word_1_801' title='bbox 1023 5586 1160 5645; x_wconf 78' lang='lat' dir='ltr'><strong>»loribus</strong></span> <span class='ocrx_word' id='word_1_802' title='bbox 1175 5584 1259 5644; x_wconf 86' lang='lat' dir='ltr'><strong>iactis</strong></span> <span class='ocrx_word' id='word_1_803' title='bbox 1283 5582 1447 5643; x_wconf 79' lang='lat' dir='ltr'><strong>formandos</strong></span> <span class='ocrx_word' id='word_1_804' title='bbox 1470 5579 1644 5649; x_wconf 88' lang='lat' dir='ltr'><strong>accepimus,</strong></span> <span class='ocrx_word' id='word_1_805' title='bbox 1671 5575 1719 5632; x_wconf 89' lang='lat' dir='ltr'><strong>sed</strong></span> <span class='ocrx_word' id='word_1_806' title='bbox 1747 5575 1847 5630; x_wconf 85' lang='lat' dir='ltr'><strong>horum</strong></span> 
     </span>
    </p>
   </div>
   <div class='ocr_carea' id='block_1_3' title="bbox 358 5687 1745 5776">
    <p class='ocr_par' dir='ltr' id='par_1_3' title="bbox 358 5687 1745 5776">
     <span class='ocr_line' id='line_1_61' title="bbox 358 5687 1745 5776; baseline 0.004 -10"><span class='ocrx_word' id='word_1_807' title='bbox 358 5709 475 5772; x_wconf 76' lang='lat' dir='ltr'><strong>Pomm.</strong></span> <span class='ocrx_word' id='word_1_808' title='bbox 500 5712 629 5776; x_wconf 61' lang='lat' dir='ltr'><strong>cxxix,</strong></span> <span class='ocrx_word' id='word_1_809' title='bbox 1711 5687 1745 5747; x_wconf 62' lang='grc' dir='ltr'>Η</span> 
     </span>
    </p>
   </div>
   <div class='ocr_carea' id='block_1_4' title="bbox 1233 5185 1631 5257">
    <p class='ocr_par' dir='ltr' id='par_1_4' title="bbox 1233 5185 1631 5257">
     <span class='ocr_line' id='line_1_62' title="bbox 1233 5185 1631 5257; baseline -0.008 -13"><span class='ocrx_word' id='word_1_810' title='bbox 1233 5188 1378 5257; x_wconf 79' lang='lat' dir='ltr'><strong>Gregorius</strong></span> <span class='ocrx_word' id='word_1_811' title='bbox 1388 5186 1528 5257; x_wconf 83' lang='lat' dir='ltr'><strong>episcopus</strong></span> <span class='ocrx_word' id='word_1_812' title='bbox 1545 5185 1608 5255; x_wconf 83' lang='lat' dir='ltr'><strong>legit</strong></span> <span class='ocrx_word' id='word_1_813' title='bbox 1625 5204 1631 5241; x_wconf 91' lang='lat'><strong>:</strong></span> 
     </span>
    </p>
   </div>
   <div class='ocr_carea' id='block_1_5' title="bbox 0 0 1976 6084">
    <p class='ocr_par' dir='ltr' id='par_1_5' title="bbox 0 0 1976 6084">
     <span class='ocr_line' id='line_1_63' title="bbox 0 0 1976 6084; baseline 0 0"><span class='ocrx_word' id='word_1_814' title='bbox 0 0 1976 6084; x_wconf 95' lang='lat' dir='ltr'><strong> </strong></span> 
     </span>
    </p>
   </div>
  </div>
 </body>
</html>
