3876 6090
163 249 218 312 823
872 249 1056 307 FORMOSUS
1074 250 1172 306 PttPn.
1819 248 1871 308 stt

164 381 321 450 jurareque
343 375 447 447 coegit.
469 387 498 429 se
521 386 668 444 nunquam
687 374 882 445 episcopatum
905 389 989 432 suum
1004 377 1033 436 A
1047 374 1165 431 ltomani
1191 373 1245 430 sub
1259 374 1364 430 loanne
1378 374 1417 430 lx
1434 376 1586 444 tertantur,
1608 373 1752 429 accidisse
1766 376 1871 458 potuit,

168 449 368 534 repetiturum,
406 447 453 502 sed
491 445 562 500 laica
595 446 796 502 communione
825 452 990 502 contentum
1047 447 1120 516 quod
1138 445 1210 501 idem
1228 444 1355 514 pontifex
1368 447 1520 502 Formosus
1534 458 1609 500 anno
1622 445 1812 515 pontificatus
1826 461 1870 501 sut

167 523 302 590 deinceps
316 519 492 589 quieturum.
516 516 577 586 Qua
595 516 631 571 de
645 530 731 572 causa
744 517 865 573 loannes
881 518 910 572 in
926 530 989 573 eum
1047 521 1162 572 sextoet
1173 517 1275 572 ultimo
1285 516 1466 587 drnulphum
1480 517 1631 584 vocaverit,
1643 517 1871 599 eiquecoronam

169 592 222 649 bac
237 591 349 646 ratione
363 587 607 655 animadverterit,
624 601 680 643 non
694 592 825 644 constat:
841 588 898 644 nisi
914 589 990 658 quod
1047 587 1163 656 imperii
1188 587 1375 644 occidentalis
1401 587 1580 657 imposuerit.
1610 587 1810 658 Corrigendus
1833 593 1873 644 est

168 661 290 720 tortasse
309 659 345 717 ob
358 674 402 717 res
414 659 486 715 male
517 659 776 729 estas,aFormoso
790 663 949 743 correptus,
963 662 991 714 et
1047 658 1873 730 igiturcommuniserrorchronographorum,quicontra

167 734 342 800 admonitus,
364 732 457 801 ipsum
475 674 552 787 velut
568 728 700 785 rebellem
713 744 747 785 ex
758 730 824 786 albo
839 743 992 800 episcopo-
1046 730 1246 799 praescriptum
1269 744 1416 786 sacrorum
1440 743 1592 791 canonum,
1615 735 1644 785 et
1667 730 1871 787 anctoritatem

169 819 233 863 rum
255 803 428 860 eradendum
450 814 512 856 esse
534 801 685 870 putaverit.
713 801 851 870 Marinus,
872 801 991 857 loannis
1047 800 1315 870 sedisapostolicae,
1333 799 1872 871 postCarolumCalvnm,Widoneet

207 889 249 946 pte
282 886 440 941 successor,
464 872 559 928 virum
589 871 701 927 meritis
725 885 812 943 supra
840 871 992 928 recensitis
1047 871 1195 928 Lamberto
1210 872 1338 943 omissis,
1360 872 1390 927 in
1406 871 1480 927 serie
1494 869 1725 927 Occidentalium
1745 872 1873 943 impera-

170 948 313 1019 tnsignem
338 943 517 1070 agostolatns
542 941 650 998 honore
678 944 911 1013 condecoratum,
939 943 991 997 bac
1047 942 1872 1015 toramenumeramnrnutpbum,quilegitimenunquan

169 1017 356 1091 ignominiae
379 1019 486 1082 rutum,
502 1017 534 1069 ut
544 1025 595 1083 par
609 1018 680 1085 erat,
693 1013 794 1082 erexit,
808 1020 992 1084 erectumque
1047 1013 1155 1070 electus
1169 1017 1197 1069 et
1214 1020 1378 1086 coronatus,
1405 1014 1588 1083 imperatoris
1611 1013 1700 1070 titulo
1726 1028 1872 1084 nunquam

169 1088 245 1145 baud
261 1086 350 1145 dubie
365 1099 381 1141 a
391 1087 554 1154 juramento
574 1097 623 1153 per
640 1084 696 1139 vim
712 1089 741 1139 et
756 1091 861 1140 metum
880 1089 991 1140 extorto
1047 1084 1281 1141 condecorandus
1301 1092 1371 1141 erat.
1388 1085 1439 1140 l’er
1458 1083 1611 1140 electiones
1629 1089 1659 1140 et
1672 1085 1872 1142 coronationes

167 1158 300 1228 absolvit,
312 1161 340 1213 et
351 1154 626 1227 pristinaedignilati
640 1155 775 1211 restituit.
789 1154 992 1225 obtemperans
1048 1169 1135 1225 supra
1158 1161 1305 1212 enarratas
1328 1156 1435 1213 citium
1460 1155 1652 1211 Romanorum
1682 1155 1826 1211 invidiam
1848 1165 1873 1212 et

169 1236 198 1287 et
211 1229 360 1287 sententiae
379 1231 408 1283 et
426 1226 559 1282 mandato
580 1225 726 1294 pontilicis
747 1228 910 1295 Formosus,
926 1225 992 1295 epi·
1047 1226 1146 1282 odium
1163 1227 1318 1283 maximum
1338 1227 1649 1297 incurrit-,eorumque
1668 1227 1771 1283 virens
1789 1227 1871 1283 simul

169 1305 316 1371 scopatum
329 1297 492 1367 resumpsit.
512 1297 639 1366 Cumque
653 1296 705 1353 boc
717 1297 899 1367 potissimum
917 1302 992 1352 tem·
1047 1302 1076 1353 et
1102 1303 1233 1354 mortuns
1254 1298 1440 1364 gravissimas
1465 1296 1599 1369 injurias,
1624 1298 1822 1353 contumelias
1844 1312 1873 1354 ac

189 1385 238 1428 ore
259 1370 450 1441 pessimorum
478 1375 664 1438 tyrannorum
689 1368 837 1425 invasione
866 1369 992 1424 Romana
1048 1368 1199 1440 sacrilegia
1215 1369 1368 1426 sustinuit.
1384 1371 1423 1424 be
1442 1369 1480 1423 iis
1495 1381 1586 1438 quaea
1602 1368 1741 1425 Romanis
1761 1369 1873 1426 civibus

168 1385 295 1498 Ecclesia
306 1439 475 1511 gravissime
489 1438 675 1510 affligeretur,
690 1439 750 1508 ipse
762 1454 826 1496 vero
838 1441 992 1496 Formosus
1048 1451 1149 1508 passus
1168 1445 1211 1495 est
1232 1441 1339 1509 vivens,
1364 1440 1558 1510 bnitpraodus
1581 1439 1631 1494 lib.
1653 1453 1672 1509 t,
1694 1453 1758 1510 cap.
1779 1439 1808 1510 8,
1831 1441 1875 1497 his

167 1512 336 1570 Portuensis
356 1511 584 1581 episcopustoto
599 1514 741 1566 terrarum
758 1510 836 1581 orbe,
855 1516 992 1580 utsupra
1047 1510 1142 1566 verbis
1168 1516 1306 1567 enarrat:
1325 1513 1381 1567 lloc
1406 1511 1434 1566 in
1465 1515 1590 1581 tempore
1620 1511 1776 1567 Formosus
1807 1524 1874 1582 papa

168 1580 780 1652 exFlodoardoetLuitprandoostendimus,
791 1581 991 1638 sanctissimus
1047 1580 1875 1653 religiosusaRomanisuehementerablictabatur,cuius

169 1654 257 1712 simul
277 1660 305 1710 et
324 1651 511 1711 doctissimus
528 1652 722 1708 babereturet
735 1653 898 1710 coleretur:
917 1651 992 1707 bono
1047 1662 1075 1712 et
1099 1654 1216 1709 hortatu
1241 1667 1289 1709 rex
1314 1653 1485 1723 arnulphus
1509 1653 1626 1708 llomam
1650 1654 1817 1709 advenerat.
1845 1656 1874 1709 ln

170 1726 261 1783 totins
271 1725 405 1781 Ecclesiae
418 1723 576 1794 catholicae,
592 1729 676 1793 prout
690 1725 795 1794 sapius
806 1722 912 1780 iactum
925 1721 993 1778 lue·
1007 1709 1032 1770 Β
1047 1726 1131 1796 cuins
1156 1725 1287 1795 ingressu
1311 1724 1476 1781 ulciscendo
1504 1737 1582 1794 papae
1607 1724 1746 1793 injuriam
1771 1724 1875 1781 multos

169 1801 224 1867 rat,
240 1810 274 1853 ex
288 1797 421 1922 episcopo
440 1795 591 1851 Portueusi
606 1795 642 1851 ad
659 1796 845 1852 moderandas
868 1794 992 1850 habenas
1047 1799 1237 1854 Romanorum
1261 1795 1406 1866 principes
1421 1795 1533 1850 obviam
1547 1794 1605 1851 sibi
1623 1803 1811 1864 properantes
1824 1795 1876 1850 de-

168 1868 262 1925 totlus
273 1882 306 1924 or
327 1867 352 1923 is
366 1866 502 1923 catholici
516 1865 673 1922 translatus
687 1867 775 1922 estad
794 1867 991 1937 episcopatum
1047 1867 1148 1925 collari
1165 1866 1307 1936 praecepit.
1324 1868 1401 1936 Quas
1417 1866 1551 1935 injurias,
1568 1880 1664 1935 quave
1690 1866 1795 1935 probra
1808 1881 1876 1922 suc-

171 1945 200 1995 et
225 1937 423 2008 pontificatum
449 1937 581 1992 llomanae
605 1937 738 1993 Ecclesia
755 1956 762 1992 ι
782 1939 866 2009 cujus
890 1935 980 1992 initio
1047 1951 1173 1996 cessores
1189 1935 1272 1993 illius
1288 1938 1471 2008 Stbepbanus
1485 1938 1521 1992 Vl
1535 1943 1563 1993 et
1577 1935 1695 2008 Sergius
1712 1939 1749 1992 lll
1769 1938 1813 1994 vel
1830 1951 1876 2007 per

169 2009 321 2079 epistotam
343 2008 434 2078 illam,
460 2021 545 2079 quam
571 2007 718 2079 stylianus
742 2010 936 2065 destinaverat
956 1977 991 2064 ad
1049 2009 1116 2066 lacti
1144 2009 1346 2079 ignorantiam,
1373 2009 1416 2064 rel
1445 2022 1493 2078 per
1518 2021 1661 2064 summum
1688 2009 1876 2081 sacrilegium

170 2080 345 2152 Stephanum
360 2081 392 2152 V,
408 2079 577 2151 priusquam
599 2079 879 2137 Romamatierretur
893 2077 994 2135 delun·
1047 2081 1139 2137 eidem
1167 2079 1295 2148 pontiflci
1323 2080 1465 2146 intulerit,
1487 2080 1630 2148 quomodo
1653 2078 1831 2135 exhumatus
1851 2086 1877 2135 et

169 2156 259 2220 ctum,
275 2151 395 2223 accepit,
416 2150 561 2221 aliamque
580 2149 656 2207 inira
674 2157 831 2208 exstantem
854 2149 990 2207 reddidit.
1048 2152 1144 2208 tribus
1164 2150 1267 2222 digitis
1298 2151 1450 2207 mutilatus
1476 2150 1525 2219 sit,
1554 2151 1666 2205 iteratis
1690 2157 1718 2205 et
1746 2151 1876 2220 repetitis

164 2222 258 2280 llalde
277 2222 422 2278 sollicitus
438 2220 495 2278 luit
512 2229 545 2278 ut
557 2222 689 2279 carolum
708 2223 874 2293 Simplicem
898 2220 992 2277 lilium
1049 2222 1202 2280 ordinibus
1214 2234 1312 2278 eorum
1324 2237 1396 2293 quos
1411 2224 1563 2278 Formosus
1573 2222 1770 2293 ordinaverat,
1782 2222 1875 2278 dicatu

171 2293 309 2351 Ludovici
324 2292 404 2348 Balbi
419 2292 579 2364 legitimum
591 2293 749 2350 Galliarum
761 2294 841 2377 regni
853 2291 992 2348 haeredem
1050 2293 1125 2351 inira
1140 2293 1174 2348 ad
1189 2292 1366 2362 Stephanum
1381 2295 1425 2349 Vl.

171 2364 203 2420 in
217 2378 246 2420 re
268 2377 303 2420 nc
324 2363 479 2433 stabiliret,
499 2369 532 2419 ut
543 2364 640 2420 videre
654 2369 697 2420 est
714 2364 904 2435 exequialis,
923 2375 993 2431 quas
1084 2363 1292 2420 bonohomini
1307 2362 1361 2420 abc
1377 2364 1539 2435 pontificem
1552 2377 1568 2419 a
1582 2363 1877 2434 scriptoribusbnjus

172 2433 226 2491 bac
243 2381 279 2490 ge
298 2448 328 2491 re
347 2435 422 2504 apud
447 2433 608 2516 Eulconem.
631 2435 784 2491 widonem
803 2436 853 2507 qui
873 2437 939 2489 ante
961 2430 995 2489 lli
1050 2436 1187 2505 temporis
1201 2434 1282 2490 valde
1291 2436 1518 2491 commendatum
1532 2435 1650 2503 obiisse,
1664 2441 1817 2505 postquam
1830 2449 1878 2491 sex

171 2517 263 2560 annos
281 2505 338 2560 sibi
361 2518 463 2561 nomen
483 2505 667 2575 imperatoris
688 2511 884 2576 usurpaverat,
907 2509 938 2559 ui
960 2519 995 2560 ex
1049 2507 1134 2563 annis
1144 2506 1238 2562 sedem
1251 2506 1426 2575 pontificiam
1437 2506 1588 2575 tenuisset,
1601 2509 1746 2562 testantur
1759 2505 1874 2579 Regino,

174 2574 296 2645 quodam
319 2576 441 2645 antiquo
459 2575 617 2644 diplomate
640 2578 722 2633 docet
744 2578 896 2637 Baronius.
919 2590 994 2632 anno
1050 2577 1247 2648 luitprandus
1274 2582 1301 2632 et
1321 2578 1448 2634 ddamus
1479 2577 1646 2633 bremensis.
1685 2579 1791 2632 Errant
1811 2590 1876 2649 ergo

194 2644 359 2700 ontillcatus
386 2646 432 2701 sui
450 2643 478 2713 E,
500 2646 592 2702 lilium
618 2661 683 2703 vero
708 2649 835 2717 ejusdem
859 2647 995 2707 widonis
1051 2647 1223 2704 recentiores
1253 2648 1302 2718 qul
1325 2661 1400 2704 anno
1428 2647 1492 2712 895,
1515 2661 1590 2704 anno
1617 2647 1809 2718 pontincatus
1830 2648 1874 2704 sui

215 2715 355 2773 misertum
374 2721 510 2799 sequente
524 2731 608 2788 anno,
626 2719 791 2775 Occidentis
809 2721 996 2791 imperatores
1072 2720 1163 2786 nitito,
1190 2719 1320 2775 eumdem
1340 2734 1374 2774 ex
1394 2719 1446 2775 bac
1468 2720 1528 2776 vita
1550 2719 1708 2775 decessisse
1729 2719 1872 2776 scribunt.

173 2784 303 2870 legitime
327 2792 444 2854 creavit,
477 2787 562 2843 unxit
581 2794 609 2845 et
632 2791 788 2846 coronavit.
818 2792 911 2860 Quare
940 2805 995 2847 non
1051 2791 1162 2864 (anon.
1180 2795 1238 2845 tom
1253 2791 1281 2845 Χ
1296 2791 1474 2862 mentalium.)

174 2856 260 2913 ahter
286 2871 370 2929 quam
393 2871 443 2928 per
473 2857 699 2932 subreptionem,
727 2866 758 2917 ut
781 2861 851 2919 Acta
877 2863 995 2921 concilii

313 3104 631 3290 llllllllt
690 3106 752 3290 ll
806 3107 1021 3294 ltltl
1072 3108 1191 3290 llt
1245 3108 1528 3291 lllltlt
1573 3110 1752 3291 llll.

524 3362 682 3426 (Blcuchlni,
696 3362 888 3426 Prolegomena
901 3365 933 3414 ad
948 3363 1056 3415 Librum
1071 3363 1251 3414 Poulillcalcm
1270 3363 1331 3413 odil.
1349 3362 1538 3425 Rom-Vallo.)

176 3643 514 3662 ............
525 3645 544 3663 1.
568 3645 574 3657 .
597 3645 633 3658 ..
663 3604 1223 3677 ............clatitantem,
1249 3607 1296 3662 eui
1321 3605 1448 3663 abscisso
1478 3619 1545 3676 uno,
1577 3604 1633 3660 tria
1661 3602 1934 3660 subcrescebant:

170 3692 434 3765 prophetatque,
454 3693 561 3759 auferet
580 3694 652 3748 Deus
668 3699 777 3764 purtem
796 3695 856 3763 ejus
880 3695 913 3749 de
930 3695 999 3749 libro
1054 3695 1158 3765 capita,
1173 3694 1274 3751 deilice
1293 3699 1420 3752 conteret
1433 3713 1441 3766 3
1454 3700 1481 3751 et
1497 3693 1546 3765 qul
1566 3693 1682 3749 beatum
1701 3693 1818 3749 Petrum
1835 3700 1934 3762 pcr‘

173 3784 247 3846 uitae,
257 3782 326 3838 etde
340 3783 449 3837 deitate
463 3787 569 3845 sancto,
586 3785 612 3837 et
623 3782 656 3836 de
670 3783 713 3836 lo's
725 3793 736 3821 ¹
746 3799 807 3853 quae
818 3786 922 3855 scriptu
934 3788 999 3840 sent
1056 3783 1147 3839 undas
1161 3782 1249 3839 siccis
1262 3784 1409 3840 ambulare
1421 3781 1490 3839 lecit
1500 3782 1617 3854 plantis,
1629 3779 1788 3837 Ecclesiam
1804 3794 1916 3837 suant

175 3873 206 3927 in
222 3872 291 3926 libro
304 3869 383 3926 istob
397 3912 404 3925 .
421 3870 514 3943 igitur
527 3870 595 3941 qnia
608 3870 766 3930 didicimus
780 3873 810 3929 in
826 3879 924 3931 sancta
940 3877 1002 3932 llo-
1056 3872 1206 3928 immensis
1216 3873 1343 3944 undique
1354 3872 1447 3944 pelagi
1458 3871 1596 3930 ductibus
1607 3870 1758 3943 agitatam,
1769 3877 1914 3942 portunu

176 3972 260 4015 mana
271 3959 408 4031 Ecclesia,
424 3964 542 4030 quaeest
552 3963 641 4015 mater
653 3960 782 4017 omnium
796 3961 999 4036 Ecclesiarum,
1056 3959 1928 4034 salutisattingerelaciet3lordanequetransmisso,abruae

176 4062 233 4106 non
248 4047 353 4105 babens
365 4046 506 4104 maculam
521 4052 572 4103 aut
584 4060 694 4120 rugam,
709 4055 760 4106 aut
772 4049 842 4106 talia
856 4052 1003 4122 hnjttsmo-
1057 4053 1085 4105 ta
1110 4051 1243 4122 Gericbo,
1267 4050 1301 4106 ad
1319 4055 1424 4107 aterna
1444 4050 1570 4108 coelestis
1588 4048 1747 4107 Jerusalem
1778 4049 1928 4122 gaudi»

174 4138 218 4210 dl,
234 4150 326 4207 nuper
341 4136 454 4208 aliquid
477 4138 554 4210 novi,
570 4142 598 4194 et
610 4145 701 4193 antec
717 4144 845 4210 tempora
869 4141 957 4196 invisi
973 4146 1001 4198 et
1056 4136 1180 4195 feliciter
1197 4140 1309 4212 ingredi
1331 4140 1485 4209 permittet.
1506 4139 1704 4211 Mysteriume
1734 4145 1841 4208 tamea,
1860 4138 1934 4194 et

176 4226 303 4283 inauditi
318 4226 468 4296 accidisse,
485 4227 561 4298 qnod
578 4226 671 4283 dendo
687 4228 1001 4300 magisquamdispu-
1054 4227 1137 4283 valde
1162 4229 1323 4285 mirandum
1352 4234 1406 4299 est,
1437 4243 1502 4286 cnm
1528 4242 1625 4286 omnes
1654 4229 1801 4299 Ecclesia,
1831 4232 1934 4284 tarn

177 4313 263 4371 ando
284 4315 490 4387 consentimus,
513 4320 542 4372 et
566 4315 657 4372 nimio
682 4321 791 4374 terrore
816 4317 999 4375 tabescimus.
1055 4316 1228 4381 cismarina,
1240 4332 1324 4389 quam
1337 4318 1544 4389 transmarinae,
1557 4317 1588 4374 in
1603 4319 1720 4390 proprio
1731 4321 1811 4375 statu
1821 4331 1934 4388 perd

174 4401 298 4461 Contriti
315 4417 447 4475 namque,
463 4408 492 4459 et
517 4404 692 4474 contristati,
711 4417 743 4460 ac
758 4406 918 4463 vehementi
935 4412 1003 4464 stu-
1056 4413 1197 4478 maneant,
1219 4407 1279 4464 sola
1300 4408 1425 4464 Romana
1446 4408 1572 4464 Ecclesia
1587 4407 1758 4479 procellosis
1773 4407 1811 4463 ab
1831 4408 1934 4464 tiu-²

177 4506 245 4563 pore
259 4493 377 4565 detenti,
398 4492 487 4550 silere
507 4493 603 4565 potius
624 4499 788 4564 optaremus
801 4509 886 4567 qnam
909 4496 999 4567 loqui.
1056 4497 1152 4554 ctibns
1164 4497 1275 4554 navitus
1285 4511 1353 4554 suos
1364 4498 1466 4554 mortis
1477 4498 1624 4567 proximos
1634 4496 1809 4556 redundath
1826 4540 1833 4552 .
1848 4481 1934 4552 Aa·

176 4581 232 4637 Sed
248 4588 403 4654 conceptum
420 4599 568 4639 sermonem
587 4590 676 4640 tmere
694 4586 762 4657 quis
780 4586 871 4657 possit
882 4585 894 4624 ‘¹
905 4587 1003 4644 ‘lTor-
1057 4587 1234 4658 propositum
1253 4586 1350 4658 itaque
1370 4588 1518 4643 redeamus
1534 4606 1542 4659 3
1558 4596 1585 4644 et
1600 4587 1747 4660 scandala,
1768 4590 1934 4661 quibus.

176 4675 280 4727 tuosus
295 4672 355 4744 ille,
372 4670 444 4743 prob
458 4671 562 4729 dolori
579 4677 608 4729 et
622 4675 798 4732 sanissimus
815 4677 929 4748 anguis,
952 4677 1002 4749 qui
1057 4677 1144 4732 Roma
1158 4675 1293 4747 auctrice,
1311 4675 1411 4746 pusilli
1427 4681 1456 4732 et
1477 4677 1573 4748 magni
1586 4677 1834 4749 scandalizantur,
1852 4678 1934 4735 lud

177 4757 288 4830 primos
307 4759 499 4831 protoplastos
520 4763 625 4820 callida
640 4765 806 4837 deceptione
827 4764 949 4839 fraudis,
967 4766 1003 4822 ab
1057 4764 1147 4836 gendo
1164 4763 1270 4835 potins,
1285 4777 1369 4835 quam
1384 4777 1529 4821 sermones
1551 4765 1739 4834 exprimendo
1751 4766 1934 4824 dinumeae

177 4848 352 4906 amenitatis
371 4850 499 4921 paradisi
520 4853 635 4926 prandiis
650 4855 771 4927 expulit,
792 4856 852 4927 jam
867 4856 1002 4928 sibilans,
1057 4866 1161 4909 remus.
1178 4854 1262 4925 leges
1277 4852 1420 4924 siquidem
1436 4853 1587 4909 mundana
1604 4858 1632 4908 et
1643 4854 1802 4928 canonica,
1818 4857 1934 4912 scien

177 4935 253 4995 colla
266 4946 278 4975 ⁰
292 4936 420 4997 trilulcls
434 4938 544 5014 linguis
563 4943 650 5016 erigit
663 4962 670 5015 3
687 4948 716 5000 et
730 4945 886 5002 Romanam
902 4945 999 5002 Eccle·
1016 4959 1044 5021 D
1058 4956 1172 5014 quoque
1186 4941 1336 4998 barbarica
1354 4941 1500 5013 sanciunt,
1513 4948 1540 4999 et
1558 4942 1734 5000 omnimodis
1749 4944 1934 5001 determiae

177 5026 251 5083 siam
264 5028 310 5084 sul
328 5027 437 5084 li...o...
452 5026 484 5103 s,
498 5033 598 5088 veneni
613 5033 728 5090 turbare
747 5047 803 5090 non
820 5034 937 5091 desinit.
949 5035 1001 5091 Sed
1060 5037 1138 5103 nant,
1158 5038 1189 5088 ut
1206 5033 1360 5089 violatores
1381 5032 1579 5103 sepulcrorum
1600 5033 1676 5088 inter
1691 5031 1817 5091 inlames
1838 5034 1934 5090 bar

175 5115 275 5174 divina
307 5117 422 5175 Domini
450 5127 478 5176 et
505 5121 661 5177 Salvotaris
687 5122 778 5178 nostri
805 5123 871 5179 lesu
894 5122 1003 5180 Christi
1059 5121 1929 5194 beannn3imutclerlcicanoniolsreguttssubjiciamur,

177 5205 304 5278 dextera,
317 5206 463 5263 Lernaeum
478 5208 639 5281 colubrum,
657 5209 687 5265 in
703 5209 833 5266 Arcadiae
850 5211 1005 5282 paludibus
1060 5211 1151 5267 taicit
1172 5224 1237 5267 vero
1253 5223 1320 5267 voce
1344 5210 1458 5281 prodita
1477 5228 1483 5266 :
1506 5210 1582 5281 quod
1606 5210 1666 5281 lupi
1680 5215 1785 5268 meruit
1801 5213 1920 5268 erdere

211 5314 320 5386 ecod,
348 5316 491 5384 mendose,
515 5318 614 5374 delens.
1095 5316 1107 5359 f
1129 5320 1209 5390 Lege,
1228 5319 1320 5373 livore.

213 5382 229 5426 b
250 5386 447 5459 Apocalypsis,
463 5401 524 5460 cap.
543 5402 615 5461 ιιιι,
628 5402 655 5443 n.
674 5385 717 5444 19.
1096 5401 1111 5444 e
1133 5390 1271 5446 Secundis
1290 5390 1379 5462 curis,
1396 5392 1506 5456 mirum,
1524 5404 1585 5460 pro,
1599 5391 1773 5459 mysterium.

213 5470 228 5500 ο
250 5457 432 5530 suppletae.
1095 5464 1111 5507 h
1131 5461 1211 5525 cod,
1228 5462 1331 5532 primis
1345 5461 1434 5526 curis,
1449 5461 1603 5517 redundate
1623 5481 1631 5518 ;
1651 5460 1809 5520 collacum.-

213 5530 227 5570 δ
247 5529 309 5602 lob,
324 5545 350 5588 c.
367 5545 406 5603 tn,
420 5545 447 5586 tt.
463 5528 490 5589 2.
1096 5534 1104 5576 i
1131 5535 1161 5590 ld
1177 5539 1221 5590 est
1232 5534 1260 5589 P.
1277 5532 1395 5607 Virgilii
1408 5533 1544 5590 Maronis.

219 5601 329 5677 ‘coda
346 5601 489 5676 mendose,
505 5603 595 5674 spbila
613 5604 690 5660 eollo.
