3876 6090
380 217 631 278 COLLECTANEA.
652 253 689 265 -
705 223 874 285 Sidonica
891 229 1065 287 THEODORI
1083 230 1134 287 PP.
1154 232 1202 288 Ab
1221 231 1361 289 radidit
1382 232 1433 288 GP.
1703 231 1760 294 578

63 353 1751 387 Q*—

746 488 1082 563 EXCERPTUM

372 668 422 725 sx
444 667 608 724 ererum
627 667 654 723 s.
678 667 810 725 maxim
829 669 875 724 ns
893 653 1128 727 bnocnssmun
1152 671 1305 728 smarnos
1327 672 1451 731 sunum

539 817 665 900 Scripta
680 817 721 880 ad
728 818 884 882 Marinum
892 819 1104 902 presbyteram
1122 820 1280 903 Cyprium.

89 1116 152 1173 Non
166 1114 198 1171 in
213 1114 354 1185 totbuJus
367 1112 542 1170 sanctissimi
557 1127 635 1183 papae
646 1112 792 1185 synodica,
810 1116 882 1184 quot
895 1113 925 1176 A
940 1114 1098 1186 altercatio,
1124 1118 1255 1189 quamuis
1274 1119 1315 1176 ita
1335 1119 1596 1179 calumniatoribus
1620 1120 1657 1179 ob
1685 1137 1767 1181 suam

58 1204 231 1276 scripsistis,
239 1202 885 1274 capitulisconstautiuopoliianireprehende
941 1205 1154 1273 perversitatem
1168 1207 1321 1265 videatur?
1336 1210 1439 1266 Verum
1462 1211 1607 1281 prosecuti
1621 1217 1700 1281 sunt,
1715 1212 1767 1271 di-

57 1298 134 1363 runt,
151 1292 200 1349 sed
215 1292 247 1348 in
258 1290 372 1348 duobus
385 1296 506 1347 tantum.
518 1291 646 1360 Quorum
661 1290 784 1347 alterum
795 1295 839 1346 est
850 1290 885 1346 de
939 1297 1045 1364 centes,
1060 1295 1134 1364 quod
1151 1309 1201 1351 nec
1218 1296 1247 1351 iu
1269 1303 1361 1354 mento
1384 1298 1522 1356 babuerit
1541 1307 1699 1372 peccatum,
1719 1315 1769 1358 se-

55 1381 223 1438 divinitatis
231 1381 352 1449 ratione,
362 1379 627 1452 quiadixitmiunt,
636 1379 789 1450 procedere
798 1379 885 1434 etiam
940 1381 1067 1436 cundum
1080 1383 1155 1453 quod
1174 1382 1285 1453 primus
1300 1385 1421 1442 vitiatus
1434 1385 1525 1443 luisse
1536 1393 1656 1458 apparet
1664 1389 1766 1463 Adam,

55 1483 89 1526 ex
103 1469 180 1526 Filio
192 1469 335 1539 Spiritum
348 1472 487 1524 sanetum.
505 1467 632 1524 Alterum
645 1481 711 1523 vero
729 1468 765 1523 de
786 1466 885 1522 divina
941 1483 993 1525 neo
1003 1469 1144 1527 actionem
1158 1473 1225 1528 mali
1236 1480 1263 1529 et
1276 1475 1483 1543 operationem.
1498 1478 1572 1550 Ergo
1585 1474 1637 1533 isti
1651 1477 1767 1550 quidem

58 1557 268 1628 incarnatione,
295 1555 431 1626 quoniam
448 1554 576 1625 scripsit,
606 1554 754 1626 inquiunt,
777 1553 886 1623 absque
941 1558 1010 1630 baec,
1025 1559 1060 1614 de
1072 1560 1180 1631 qulbus
1193 1574 1249 1617 non
1261 1563 1475 1620 rationabiliter
1485 1565 1612 1637 impetiti
1625 1573 1706 1625 sunt:
1722 1566 1767 1623 illi

57 1644 197 1717 originali
220 1649 250 1699 et
270 1643 375 1699 actuali
397 1647 511 1715 peccato
535 1642 687 1699 Dominum
707 1657 777 1699 esse.
796 1645 829 1699 dt
854 1645 884 1702 in
939 1653 1046 1718 auam,
1059 1648 1095 1704 de
1109 1649 1218 1720 quibus
1231 1655 1260 1706 et
1274 1651 1454 1725 valdeJ'uste,
1466 1654 1661 1713 nullamnuno
1676 1668 1769 1727 usque

57 1734 154 1806 priore
174 1732 291 1805 quidem
311 1733 498 1789 consonantia
521 1732 703 1802 protulerunt
720 1733 885 1790 testimonia
940 1735 1069 1793 iecerunt
1085 1737 1258 1812 apologiam,
1284 1741 1352 1811 quia
1375 1755 1427 1798 neo
1453 1743 1641 1812 abjectionem
1657 1759 1768 1817 eorum,

57 1823 227 1879 latinorum
240 1822 365 1890 Patrum,
380 1834 487 1877 necnon
498 1821 634 1892 etCyrilli
650 1821 838 1878 Alexandrini
850 1824 886 1879 de
941 1839 1004 1894 quie
1013 1824 1049 1881 ab
1061 1825 1104 1881 eis
1117 1826 1281 1884 introducta
1290 1833 1367 1885 sunt.
1380 1830 1478 1901 Porro,
1493 1833 1769 1904 seeundumjussio

57 1925 139 1967 sacro
155 1910 251 1981 ipsius
262 1909 472 1981 operequodin
483 1917 611 1967 sanctum
628 1911 829 1983 evangelistam
840 1910 886 1967 te-
941 1927 1002 1969 nem
1017 1919 1148 1984 vestram,
1175 1916 1271 1988 rogavi
1289 1918 1428 1975 Romanos
1444 1919 1627 1990 interpretari
1652 1920 1769 1992 propria

57 2000 295 2068 eittoannem,ex
306 1997 413 2070 quibus
424 2012 478 2055 non
490 1999 835 2069 causnmSpiritussancti
843 2001 887 2056 Fi·
905 2055 910 2063 ,
940 2001 1027 2075 dicta,
1042 2016 1128 2060 causa
1142 2001 1265 2060 turtiras
1279 2006 1493 2064 adversantium
1506 2009 1707 2078 subreptiones
1721 2009 1770 2066 et-

56 2090 132 2147 linm
151 2086 290 2145 sefacere
312 2092 550 2145 monstraverunt.
573 2089 661 2144 Unam
683 2090 759 2145 enim
780 2096 888 2147 norunt
941 2089 1080 2163 fugiendi.
1098 2093 1297 2150 verumtamen
1312 2095 1394 2167 more,
1409 2094 1555 2152 obtinente
1580 2096 1619 2153 lta
1640 2096 1764 2155 faciendi

59 2191 178 2235 cauma
188 2177 256 2234 Filii
270 2190 303 2232 ac
316 2176 443 2247 Spiritus
462 2190 524 2233 esse
538 2177 662 2232 Patrem:
679 2178 801 2236 alterins
816 2180 887 2253 qui·
941 2186 1027 2250 atque
1040 2180 1184 2253 mittendi,
1199 2182 1297 2239 nescio
1312 2189 1409 2239 utrum
1425 2185 1617 2240 consentiant.
1627 2185 1709 2242 Alias
1720 2200 1770 2245 au·

58 2268 123 2323 dem
132 2265 885 2337 secundumgenerationem,alteriusveroseeundum
943 2273 1000 2325 tem
1016 2284 1067 2326 noc
1093 2269 1232 2326 valentin
1253 2271 1347 2328 aliena
1370 2272 1497 2330 dictione
1515 2287 1630 2330 sevoco
1651 2288 1769 2333 sensum

57 2355 243 2412 emissionem
256 2373 263 2409 ι
277 2355 327 2411 sed
343 2359 375 2410 ut
387 2353 464 2409 bunc
479 2367 527 2423 per
539 2367 605 2410 eum
618 2355 733 2426 prodire
748 2356 886 2414 insinua·
905 2394 927 2453 Β
942 2374 1039 2430 sunm,
1056 2359 1133 2416 sieut
1158 2359 1188 2415 in
1204 2361 1320 2431 propria
1343 2361 1385 2417 vel
1401 2361 1527 2433 alumna,
1543 2363 1645 2419 subtili
1665 2364 1769 2436 expri-

62 2450 132 2514 rent,
152 2449 183 2500 et
201 2443 276 2499 bane
288 2441 458 2500 substantia
472 2443 701 2501 communionem
712 2450 740 2501 et
760 2446 885 2503 indissi-
941 2463 1016 2505 mero
1038 2448 1202 2520 diligentia,
1224 2449 1373 2506 ueletiam
1395 2452 1634 2522 quemadmodum
1659 2467 1711 2510 nos
1739 2454 1770 2511 ln

61 2533 256 2591 militudinem
268 2533 505 2589 demonstrarent.
517 2532 547 2587 lu
558 2534 708 2601 posteriori
722 2540 816 2592 autem
828 2550 884 2594 uon
941 2543 1038 2596 nostra
1054 2544 1194 2595 nostrum.

59 2628 104 2679 est
124 2637 199 2693 opus
213 2621 331 2678 omnino
343 2618 517 2676 defensione.
537 2620 606 2690 Qua
625 2621 748 2679 enimin
769 2623 822 2681 boe
845 2625 886 2681 sit

507 2911 843 2986 SANchsslttl
869 2913 1153 2986 Tlldobont
1184 2917 1338 2989 PAPAE
1384 2941 1387 2946 ·

814 3086 1031 3152 SYNODICA

447 3247 493 3304 Ab
512 3248 653 3305 PAULUM
672 3245 918 3304 raramncrldm
935 3245 1374 3307 CONSTANTINOPOLITANUbl

827 3405 999 3417 0-1..-

96 3535 254 3609 synodicas
274 3533 466 3591 fraternitatis
482 3540 582 3591 vestrae
596 3533 719 3600 litteras,
744 3534 825 3589 datas
840 3530 925 3603 perC
942 3533 1037 3587 mitent
1050 3530 1188 3602 palpebra
1207 3535 1268 3585 tuae.
1285 3532 1387 3586 Eraere
1400 3530 1481 3600 quasi
1494 3528 1607 3584 damulu-
1622 3529 1655 3584 otc
1674 3546 1771 3601 manu,

64 3625 216 3699 Georgium
228 3623 425 3696 presbyterum
441 3625 594 3680 etPetrum
608 3622 763 3679 diaconum
779 3635 831 3678 nos
843 3635 890 3677 su·
943 3625 969 3675 et
983 3622 1064 3690 quasi
1077 3622 1138 3676 aab
1158 3620 1191 3675 do
1204 3619 1316 3675 insidiis
1331 3621 1445 3690 aucupis
1460 3617 1547 3690 (Proo.
1566 3632 1606 3690 vr,
1623 3614 1696 3693 t-st.
1708 3619 1773 3677 du-

64 3713 185 3786 saepisse
196 3712 408 3785 significamus,
421 3725 542 3783 quarum
554 3716 753 3783 percurrentes
767 3714 888 3781 textum,
943 3709 1081 3781 divimus,
1095 3709 1285 3765 dilectissime
1295 3707 1394 3779 trater,
1407 3721 1458 3778 per
1468 3698 1599 3764 timorem
1612 3708 1774 3782 periculum

65 3803 226 3860 invenimus
239 3815 301 3858 ean
325 3801 400 3858 inter
426 3815 504 3872 spem
525 3806 554 3857 et
569 3805 686 3873 metum,
700 3799 889 3871 quemadmo-
944 3798 1249 3870 nostrum,audiamus
1263 3811 1312 3869 per
1329 3810 1409 3868 spem
1425 3796 1631 3868 repromissum
1645 3796 1773 3856 consola·

63 3890 128 3949 dum
143 3892 220 3949 inter
243 3889 332 3948 ddum
346 3890 453 3963 gemini
470 3889 579 3947 littoris
593 3894 717 3961 portum,
740 3887 890 3945 conliden-
944 3887 1056 3945 tionnm
1074 3887 1220 3945 solatium.
1238 3888 1295 3957 apo
1307 3902 1377 3951 sam,
1394 3886 1491 3958 inquit
1504 3887 1591 3958 Dens,
1602 3903 1670 3957 pars
1685 3887 1776 3943 tere-

66 3986 116 4036 tern
131 3979 241 4052 pariter
251 3984 282 4038 et
295 3979 492 4049 fluctuantem,
508 3983 537 4036 et
552 3992 608 4034 non
622 3976 739 4035 trustra.
756 3979 826 4033 Nam
848 3988 890 4032 sa·
945 3977 1063 4032 ditttotis
1078 3981 1132 4033 tua
1148 3975 1237 4047 (Nam.
1259 3988 1344 4048 svin,
1358 3973 1412 4049 20).
1428 3975 1598 4032 Etiterum:
1618 3975 1776 4031 Sacerdotes

63 4068 220 4126 cerdatium
231 4081 315 4140 grate
325 4082 399 4124 onus
408 4073 461 4139 est,
473 4067 547 4140 quod
565 4067 677 4124 scilicet
687 4066 811 4123 aliorum
824 4064 890 4119 vitae
945 4067 988 4122 tui
1001 4066 1121 4120 induant
1130 4066 1272 4134 justitiam
1286 4064 1369 4136 (Psoi.
1395 4077 1492 4136 cxxxi,
1508 4060 1545 4137 9).
1560 4063 1660 4121 Timor
1680 4068 1776 4121 autem

65 4170 129 4213 cura
142 4156 257 4230 fatigat,
269 4157 441 4228 justaqnod
455 4156 668 4228 scriptumest:
684 4155 891 4223 Quisintrmu-
946 4154 1086 4225 concutit,
1099 4167 1165 4210 oum
1183 4153 1258 4209 alias
1280 4152 1409 4209 dicitur:
1434 4152 1485 4208 Gai
1505 4153 1619 4209 muttum
1643 4153 1775 4217 creditur,

65 4250 117 4310 tar,
139 4255 165 4303 et
185 4262 234 4316 epo
252 4262 306 4302 uon
321 4249 462 4317 intimiori
485 4249 547 4318 pais
566 4245 781 4308 scandalizatur,
797 4249 823 4299 et
844 4258 891 4311 epo
946 4245 1062 4300 mattam
1084 4243 1118 4299 ab
1139 4259 1168 4298 eo
1190 4245 1313 4311 erigetur
1335 4241 1410 4313 (bac.
1439 4255 1492 4314 xri,
1520 4238 1573 4315 ta).
1596 4241 1631 4298 Et
1653 4242 1774 4300 iterum:

65 4320 202 4391 noa'uror
219 4334 259 4406 (ll
279 4335 338 4391 Cor.
359 4349 401 4405 11,
414 4333 482 4408 29)‘l
502 4337 535 4392 Et
561 4339 669 4407 quanto
694 4338 770 4390 metu
793 4346 893 4389 saeer—
947 4334 1070 4388 Potentes
1094 4337 1221 4403 potenter
1248 4336 1381 4386 tormento
1404 4333 1548 4401 potientur
1574 4327 1649 4401 (Sap.
1676 4344 1715 4403 vr,
1736 4326 1773 4402 7).

64 4423 168 4481 dotalis
181 4439 262 4482 mens
276 4425 455 4496 concutitur,
478 4438 513 4482 ne
525 4424 598 4481 torte
614 4438 663 4495 per
685 4423 834 4480 silentium
848 4421 891 4478 rel
947 4423 982 4478 Et
997 4436 1100 4478 rursus
1119 4434 1184 4492 spes
1208 4434 1260 4477 nos
1285 4418 1401 4491 refovet,
1418 4419 1468 4475 ubl
1490 4419 1548 4475 ait:
1578 4419 1666 4474 Lutto
1682 4434 1778 4474 soem

68 4511 283 4571 immoderatum
311 4512 462 4584 eloquium
488 4513 660 4585 maculetur,
685 4517 764 4568 tanto
791 4524 841 4582 spe
864 4514 894 4566 et
948 4513 1019 4567 dotis
1032 4510 1185 4566 custodient
1203 4511 1354 4572 seientiam,
1372 4513 1398 4565 et
1413 4509 1496 4577 tegern
1519 4509 1663 4578 requirent
1677 4523 1712 4562 ea
1731 4523 1777 4563 ore

68 4603 188 4659 maxim
202 4603 327 4676 propriae
341 4601 526 4660 tortitudinis
539 4615 630 4674 penna
652 4602 687 4658 ad
700 4601 891 4658 altitudinem
949 4602 1020 4671 ejas,
1036 4602 1166 4670 quoniam
1189 4601 1303 4668 angulus
1325 4601 1435 4661 Dmnini
1455 4599 1621 4654 exercituum
1645 4601 1684 4652 cst
1698 4594 1774 4669 (aot.

69 4691 240 4764 sublevatur,
252 4693 366 4764 quando
377 4693 412 4749 de
422 4693 616 4762 subjectorum
628 4690 757 4762 proiectu
768 4691 893 4764 gratula·
950 4705 982 4762 11,
995 4687 1030 4763 t).
1048 4691 1123 4746 luter
1137 4693 1179 4745 tot
1192 4702 1259 4760 ergo
1275 4688 1415 4759 procellas
1429 4693 1516 4760 atque
1529 4686 1704 4759 tranquillos
1717 4687 1778 4744 au-

71 4785 121 4839 tur.
144 4782 289 4854 Scriptum
311 4786 354 4838 est
375 4782 470 4838 enim:
494 4782 546 4838 Udi
562 4782 691 4852 plurima
718 4785 829 4849 segetes,
852 4781 893 4836 ibi
949 4786 1014 4837 etus
1037 4784 1159 4835 aestnare
1184 4775 1368 4849 protundum,
1391 4777 1462 4848 qnid
1489 4776 1569 4833 aliud
1591 4781 1634 4833 est
1661 4776 1719 4833 nisi
1746 4775 1777 4832 in

69 4875 211 4941 maiiesto
234 4871 369 4939 fortitudo
396 4871 474 4925 doum
497 4869 584 4941 (Proo.
614 4884 675 4933 uir,
703 4867 738 4943 l).
772 4869 844 4925 lliue
877 4855 1035 4939 erortu
1050 4866 1201 4938 asperrimi
1219 4865 1328 4922 littoris
1346 4867 1441 4922 navim
1458 4866 1562 4923 mentis
1578 4870 1683 4923 nostrie
1701 4870 1780 4922 tem-

71 4965 163 5017 contra
175 4964 270 5017 metus
283 4958 451 5015 reverberat.
466 4959 611 5032 Scriptum
630 4972 752 5030 namque
767 4963 825 5015 est:
843 4960 894 5014 Fi·
951 4957 1111 5030 pestatibns
1125 4953 1265 5011 concutit
1279 4954 1331 5010 Sed
1349 4954 1417 5024 quia
1434 4954 1569 5023 majorem
1588 4954 1723 5011 tldueiam
1743 4969 1778 5012 ex

74 5046 92 5100 o·
107 5052 151 5121 mi,
179 5052 204 5104 si
226 5049 401 5121 munderis
422 5064 475 5118 pro
496 5051 582 5103 amico
597 5054 653 5113 tito,
676 5049 797 5120 defletsti
819 5049 895 5119 opud
951 5046 1168 5120 longanimitate
1189 5043 1239 5099 Dei
1259 5042 1479 5116 evangeliorum
1502 5043 1606 5101 babere
1624 5045 1780 5117 cognosti-

74 5138 223 5194 tetruneum
241 5153 354 5193 manum
375 5142 460 5192 tuom.
483 5139 652 5208 tttapaeotus
675 5153 702 5193 cs
725 5139 814 5194 uerbis
838 5139 894 5193 oris
952 5152 1026 5208 mur,
1042 5148 1092 5206 spe
1106 5134 1262 5208 gaudentes
1284 5131 1449 5202 hujusmodi
1466 5137 1566 5189 astum
1589 5132 1671 5190 nullo
1695 5133 1777 5190 modo

78 5227 120 5289 tui,
144 5232 170 5284 ct
193 5232 291 5297 captas
313 5229 437 5298 propriis
460 5227 638 5281 sermonibus.
661 5228 714 5281 Fac
739 5243 801 5296 ergo
820 5229 895 5297 quod
951 5225 1148 5283 formidamus.
1161 5224 1219 5278 Nos
1228 5235 1295 5294 ergo
1305 5219 1387 5292 quid,
1401 5219 1678 5293 nisidispensatores
1689 5220 1777 5278 unlus

80 5311 295 5386 teipitinae
321 5318 489 5386 temetipsum
511 5317 607 5389 tibere,
634 5319 701 5385 uitio
716 5316 840 5371 incidisti
863 5319 893 5371 in
953 5314 1077 5384 pastoris
1098 5310 1220 5369 sumus?
1239 5311 1302 5381 lpso
1323 5309 1400 5366 enim
1424 5315 1556 5381 pascente
1578 5309 1732 5381 pascimus,
1748 5311 1777 5363 et

82 5414 172 5461 manum
187 5407 315 5478 prostrat
336 5406 386 5459 tui.
409 5407 548 5477 discurre,
566 5406 679 5473 festina,
702 5407 804 5460 suscita
819 5407 896 5460 omi·
952 5408 1065 5477 regente
1080 5400 1367 5475 regimus,·quonium
1378 5414 1476 5457 omnes
1487 5399 1541 5458 sub
1552 5397 1649 5455 eodem
1664 5401 1776 5468 pastore

10 5463 21 5613 ΙΙ
83 5503 128 5546 tam
145 5500 238 5551 mam:
260 5510 296 5549 ne
315 5493 422 5549 dederis
436 5509 558 5549 sommam
572 5493 657 5548 neatis
672 5495 737 5558 tais,
753 5509 802 5549 nec
823 5494 892 5549 dor·
951 5489 1441 5562 cumovibnsipsiusovespascnae
1456 5502 1566 5546 snmus.
1581 5486 1678 5558 Neque
1697 5481 1774 5540 enim
