3892 6090
141 219 177 279 l'i
482 223 758 281 INTERPRETATIO
777 223 901 280 stnobt
920 222 982 281 Vnt
997 224 1200 284 GENERALIS.
1212 256 1249 268 -
1266 226 1453 290 PhAEnanlo.
1761 227 1795 287 48

139 357 218 413 sicut
239 355 378 425 scriptum
399 359 450 423 est,
474 355 646 412 confitentur
668 356 783 428 quidem
803 371 833 412 se
856 343 980 412 nosseA
996 362 1114 415 eventus
1125 359 1320 430 considerans,
1334 361 1412 431 gesta
1427 357 1514 427 buius
1526 359 1639 430 synodi,
1653 375 1715 431 qua
1727 373 1794 430 apo·

136 448 238 513 Deum,
265 444 349 501 lactis
368 451 463 502 autem
485 452 587 517 negant
606 445 760 519 (lit.1):et
780 447 843 503 ideo
862 447 939 503 sicut
996 449 1104 505 stolicae
1113 450 1189 505 sedis
1199 450 1253 505 loci
1263 452 1420 506 servatores
1430 449 1458 503 in
1469 463 1526 504 uno
1539 448 1683 504 volumine
1696 464 1790 507 secum

138 542 224 592 rectae
251 535 316 591 lidei
342 535 537 591 sinceritatem
565 537 749 605 maculantes,
774 537 812 592 ita
835 543 939 592 sanctae
995 541 1138 608 portaturi
1151 541 1391 610 conscripserant,
1408 539 1438 593 in
1451 539 1542 594 altero
1559 537 1656 593 codice
1669 540 1791 596 transcri

140 626 267 694 regulam
281 624 404 694 justitie
424 626 573 694 violantes,
590 626 623 682 ad
640 626 767 682 omnium
784 630 853 682 sunt
873 640 940 682 una·
996 633 1042 697 pta
1055 629 1171 684 Romam
1188 644 1278 699 usque
1298 628 1408 685 deterre
1424 627 1570 699 proposui.
1592 627 1671 682 Unde
1686 626 1791 684 lactum

139 715 769 786 almitatisaequolibraminecorrigendi,nel
779 720 853 772 certe
859 718 937 787 justa

137 805 280 863 sententia
295 805 433 875 puniendi
445 824 451 860 :
462 807 668 862 sicutecontra
683 821 737 861 non
747 807 840 862 solum
854 812 936 862 rectae

114 941 119 950 .
136 897 214 966 lidei,
237 910 335 951 verum
353 895 439 951 etiam
455 896 546 951 sancti
562 897 657 966 operis
672 897 782 952 strenui
803 898 935 953 custodes

136 986 173 1042 ab
189 985 325 1041 omnihus
346 990 414 1041 sunt
436 985 583 1056 laudandi,
600 990 628 1041 et
642 986 729 1058 digna
752 987 934 1056 praemiorum

135 1075 293 1131 celestium
309 1080 384 1132 sorte
398 1075 521 1131 ditandi.

171 1167 258 1221 Porro
273 1166 421 1236 proprium
439 1179 539 1221 nomen
553 1165 639 1235 hujns
654 1165 708 1220 rite
723 1167 879 1236 quaerimus
892 1182 934 1238 sy·

136 1255 214 1310 nodi.
228 1257 296 1310 Nam
306 1255 331 1310 si
346 1255 441 1324 hydrae
453 1269 486 1310 ac
500 1255 800 1327 hippocentaurorum,
816 1255 866 1326 qui
876 1270 932 1312 non

136 1344 933 1416 sunt,utiquenominadicuntur,quantocongruentins

140 1436 228 1503 hujus
240 1434 339 1505 synodi
353 1447 453 1490 nomen
465 1434 535 1489 sciri
547 1434 639 1501 debet,
652 1450 715 1505 quae
728 1436 826 1506 utique
836 1439 888 1506 est,
899 1449 934 1490 ne

137 1525 271 1580 videlicet
281 1525 513 1594 nomineearenS,
524 1532 704 1593 comparetur
714 1525 836 1581 rebusin
846 1525 934 1580 maris

137 1613 279 1684 prolnndo
296 1614 408 1684 positis,
427 1629 489 1685 qnae
511 1614 625 1685 quidem
642 1619 710 1670 sunt
725 1633 732 1685 3
749 1615 795 1671 sed
810 1615 879 1685 quia
898 1614 932 1670 ad

992 717 1794 787 estuteisdemlociservatoribusinpraedonesinciden·
1841 760 1845 767 .

992 807 1081 880 tibus,
1095 815 1122 864 et
1138 809 1265 864 codicem
1282 810 1376 877 ipsum
1391 823 1454 864 cum
1469 808 1603 865 omnibus
1623 806 1794 876 supelleeti-
1828 792 1839 811 ²

992 897 1069 954 libus
1082 899 1144 954 suis
1157 898 1366 960 amittentibus.
1380 912 1431 971 ego
1444 898 1569 954 codicem
1590 911 1672 968 quem
1685 896 1793 953 detule-

991 1000 1049 1042 ram
1067 989 1192 1058 Romam,
1209 988 1320 1044 rexisse
1338 989 1531 1059 dignoscerer,
1550 1001 1633 1058 quem
1653 986 1791 1043 sanctitas

988 1082 1080 1134 restra
1094 1084 1174 1147 grato
1188 1079 1350 1149 suscipiens
1363 1079 1469 1149 animo,
1486 1077 1556 1133 mihi
1569 1077 1604 1132 ad
1619 1075 1789 1132 transteren-

987 1166 1791 1238 duminLatinamtradiditdictionemadquodopnsego

990 1256 1125 1314 idoneum
1141 1272 1202 1314 esse
1217 1272 1260 1314 me
1272 1258 1418 1329 denegavi,
1435 1257 1502 1313 licet
1518 1258 1546 1312 in
1565 1256 1789 1326 interpretandis

987 1363 1021 1404 en
1031 1348 1147 1404 archivo
1163 1349 1191 1403 in
1206 1349 1362 1405 Romanum
1375 1360 1532 1403 sermonem
1546 1346 1700 1417 scripturis
1714 1360 1790 1416 prae-

989 1438 1063 1494 senti
1078 1443 1203 1506 tempore
1216 1439 1357 1506 quoddam
1371 1451 1506 1493 conamen
1520 1437 1647 1507 arripere
1660 1437 1746 1507 nitar,
1760 1441 1788 1493 et

990 1527 1191 1596 nonnullajam
1203 1527 1235 1582 ad
1249 1527 1466 1583 aeditlcationem
1475 1526 1711 1597 plurimorum,et
1722 1541 1790 1596 yrrae·

991 1616 1075 1685 cipue
1097 1617 1183 1672 vestri
1200 1617 1358 1672 decessoris
1373 1616 1486 1672 hortatu
1508 1617 1711 1686 interpretatus
1723 1616 1790 1672 edi-

137 1705 269 1759 notitiam
284 1703 432 1760 hominum
448 1718 504 1760 non
521 1710 718 1775 pervenerunt,
737 1705 873 1760 hactenus
889 1719 937 1760 no
952 1679 978 1740 Β
992 1706 1069 1762 disse
1079 1707 1241 1777 dignoscar.
1251 1707 1353 1762 Verum
1364 1706 1435 1760 vicit
1445 1706 1538 1774 jussio
1547 1707 1618 1761 tanti
1632 1705 1786 1776 pontilicis,

135 1794 211 1848 mine
224 1799 328 1850 carent.
341 1797 437 1866 ltaque
446 1795 470 1849 si
480 1796 605 1865 synodus
622 1798 732 1850 tantum
745 1795 869 1865 dicatur,
880 1809 936 1851 non

137 1883 252 1952 proprie
264 1884 374 1939 dicitnr
388 1902 394 1937 :
413 1883 496 1939 habet
510 1884 587 1939 enim
604 1885 656 1940 boc
669 1898 770 1939 nomen
787 1897 936 1940 commune

135 1988 199 2028 cum
215 1972 283 2029 aliis
300 1973 460 2029 numerosis
474 1973 618 2042 conciliis,
636 1973 660 2028 si
677 1974 803 2044 synodus
817 1973 936 2029 univer*

140 2061 209 2117 salis
226 2062 395 2131 appelletur.
414 2065 470 2119 Nec
483 2063 525 2118 sic
537 2063 572 2118 dc
589 2063 641 2118 bac
654 2065 728 2133 quod
747 2063 936 2135 singulariter

135 2152 261 2221 possidet
271 2152 485 2222 praedicabitur,
497 2166 560 2208 nam
568 2153 620 2208 hoc
628 2154 811 2209 nominecnm
822 2166 935 2224 genera-

133 2241 209 2296 libus
218 2247 325 2310 septem
340 2242 457 2313 synodis
471 2242 573 2298 utitur.
584 2242 933 2313 PorrosisynodusCons·

133 2332 375 2400 tantinopolitana
387 2332 511 2403 dicatur,
527 2345 582 2388 non
595 2332 709 2388 dicetur
723 2332 836 2402 proprie
846 2349 853 2401 3
863 2336 931 2388 sunt

132 2421 207 2475 enim
221 2426 250 2475 et
261 2420 327 2476 aliae
338 2421 662 2490 constantinopolitana
675 2422 786 2491 synodi.
796 2423 855 2477 lam
864 2436 930 2478 vero

131 2510 930 2580 sisynodusuniversalisConstantinopolitanoeloctava

130 2606 255 2669 vocetur,
265 2614 315 2655 nec
324 2600 520 2656 sicdeiinitive
529 2601 700 2671 nomenoius
710 2599 928 2669 praedicabitur3

130 2690 269 2745 nonenim
279 2695 437 2761 estoctava,
447 2691 495 2746 sed
505 2696 606 2761 quarta
619 2691 745 2760 synodus
759 2704 856 2745 earum
866 2704 928 2760 quae

128 2779 147 2832 C
167 2780 374 2850 ostantinopoli
389 2780 590 2836 universaliter
601 2779 748 2836 celebrata
762 2786 838 2836 sunt.
853 2782 929 2836 Nun-

129 2870 259 2937 cupanda
272 2874 315 2925 est
324 2883 391 2941 ergo
400 2870 462 2926 sine
475 2871 552 2926 omni
562 2870 790 2926 contradictione
802 2870 928 2939 synodus

130 2958 928 3030 universalisoctava,utetappellatioqnamcumseptem

991 1795 1059 1851 dum
1072 1810 1125 1851 non
1137 1796 1215 1851 deest
1226 1795 1387 1851 obedientia
1401 1796 1523 1865 prompti
1543 1795 1681 1852 ministri.
1693 1797 1789 1851 inter-

992 1885 1789 1956 pretansigiturhancsrnctamsynodum,yerbumever-

991 1973 1036 2045 bo,
1051 1980 1190 2045 quantum
1206 1976 1312 2032 idioma
1327 1975 1457 2032 Latinum
1480 1975 1620 2045 permisit,
1635 1975 1762 2045 excerpsi
1778 1992 1785 2046 3

990 2077 1197 2134 nonnunquam
1211 2079 1278 2121 vero
1291 2069 1421 2121 manente
1434 2079 1529 2136 sensu,
1544 2065 1787 2121 constructionem

989 2155 1114 2210 Graecam
1130 2153 1158 2208 in
1181 2153 1308 2209 Latinam
1331 2155 1491 2209 necessario
1510 2153 1692 2208 commutavi.
1713 2153 1787 2209 llara

989 2248 1122 2313 praterea
1145 2243 1293 2311 interpreti
1316 2242 1438 2299 doctiori
1461 2242 1636 2298 enucleanda
1651 2242 1785 2310 servari,

986 2332 1115 2404 quaedam
1128 2333 1214 2388 etiam
1228 2333 1304 2388 sieut
1317 2332 1387 2388 mihi
1401 2336 1467 2387 nota
1477 2335 1567 2401 erant,
1583 2331 1721 2386 nimirum
1733 2330 1784 2400 qui
1854 2355 1856 2358 ⁴

986 2428 1042 2478 lam
1050 2423 1144 2478 Romae
1153 2436 1237 2492 quam
1251 2421 1375 2492 Byzantii
1386 2421 1506 2491 positus,
1518 2421 1546 2475 in
1556 2420 1669 2476 cunetis
1678 2418 1786 2475 hissol·

985 2512 1064 2568 licite
1079 2511 1214 2583 laboravi,
1229 2511 1350 2567 scholiis
1362 2512 1389 2566 in
1403 2509 1581 2574 marginibus
1592 2509 1701 2565 codicis
1714 2522 1785 2564 cna-

985 2602 1057 2657 ratis
1067 2601 1210 2670 adnotavi,
1223 2600 1265 2655 vel
1277 2600 1373 2670 etiam,
1388 2600 1464 2655 sicut
1477 2599 1549 2655 mihi
1563 2598 1656 2655 risum
1669 2603 1722 2666 est,
1738 2613 1784 2655 cn-

986 2690 1109 2761 planavi.
1123 2690 1195 2745 Sane
1211 2694 1240 2745 et
1250 2689 1302 2744 hoc
1317 2690 1471 2745 notandum
1488 2689 1556 2759 quia
1570 2688 1698 2759 quedam
1712 2688 1783 2743 scri-

984 2784 1143 2849 pturarum,
1156 2793 1218 2849 quae
1229 2793 1314 2848 super
1325 2778 1372 2833 his
1383 2793 1399 2834 a
1410 2778 1474 2834 sede
1485 2777 1640 2846 apostolica
1650 2776 1786 2832 Constan-

984 2867 1135 2937 tinopolim
1150 2867 1244 2923 missa
1256 2873 1334 2936 sunt,
1348 2865 1548 2922 deicientibus
1562 2864 1643 2921 urbis
1655 2865 1783 2933 ejusdem

985 2957 1201 3027 interpretibus,
1219 2971 1275 3012 non
1288 2971 1321 3012 en
1337 2960 1395 3011 tolo
1412 2961 1486 3012 recle
1501 2954 1638 3011 translata
1654 2955 1684 3010 in
1699 2956 1782 3011 Grae-

128 3047 195 3102 aliis
214 3048 349 3103 conciliis
369 3048 471 3104 sortita
491 3054 543 3116 est,
567 3063 623 3104 non
642 3049 759 3116 celetur,
773 3053 802 3103 et
826 3061 927 3104 nomen
942 3060 966 3122 c
982 3049 1097 3104 citatem
1109 3047 1205 3103 inveni
1216 3065 1223 3117 3
1236 3061 1357 3117 quorum
1370 3046 1431 3116 ipse
1442 3045 1590 3115 nonnulla,
1603 3048 1780 3115 etquautum

129 3137 287 3206 proprium,
303 3138 377 3208 quod
395 3136 584 3209 singulariter
598 3138 734 3207 possidet,
748 3138 925 3209 designetur.

162 3226 325 3291 lgiturcum
334 3226 393 3282 haec
405 3226 597 3283 celebraretur
609 3226 782 3282 venerabilis
790 3228 924 3298 synodus,

126 3315 233 3370 accidit
254 3329 296 3370 me
315 3313 457 3371 famulum
477 3319 600 3371 vestrum
622 3316 741 3371 missum
754 3329 771 3370 a
784 3316 926 3372 Lndovico

127 3403 926 3474 piissimoimperatorecumduobusaliisvirisinsigni·

126 3492 179 3549 bus
202 3495 348 3566 interesse,
363 3492 498 3550 terentem
512 3494 597 3550 etiam
613 3495 781 3565 legationem
795 3492 830 3549 ab
845 3507 925 3563 apos

127 3584 222 3639 tolicis
245 3583 366 3651 meritis,
387 3584 519 3640 decorato
540 3583 695 3652 presulatu
719 3588 821 3652 vestro,
839 3597 924 3639 eausa

125 3671 266 3741 nuptialis
282 3673 458 3743 commercii,
473 3674 547 3744 qnod
562 3671 740 3728 obiciendum
753 3686 787 3728 en
801 3672 861 3728 lilio
875 3672 926 3728 im·

126 3763 265 3830 peratoris
274 3762 385 3831 Basilii,
395 3767 424 3817 ct
436 3762 531 3834 genita
546 3760 656 3831 praelati
664 3762 714 3818 Dei
728 3761 850 3817 cultoris
861 3760 925 3817 Au-

124 3852 211 3920 gusti,
225 3852 262 3907 ab
278 3860 398 3922 utraque
412 3856 490 3920 parte
510 3851 678 3922 sperabatur
700 3851 787 3907 simul
807 3855 835 3906 et
846 3864 925 3921 para-

124 3940 216 3995 batur.
232 3944 262 3996 ln
279 3949 336 3997 tam
349 3941 425 3997 enim
439 3943 486 4011 pio
500 3941 622 4012 negotio,
637 3945 665 3996 et
678 3942 753 4011 quod
767 3941 800 3996 ad
817 3941 925 3996 utrius·

123 4045 175 4100 que
185 4031 300 4101 imperii
311 4032 459 4098 unitatem,
470 4031 527 4086 imo
536 4030 740 4088 totiusGhristi
752 4029 882 4086 Ecclesia
892 4029 925 4084 li-

123 4119 259 4175 bertatem
273 4121 415 4190 pertinere
429 4120 625 4191 proculdubio
633 4119 811 4191 credebatur,
828 4119 924 4187 praei·

124 4224 175 4277 pue
195 4210 301 4265 summi
316 4210 456 4279 pontibcii
471 4211 558 4266 vestri
573 4210 758 4280 quaercbatur
776 4222 920 4265 assensus.

123 4300 169 4353 liei
180 4314 247 4364 ergo
258 4305 329 4356 nutu
338 4305 432 4356 aetum
441 4303 521 4356 estut
531 4300 602 4354 tanti
613 4298 856 4370 negotiicumloci
866 4313 922 4355 ser-

982 3137 1114 3209 angustia
1133 3137 1195 3192 illic
1207 3136 1336 3193 morandi
1351 3136 1483 3205 permisit
1495 3135 1641 3206 temporis,
1653 3135 1782 3192 emenda·

982 3223 1778 3297 vi,partimveroutreperihactennsincorrectareliqui.

1016 3315 1057 3371 Ad
1072 3321 1228 3372 extremum
1243 3315 1325 3386 plane
1339 3316 1511 3372 monendum
1524 3319 1576 3384 est,
1591 3319 1619 3370 et
1633 3328 1683 3384 pro
1696 3311 1780 3370 lutu-

982 3405 1783 3472 rorumcautelatempornmarctiusmemoriaecommen·

979 3491 1416 3562 dandum,nelorteprocedente
1425 3491 1782 3559 temporeinGraeciscodi-

980 3584 1063 3640 cibus
1084 3582 1244 3652 reperiatur
1263 3581 1332 3636 huic
1352 3584 1456 3636 sanctae
1469 3580 1576 3650 synodo
1589 3579 1747 3649 quidquam
1762 3593 1778 3635 a

979 3671 1296 3743 constantinopolitana
1309 3670 1414 3727 suatim
1425 3669 1555 3725 additum
1567 3668 1611 3725 rel
1625 3672 1776 3733 mutatum,

980 3762 1055 3819 nihil
1066 3761 1162 3817 minus
1175 3761 1217 3816 vel
1226 3759 1351 3829 amplius
1362 3760 1391 3814 in
1402 3758 1498 3815 eadem
1510 3759 1617 3829 synodo
1627 3757 1777 3814 delinitum

980 3850 1079 3923 luisse,
1092 3850 1221 3920 nisique
1233 3851 1263 3905 in
1273 3850 1371 3905 Graeco
1381 3849 1507 3918 ejusdem
1518 3847 1619 3917 synodi
1631 3847 1776 3904 actionum

978 3926 1777 4008 codiceinRomanalicclesiascriptareperiuntur,etin

979 4029 1163 4085 Latinitatem
1178 4028 1254 4084 aceti
1275 4028 1346 4084 satis
1365 4026 1439 4096 stylo
1452 4025 1600 4097 translata,
1615 4026 1645 4081 in
1658 4027 1775 4083 archivo

977 4119 1104 4188 ejusdem
1114 4118 1247 4174 Ecclesiae
1258 4116 1403 4173 recondita
1414 4115 1645 4186 comprobantur,
1655 4129 1775 4186 quaeque

977 4209 1106 4266 omnium
1116 4206 1352 4279 patriarchalium
1361 4206 1472 4263 sodium
1484 4204 1539 4261 loci
1551 4209 1736 4276 servatorum,
1746 4209 1774 4261 et

977 4300 1105 4369 ipsorum
1114 4311 1228 4369 quoque
1238 4297 1441 4366 imperatorum
1453 4301 1538 4365 atque
1546 4298 1715 4351 cunctorum
1724 4293 1777 4350 an-

122 4388 437 4458 ratoribusapostolicae
444 4389 520 4444 sedis
532 4394 560 4443 et
574 4389 635 4458 ipse
649 4388 704 4444 tine
717 4389 878 4461 gauderem,
892 4392 920 4445 et
934 4393 961 4454 Ι)
977 4388 1102 4445 tistitum
1118 4384 1381 4457 subscriptionibus
1394 4384 1535 4456 roborata,
1552 4389 1582 4439 et
1591 4397 1667 4439 nunc
1680 4398 1772 4454 usque

123 4479 237 4532 veniens
254 4477 400 4535 tractuum
415 4479 443 4533 in
457 4478 649 4534 exsultatione
663 4483 803 4548 portarem
823 4479 920 4534 mani-

122 4567 214 4637 pnlos,
228 4568 279 4638 qui
298 4582 346 4637 per
363 4568 544 4637 septennium
563 4566 650 4623 terme
664 4583 714 4637 pro
726 4582 759 4624 eo
777 4565 919 4624 indefesse

122 4654 323 4726 laboraveram,
337 4662 364 4712 et
378 4671 426 4727 per
439 4657 633 4713 totumorbem
647 4656 796 4713 verborum
809 4657 918 4712 semina

120 4744 218 4800 serlnlo
232 4745 382 4801 scribendo
394 4745 594 4817 disperseram.

154 4836 222 4888 Nam
248 4848 318 4903 pene
343 4837 438 4891 omnia
467 4850 530 4906 quae
553 4837 588 4892 ad
618 4849 741 4906 presens
772 4834 916 4906 negotium

121 4924 274 4994 pertinent,
297 4938 415 4995 quaque
434 4939 450 4980 a
469 4926 535 4981 sede
554 4924 711 4995 apostoliea
732 4925 831 4980 Latino
852 4938 918 4980 ser-

120 5026 201 5067 mone
216 5013 326 5082 prolata
347 5019 422 5083 sunt,
441 5014 501 5070 sive
519 5029 581 5085 quae
596 5013 726 5084 inhujus
743 5014 843 5084 synodi
864 5029 917 5071 co-

118 5102 191 5172 dice,
202 5103 331 5173 sineque
342 5103 854 5173 inaliisroluminibuscontinentur,
864 5118 916 5175 ego

118 5192 239 5247 summis
254 5192 441 5262 pontilicibus
455 5192 661 5264 obsecundans,
675 5192 818 5248 decessori
839 5193 916 5248 scili-

117 5288 160 5336 cet
172 5287 267 5336 restro
278 5295 310 5337 ac
323 5282 404 5338 vobis
416 5283 545 5353 exposui,
555 5287 583 5339 et
592 5283 770 5353 postmodum
782 5282 916 5339 Constan-

116 5369 240 5440 tinopoli
254 5384 306 5440 pro
319 5371 453 5441 praedicta
466 5385 552 5428 cansa
565 5375 705 5442 ropertus,
721 5383 775 5426 non
787 5384 875 5441 pauca
885 5371 914 5428 in

116 5458 162 5514 his
173 5460 280 5516 restris
292 5459 348 5517 loci
362 5460 566 5529 servatoribus,
577 5465 609 5516 nt
621 5460 677 5531 ipsi
686 5473 800 5531 quoque
813 5465 918 5518 testam

115 5554 170 5619 tur,
186 5549 291 5606 solatia
309 5550 442 5622 prestiti,
456 5551 505 5622 qui
519 5550 606 5606 etiam
622 5549 752 5605 diversos
766 5550 914 5606 hominum

975 4478 1087 4549 signata
1097 4477 1268 4533 consistunt.
1282 4472 1490 4544 Saneepistolae
1503 4479 1560 4528 tam
1571 4473 1672 4543 synodi
1686 4486 1771 4544 quam

975 4568 1143 4638 patriarchae
1160 4571 1188 4622 et
1207 4566 1410 4636 imperatorum
1426 4564 1460 4619 ad
1476 4562 1633 4618 Romanum
1653 4562 1773 4632 pontib-

973 4671 1032 4713 cem
1045 4657 1149 4727 missae,
1162 4669 1225 4727 quae
1236 4656 1264 4710 in
1281 4653 1391 4710 codicis
1401 4653 1547 4709 actionum
1563 4652 1658 4721 ipsius
1668 4652 1769 4722 synodi

973 4747 1049 4803 calce
1063 4745 1203 4801 habentur
1216 4745 1339 4814 inserta,
1358 4741 1497 4799 reverenti
1515 4746 1583 4797 sunt
1597 4741 1678 4798 cultu
1692 4741 1772 4797 reci-

973 4836 1091 4907 piendae.
1101 4834 1295 4890 Namatotius
1310 4833 1411 4904 synodi
1429 4845 1579 4901 consensu,
1593 4831 1662 4887 dnm
1675 4831 1770 4887 adhuc

971 4930 1112 4998 ageretur,
1125 4925 1244 4980 decretae
1255 4922 1513 4993 suntetexpositae.
1527 4921 1584 4976 Cur
1601 4925 1696 4977 autem
1712 4920 1768 4977 ista

972 5014 1169 5085 praemiserim,
1181 5013 1305 5068 breviter
1315 5011 1465 5068 adnotabo.
1478 5010 1626 5081 Siquidem
1642 5024 1707 5066 cum
1718 5023 1768 5066 ren

971 5103 1158 5175 vulgarorum
1177 5117 1241 5158 cum
1260 5101 1376 5172 propria
1398 5105 1479 5173 gente
1493 5099 1601 5156 Christi
1618 5099 1700 5155 iidem
1715 5115 1770 5155 su.-

971 5193 1107 5262 scepisset
1117 5207 1167 5263 per
1177 5192 1320 5249 hominem
1331 5191 1499 5261 Romanum,
1512 5189 1540 5245 id
1552 5195 1605 5260 est,
1617 5189 1767 5259 quemdam

971 5283 1166 5353 presbyterum
1181 5281 1301 5337 Paulum
1317 5279 1441 5343 nomine,
1459 5279 1662 5336 documentum
1682 5282 1768 5349 atquc

971 5372 1137 5443 mysterium
1145 5366 1701 5441 propositumbabuitasedeapostolica,
1711 5379 1767 5421 non

972 5461 1054 5518 modo
1065 5460 1130 5516 tidei
1142 5459 1280 5533 regulam,
1295 5461 1342 5516 sed
1353 5464 1382 5515 et
1394 5463 1498 5515 sanctae
1511 5458 1583 5530 legis
1601 5467 1712 5513 sumere
1724 5452 1768 5507 di-

971 5548 1141 5620 sciplinam:
1158 5548 1232 5620 quod
1246 5553 1274 5605 et
1283 5547 1362 5617 iecit,
1374 5562 1429 5604 non
1446 5545 1539 5604 solum
1550 5559 1566 5602 a
1579 5541 1695 5615 prelato
1706 5552 1769 5610 pre·
