3876 6090
52 247 56 255 ·
118 206 172 265 383

118 329 314 396 exposuerunt
325 325 364 383 lta
377 345 383 383 :
394 328 424 383 ln
438 325 610 399 quibusdam
627 325 834 383 venerahillum
846 321 945 394 imagi·
958 321 988 381 Α

45 488 58 508 ι
119 429 188 471 num
209 416 334 486 picturis
354 429 447 489 agnus
475 417 568 490 digito
595 416 782 488 praecursoris
808 418 944 472 exaratur

118 510 260 575 ostensus,
274 505 323 576 qui
341 506 370 561 in
387 506 507 579 figuram
524 507 669 577 praecessit
685 503 761 580 itin,
780 508 946 575 assumptus

118 591 180 668 est]
199 595 308 666 gratiae,
327 609 425 652 verum
445 596 528 653 nobis
545 610 594 667 per
613 597 699 668 legem
723 599 944 666 praemonstrans

117 697 233 755 agnum,
250 683 396 740 Christum
416 685 551 742 videlicet
568 687 657 742 Deum
676 692 815 741 nostrum.
833 685 946 740 Veteres

117 784 184 843 ergo
198 771 305 843 figuras
324 777 352 830 et
372 774 497 846 umbras,
522 778 620 845 utpote
639 774 770 830 veritatis
790 772 899 829 indicia
918 778 946 828 et

119 859 309 929 praecedentes
325 862 503 919 characteres
520 863 654 919 Ecclesiae
674 862 796 919 traditos
815 861 947 918 salutan-

118 952 170 1017 tes,
190 949 310 1020 gratiam
333 949 439 1006 honore
463 950 635 1020 perferimus
649 956 677 1007 et
700 950 859 1020 veritatem,
874 949 947 1004 hanc

119 1036 232 1108 utlegis
242 1037 450 1108 plenitudinem
463 1040 654 1096 admittentes.
668 1039 702 1095 Ut
721 1053 787 1111 ergo
803 1037 947 1109 praelectio

117 1124 204 1180 etlam
221 1137 271 1194 per
281 1125 408 1182 colorum
424 1127 604 1196 operationes
622 1128 651 1182 in
669 1128 798 1183 omnium
817 1126 947 1182 vultibus

120 1210 200 1287 [ante
212 1213 341 1269 omnium
354 1212 469 1289 oculos]
479 1215 662 1288 depingatur,
674 1215 866 1271 characterem
879 1215 944 1288 agni

116 1301 224 1358 Christi
242 1302 292 1358 Dei
310 1304 400 1359 nostri
416 1304 465 1374 qui
483 1304 560 1360 tollit
579 1309 692 1375 peccata
713 1304 824 1374 mundi,
840 1317 947 1360 secum

117 1391 185 1445 dum
198 1390 416 1463 humanitatcm,
430 1393 515 1449 etiam
530 1393 560 1449 in
578 1392 671 1450 iconis
681 1407 714 1449 ex
726 1393 779 1449 hoc
792 1407 842 1463 pro
856 1393 944 1449 veteri

117 1490 190 1549 agno
206 1476 360 1535 delinimus
374 1481 509 1553 depingi:
532 1495 582 1552 per
595 1495 660 1537 eum
675 1480 809 1537 videlicet
823 1480 947 1537 celsitu-

116 1566 214 1622 dinem
234 1566 412 1626 humilitatis
433 1571 483 1625 Dei
508 1571 591 1626 Verbi
616 1571 841 1643 considerantes,
863 1573 892 1625 et
910 1571 944 1625 ad

730 205 908 262 sumansu
940 204 1207 263 cluttonluctltlt

1198 325 1371 396 Epiphanius
1391 323 1522 377 diaeonus
1539 320 1619 387 legit:

1035 414 1088 485 Qui
1105 415 1284 487 spiritualem
1306 415 1472 484 expugnant
1490 408 1656 477 Jerusalem,
1676 404 1736 462 ide

1000 505 1136 562 tholicam
1161 504 1325 573 Ecclesiam,
1352 502 1398 557 his
1425 501 1587 572 ligurantur
1609 496 1660 567 qui
1684 496 1737 551 terr

1001 608 1196 665 expugnavere
1214 592 1379 649 Jerusalem.
1396 592 1430 645 Et
1452 587 1589 644 festinant
1610 590 1638 640 et
1660 581 1737 654 ipsiq

1003 683 1045 737 uti
1075 696 1212 752 sermone,
1240 679 1477 751 quemadmodum
1496 674 1639 747 quondam
1654 673 1737 741 Ehap

1002 770 1052 840 qul
1066 770 1180 826 llebraaa
1201 770 1301 841 lingua
1318 773 1415 824 contra
1430 765 1515 823 lsrael
1540 754 1674 820 utebatur
1695 756 1737 831 (ll

1002 859 1100 932 xvur).
1128 860 1179 915 lsti
1199 859 1275 915 enim
1296 857 1422 914 haeretici
1446 859 1591 925 paternam
1615 848 1737 907 doctrina

1002 949 1223 1004 ecclesiasticam
1239 960 1334 1003 vocem
1355 951 1453 1001 contra
1478 944 1575 997 Patres
1598 945 1737 1008 contraqu

1002 1037 1137 1093 tholicam
1156 1036 1311 1092 Ecclesiam
1333 1038 1453 1090 armant.
1469 1032 1552 1087 Sedu
1569 1024 1737 1098 nuendum

1001 1125 1150 1196 Dominus,
1169 1141 1258 1180 eorum
1278 1124 1440 1192 cognoscetis
1464 1136 1506 1175 eos
1523 1118 1638 1189 (Metili.
1660 1115 1729 1187 vir).

1002 1215 1093 1285 parati
1109 1215 1185 1270 enim
1200 1219 1267 1270 sunt
1278 1212 1418 1283 sepulcris
1432 1209 1582 1277 dealbatis,
1596 1219 1660 1276 quae
1676 1203 1737 1261 lori:

1000 1305 1064 1359 dem
1080 1310 1179 1374 parent
1198 1302 1366 1362 hominihus
1378 1300 1522 1369 speciosa:
1545 1292 1735 1366 quemadmcd

1002 1391 1051 1446 isti
1067 1391 1296 1447 Christianorum
1312 1388 1535 1446 calumniatores
1555 1383 1658 1454 patriis
1673 1394 1737 1452 quaa

1000 1481 1091 1551 operti
1118 1481 1308 1548 sermonibus,
1324 1480 1403 1535 intus
1422 1481 1516 1533 aarum
1530 1475 1607 1545 pleni
1628 1477 1737 1548 suntor

1001 1575 1028 1626 et
1049 1570 1125 1626 omni
1144 1568 1406 1640 spurcitiailtotth.
1426 1568 1526 1635 xxxvl),
1553 1561 1676 1618 mortuis
1693 1561 1737 1618 vid

118 1655 283 1711 memoriam
311 1658 539 1715 conversationis
563 1672 647 1729 quam
666 1659 707 1715 'in
734 1671 820 1715 carne
845 1660 944 1731 gessit,
962 1645 986 1705 Β
1002 1658 1168 1729 loetidisque
1177 1657 1371 1730 dogmatibus.
1392 1658 1555 1712 Nosautem
1575 1652 1648 1707 idem
1663 1664 1735 1721 sepu

117 1743 262 1813 passionis
274 1759 389 1817 quoquc
408 1760 440 1802 ac
464 1747 601 1804 salutaris
618 1748 721 1804 mortis
739 1749 803 1818 eius
816 1748 944 1819 adducti,

116 1838 203 1902 atque
218 1834 424 1905 redemptionis
439 1850 501 1907 quae
516 1836 583 1892 hine
596 1843 639 1892 est
661 1838 766 1893 mundo
776 1836 883 1893 edecta.
903 1838 947 1892 Vi·

115 1922 294 1995 demusergo
309 1925 406 1981 cuncti
422 1930 450 1982 ει
461 1914 664 1999 intelligimus,
677 1927 751 1999 quod
767 1933 794 1983 et
808 1931 875 1983 ante
885 1941 948 1983 san·

116 2013 177 2065 ctas
192 2011 316 2080 synodos
328 2016 356 2068 et
371 2018 434 2084 post
449 2018 562 2070 sanctas
577 2016 702 2086 synodos
719 2015 878 2087 imaginum
893 2015 947 2071 de-

116 2098 290 2168 scriptiones
305 2100 335 2156 in
355 2102 481 2158 Ecclesia
495 2103 607 2159 tradita
624 2102 742 2171 luerint,
760 2104 947 2175 quemadmo-

116 2189 184 2253 dum
204 2193 233 2244 et
257 2191 412 2263 Evangelii.
438 2192 548 2248 Etenim
569 2207 619 2262 per
642 2193 793 2249 lectionem
821 2193 946 2250 auribus

117 2281 275 2347 perceptam
296 2279 384 2349 holus
398 2281 576 2337 auditionem
599 2282 686 2337 menti
708 2281 943 2351 transmittimus,

116 2370 145 2421 et
157 2366 252 2422 oculis
268 2368 413 2424 intuentes
431 2369 599 2441 imaginales
615 2369 730 2441 lormas,
752 2370 844 2426 simili
862 2371 945 2427 modo

117 2454 345 2526 intelligibiliter
356 2456 552 2514 illustramur:
567 2464 595 2514 et
613 2472 663 2529 per
677 2460 749 2515 duas
763 2473 807 2514 res
824 2458 944 2514 invicem

117 2555 147 2597 se
161 2548 321 2612 sequentes,
342 2545 491 2601 lectionem
511 2547 558 2602 aio
570 2550 598 2603 et
613 2549 752 2618 picturas,
772 2548 861 2604 unius
873 2548 946 2603 noti·

116 2630 185 2685 tiam
202 2632 371 2702 accipimus,
393 2635 428 2689 ad
443 2637 608 2691 memoriam
626 2649 720 2692 rerum
741 2636 881 2693 veniendo
894 2651 946 2709 ge-

115 2722 233 2774 starum.
252 2719 324 2775 llioc
337 2720 497 2778 etduorum
513 2724 943 2794 generalissimorumsensuum

116 2806 146 2862 in
157 2807 284 2863 Canticis
298 2809 475 2866 canticorum
491 2811 624 2881 copulata
638 2812 697 2868 haec
706 2814 835 2883 operatio
847 2818 941 2886 potuit

116 2895 250 2967 inveniri,
274 2911 339 2952 cum
363 2898 489 2955 dicitur:
516 2899 631 2955 Ostende
651 2903 719 2956 mibi
737 2905 837 2971 faeiem
858 2909 943 2971 tuam,

1002 1748 1167 1819 revelantes,
1194 1748 1223 1803 io
1245 1744 1505 1802 manifestationem
1530 1741 1672 1798 iaciamus
1695 1753 1737 1795 cu

1001 1850 1099 1892 corum
1117 1836 1350 1892 immunditiam:
1368 1835 1437 1904 qoia
1448 1833 1604 1888 secundum
1617 1829 1736 1900 propria

1002 1926 1081 1981 deria
1098 1929 1263 1995 pervertunt
1278 1938 1340 1994 quae
1360 1924 1390 1978 in
1411 1921 1536 1977 Ecclesia
1562 1918 1704 1975 catholica
1724 1932 1737 1974 s

1002 2015 1110 2070 sanctis
1125 2014 1258 2070 Patribus
1277 2014 1363 2069 edita.
1389 2014 1423 2066 Et
1437 2010 1557 2067 vocibus
1581 2009 1697 2079 quidem
1720 2020 1737 2063 e

1002 2109 1134 2176 utuntur,
1149 2104 1197 2159 sed
1213 2109 1307 2159 astute
1328 2106 1505 2158 commutant
1524 2110 1737 2154 sensuseorum

1002 2207 1123 2264 namque
1134 2194 1270 2249 adversos
1282 2190 1405 2247 atrianos
1416 2190 1470 2260 ipsi
1491 2187 1594 2259 prolati
1611 2193 1689 2257 sunt,
1702 2186 1737 2243 ist

1000 2281 1342 2351 travenerabilesiconas,
1353 2280 1427 2350 stylo
1438 2279 1589 2347 scripturae
1605 2280 1727 2345 mumto,

1000 2375 1058 2425 tur.
1072 2371 1151 2439 Quod
1167 2369 1243 2425 onim
1265 2367 1459 2424 memorabilis
1478 2368 1560 2421 Pater
1582 2363 1737 2435 Gregorius

1001 2473 1121 2516 suorum
1133 2458 1236 2529 praesul
1246 2458 1378 2513 Ecclesia
1391 2456 1421 2512 in
1436 2455 1576 2525 epitaphii
1594 2466 1734 2522 sermone,

1001 2561 1087 2617 super
1099 2554 1196 2603 sancto
1212 2547 1329 2612 Basilio,
1346 2560 1398 2601 suo
1417 2545 1551 2600 videlicet
1570 2556 1654 2598 carne
1675 2555 1737 2598 aes

1001 2636 1097 2705 tratre,
1130 2634 1259 2691 scribens
1284 2635 1422 2690 adversus
1453 2632 1576 2687 atrianos
1610 2630 1737 2702 dogmati

1001 2725 1053 2780 lsti
1067 2728 1164 2779 contra
1181 2724 1321 2795 imagines
1333 2724 1568 2791 assumpserunt:
1584 2720 1658 2789 quod
1675 2732 1710 2774 ex
1726 2731 1737 2774 e

1000 2811 1167 2883 praeiatione
1185 2813 1279 2883 ipsius
1294 2812 1435 2881 periochae
1460 2809 1550 2865 videri
1575 2807 1690 2877 poterit,
1705 2821 1737 2879 qu

999 2916 1029 2957 sc
1043 2901 1144 2957 habet:
1157 2901 1261 2971 Utique
1277 2900 1376 2956 nullus
1395 2899 1509 2971 ignorat
1524 2897 1712 2953 intentionem
1728 2909 1737 2951 e

114 2989 252 3039 sonetooa
264 2990 313 3040 tua
328 2989 358 3041 iu
377 2989 491 3044 cumbas
511 2991 596 3045 meis:
620 3007 674 3045 voa
688 2994 759 3047 enim
773 2997 822 3048 tuo
844 2995 942 3060 duleis,
959 2965 983 3028 C
1000 2990 1102 3059 sionis,
1119 3003 1181 3058 quae
1195 2993 1319 3058 tempore
1333 2987 1462 3058 magistri
1483 2985 1573 3042 nostri
1590 2983 1737 3040 ellectaest

114 3077 140 3128 et
150 3076 236 3142 tocies
250 3079 298 3130 tuo
312 3074 513 3149 decorowant
531 3079 575 3152 rr).
594 3080 708 3150 Quibus
716 3087 906 3140 consonantes
916 3091 945 3141 et
999 3080 1052 3134 int.
1070 3078 1188 3135 curtati
1203 3081 1328 3147 tempore
1345 3082 1440 3132 noster
1456 3075 1596 3130 claruerit
1608 3069 1737 3147 doctor].

116 3175 168 3218 uos
183 3163 331 3232 psallendo
346 3165 488 3223 dicimus:
506 3167 582 3223 Sicut
594 3169 760 3234 audiuimus,
772 3173 812 3225 ito
829 3176 855 3227 et
866 3175 943 3228 aidi·
998 3169 1074 3224 enim
1103 3167 1249 3223 hominum
1273 3166 1388 3221 vesania
1418 3165 1495 3220 circa
1523 3163 1599 3218 idola
1624 3161 1737 3232 predio

113 3265 173 3305 mus
186 3248 273 3322 (Psal.
300 3253 545 3328 xrv1).tltsergo
574 3257 615 3313 ita
637 3271 667 3313 se
682 3258 864 3327 habentibus,
888 3276 944 3332 op·
997 3257 1105 3314 Christi
1125 3255 1266 3311 exstincta
1290 3253 1392 3319 luerat,
1415 3258 1444 3307 et
1458 3266 1556 3308 omnes
1578 3256 1659 3306 erant
1673 3249 1706 3305 in
1733 3265 1737 3306 r

114 3342 236 3407 portune
250 3340 404 3398 dicendum
428 3348 472 3401 est
494 3345 529 3401 ad
558 3359 606 3402 eos
632 3346 681 3416 qui
706 3353 805 3405 contra
830 3355 943 3407 sanctas
995 3349 1053 3418 jam
1074 3351 1102 3400 et
1113 3344 1271 3400 abolitione
1283 3356 1421 3399 vanorum
1437 3341 1568 3409 culturae,
1587 3353 1635 3410 per
1648 3342 1737 3395 toturn

115 3426 256 3499 imagines
275 3430 456 3502 garrierunt:
481 3434 559 3489 Vana
578 3435 683 3490 loeutus
706 3441 746 3490 est
769 3440 943 3508 tenusquique
998 3436 1094 3494 orbern
1109 3433 1314 3504 praedicatione
1334 3431 1451 3501 pietatis
1471 3436 1584 3486 exorta:
1608 3428 1698 3498 isqui
1715 3435 1737 3485 tt

113 3514 152 3567 ad
166 3519 322 3584 proximum
340 3535 439 3587 suum:
457 3522 531 3576 labia
550 3523 643 3577 doloso
665 3527 695 3577 in
710 3526 798 3585 corde,
820 3531 845 3580 et
864 3528 942 3581 corde
1000 3526 1130 3580 humanae
1144 3521 1321 3591 deceptionis
1344 3519 1549 3589 principatum,
1570 3518 1701 3587 undique
1715 3530 1737 3574 ca

114 3602 196 3656 locuti
207 3619 286 3661 saum
297 3609 371 3661 mola
387 3605 477 3679 (Psoi.
495 3623 525 3664 x1
535 3609 552 3681 l.
565 3609 588 3664 h
602 3611 710 3680 quibus
723 3625 860 3668 eruamur
874 3627 943 3685 gra·
998 3611 1162 3668 tusClrristi
1179 3609 1293 3667 nornine
1311 3608 1347 3664 ab
1375 3608 1442 3664 orbe
1466 3612 1605 3663 terrarum
1631 3606 1737 3663 abacta

114 3689 154 3744 tia
170 3690 278 3747 Christi
298 3694 357 3750 vert
373 3695 423 3750 Uei
435 3696 591 3752 salvatoris
608 3698 708 3753 nostri.
997 3703 1066 3756 Cum
1093 3704 1188 3755 autem
1218 3698 1246 3753 in
1278 3697 1389 3752 malitia
1409 3697 1524 3766 sapiens
1551 3694 1669 3750 malitia:
1697 3694 1737 3751 inv

364 3799 479 3855 TOllUS
499 3800 683 3858 SECUNDUS.

326 3906 498 3975 Epiphanius
509 3907 639 3963 diaconus
648 3910 728 3978 tegit:

998 3790 1142 3858 existeret,
1174 3801 1229 3842 non
1255 3791 1298 3841 est
1330 3784 1481 3840 fraudatus
1511 3783 1648 3855 malignis
1668 3796 1737 3856 argu

998 3879 1037 3935 tis
1052 3879 1086 3934 ad
1107 3876 1270 3933 laciendum
1288 3889 1390 3930 rursus
1406 3886 1455 3943 per
1479 3873 1676 3929 seductionem
1692 3870 1737 3928 sih

147 4011 236 4068 Obliti
270 4025 326 4068 non
356 4013 522 4072 mentientis
550 4017 665 4074 bomini
696 4019 940 4095 repromissionis,

115 4100 247 4170 quamde
261 4100 388 4157 Ecclesia
410 4117 462 4158 sua
482 4106 646 4177 spopondit,
670 4107 737 4177 quia
753 4113 839 4177 porta
857 4112 943 4179 inseri

113 4205 167 4242 non
176 4190 503 4257 praeoulebecntodoersus
512 4212 570 4250 eram
581 4192 691 4266 (Mutth.
707 4210 754 4251 xvv
764 4196 782 4269 ),
798 4198 876 4255 nudo
890 4213 942 4255 ca-

113 4277 181 4347 pite,
200 4278 380 4351 revelataque
399 4279 482 4354 tacie,
505 4284 641 4341 habentes
653 4287 814 4342 contrarias
831 4288 941 4357 opinio-

998 3968 1163 4024 manltatem
1186 3964 1353 4034 subjectam,
1378 3963 1425 4018 sed
1447 3962 1501 4017 sub
1522 3966 1659 4031 praetextu
1676 3960 1736 4016 Chr

998 4057 1099 4113 uitantis
1119 4055 1261 4111 idolorum
1282 4052 1425 4108 culturam
1450 4051 1588 4120 paulatim
1610 4048 1730 4106 induxit

998 4147 1112 4204 reduxit
1131 4142 1152 4219 i,
1184 4143 1357 4214 persuadens
1385 4140 1613 4210 sophismatibus
1640 4139 1706 4194 suis
1732 4155 1737 4195 a

997 4240 1156 4306 respectum
1181 4231 1363 4302 habentibus,
1383 4235 1414 4286 nt
1436 4244 1491 4284 non
1518 4229 1681 4284 recederent
1703 4240 1719 4283 a

955 4325 1072 4392 litura,
1100 4325 1148 4380 sed
1180 4324 1253 4379 hanc
1281 4321 1432 4377 adorarent
1464 4325 1492 4373 et
1516 4318 1652 4388 colerent,
1678 4317 1737 4374 lieu

114 4380 172 4438 nes,
190 4367 359 4442 impugnant
382 4371 480 4442 illam:
500 4379 527 4429 et
549 4372 678 4430 iurantes
697 4381 829 4446 paternas
849 4392 938 4450 voces,
997 4413 1136 4469 secturam
1170 4411 1393 4477 arbitrarentur,
1428 4406 1495 4462 tilii
1527 4407 1642 4462 nomine
1670 4420 1737 4463 nuni

112 4457 193 4526 quasi
212 4472 279 4515 suas
295 4467 454 4533 opponunt,
472 4462 602 4518 dicentes
614 4463 670 4518 ita:

321 4568 466 4637 Gregorius
485 4570 625 4639 episcopus
650 4571 735 4639 tegit:

995 4512 1063 4561 tam.
1088 4502 1124 4557 ht
1144 4515 1210 4556 vero
1236 4500 1261 4554 si
1289 4513 1323 4554 cx
1349 4512 1402 4554 non
1428 4497 1609 4553 exstantibus
1633 4496 1718 4554 vela

995 4598 1071 4663 tura,
1084 4591 1159 4646 vela
1184 4588 1282 4645 divina
1307 4587 1470 4643 substantia
1496 4586 1524 4641 in
1548 4599 1599 4641 sua
1624 4590 1667 4641 est
1682 4585 1737 4642 alle

148 4686 161 4717 v
183 4670 288 4726 lterum
305 4676 401 4728 autern
418 4672 505 4742 hujus
518 4673 648 4730 decorem
661 4675 758 4731 videre
773 4689 829 4732 non
846 4675 940 4733 terens
995 4686 1107 4749 natura,
1131 4678 1229 4734 nullus
1250 4682 1293 4732 est
1314 4676 1380 4731 huic
1408 4690 1500 4731 sermo
1525 4675 1698 4745 reddendus,
1719 4689 1737 4732 s

112 4757 301 4824 »predictus
326 4761 443 4816 malitia:
463 4759 628 4835 fabricator,
645 4777 700 4820 non
726 4769 769 4821 est
790 4763 940 4822 fraudatus
995 4771 1045 4841 qui
1073 4781 1175 4826 nomen
1202 4766 1311 4821 Christi
1345 4771 1484 4821 creaturae
1511 4765 1722 4834 imposuerunt,

113 4861 125 4889 a
147 4861 197 4919 per
210 4848 324 4905 diversa
340 4855 466 4921 tempora
480 4856 507 4908 et
519 4853 620 4909 modus
633 4854 758 4927 maligno
774 4854 891 4927 ingenio
902 4853 941 4910 la·
993 4861 1121 4929 adorent,
1146 4855 1214 4912 hnic
1234 4855 1405 4924 deserviant,
1428 4855 1457 4909 in
1483 4868 1515 4909 ea
1535 4867 1612 4923 spem
1637 4853 1737 4912 salutis

112 4960 124 4989 a
146 4940 241 4997 ciendi
269 4940 327 4997 sibi
349 4940 498 4997 subditum
521 4956 612 5014 genus
639 4943 816 5001 humanum:
838 4945 886 5000 sed
910 4944 939 4998 in
994 4947 1088 5016 beant,
1114 4952 1142 5001 et
1167 4944 1279 5014 abipsa
1301 4943 1500 5012 praestolentur
1526 4943 1670 5012 Judicium
1693 4939 1737 5018 [ea

111 5050 124 5080 a
148 5037 290 5094 schemate
304 5030 518 5086 Christianismi
543 5031 737 5088 idololatriam
764 5032 871 5088 sensim
891 5033 939 5088 iu-
994 5041 1135 5103 creatura,
1160 5038 1188 5089 et
1211 5032 1368 5088 secundum
1396 5031 1540 5100 propriam
1568 5035 1700 5087 naturam
1725 5046 1737 5088 a

113 5147 125 5178 a
149 5124 234 5181 duxit
257 5119 333 5195 [Cr.,
355 5119 498 5189 rcduxiti,
518 5120 693 5189 persuadens
713 5121 939 5190 sophismatibus
993 5131 1036 5179 est
1051 5138 1066 5179 a
1079 5122 1177 5178 divina
1194 5120 1365 5189 substantia,
1388 5118 1462 5174 nihil
1478 5119 1514 5175 dc
1534 5119 1586 5175 hoc
1608 5126 1737 5177 curarent

112 5234 124 5262 a
146 5214 208 5271 suis
225 5211 259 5267 ad
283 5222 313 5264 se
332 5207 528 5277 spectantibus
549 5207 667 5290 minime
681 5221 697 5262 a
712 5212 843 5264 creatura
858 5222 939 5264 rece·
995 5225 1095 5268 nomen
1121 5209 1229 5265 Christi
1254 5212 1393 5263 creaturae
1410 5208 1596 5277 imponentes,
1615 5208 1689 5264 hanc
1716 5222 1737 5264 aa

112 5325 123 5355 r·
145 5302 222 5371 dere,
248 5299 296 5354 sed
325 5295 398 5351 hanc
423 5296 552 5365 adorare,
578 5295 707 5367 hancque
734 5298 888 5370 percolere,
911 5307 939 5356 et
994 5306 1067 5369 rent,
1089 5299 1157 5354 huic
1171 5297 1357 5365 deservirent,
1384 5296 1414 5351 in
1436 5310 1467 5351 ea
1492 5311 1534 5366 sp.
1560 5296 1611 5351 sal.
1631 5295 1737 5353 habere

112 5413 124 5443 o
146 5393 234 5446 Deum
256 5385 395 5443 iacturam
411 5382 547 5439 arbitrari
565 5383 674 5439 Christi
690 5385 829 5444 vocabulo
841 5389 936 5445 nomi·
993 5390 1028 5446 ab
1054 5389 1115 5458 ipsa
1139 5385 1370 5456 prestolarentur
1386 5385 1448 5454 jnd.
1465 5381 1495 5458 l:
1518 5398 1625 5440 necnon
1641 5391 1669 5440 et
1693 5397 1737 5456 apr

111 5502 124 5532 l
146 5478 304 5537 nandum.»
994 5479 1045 5550 qui
1071 5476 1176 5533 cecidit
1195 5478 1284 5531 totam
1299 5474 1458 5544 nequitiam
1474 5487 1555 5529 suam
1579 5473 1737 5532 hominibu:
