3876 6090
43 245 89 304 tsi
427 257 701 315 misltrnssrnulo
719 259 843 317 Sinoni
862 261 921 317 vtll
933 260 1136 322 damnantis.
1151 296 1189 308 —
1206 268 1307 326 ndito
1326 271 1363 325 X.
1702 277 1754 338 491

45 376 199 443 habentem,
210 375 241 433 id
253 382 300 434 est
311 379 481 450 usinallum,
494 382 522 437 id
532 388 576 438 cst
585 384 772 455 mulchumat,
783 385 811 441 id
825 391 869 441 est
885 381 1103 446 Adesiderium
1127 400 1262 466 vestrum,
1288 411 1371 468 quem
1391 405 1420 454 et
1443 401 1576 457 misimus
1592 417 1656 460 cum
1676 420 1753 475 prte-

49 463 188 534 planetilia
201 471 341 523 castanea
362 469 430 525 duo.
927 478 1001 532 senti
1023 481 1144 551 epistola
1166 492 1262 541 nostra
1282 487 1478 561 visitaturum,
1500 496 1529 546 et
1550 492 1751 567 salutaturum,

48 577 669 660 snognqnnnsnpqsqoqqpmffibusmmmqis’
685 590 870 660 quaequidem
927 579 960 621 ac
970 567 1157 628 adoraturum
1170 572 1323 631 fraternam
1338 578 1517 634 sanctitatem
1533 586 1668 636 vestram:
1685 596 1757 639 nun·

77 663 242 707 necomnes
259 654 469 722 patriarchales
492 659 572 713 sedes
590 673 655 715 cum
680 665 738 716 tota
765 660 872 730 synodo
928 657 1067 714 liaturum
1089 661 1174 716 etiam
1186 665 1370 722 etaCbristo
1391 667 1474 723 nobis
1485 670 1617 725 donatam
1637 671 1757 727 incolu-

77 722 876 869 ffiffl'riineigiffilnffi{gissipgsiffi'iissi‘io‘ffioiffi
928 746 1758 824 mannenannactinnuluspassionrnnsernrbunuo-

80 867 145 917 mm
157 861 317 921 qumque,
329 867 481 937 postulari,
930 835 1016 891 nibus
1029 837 1120 906 plena,
1133 843 1370 910 quemadmodum
1388 846 1448 915 ipse
1470 846 1563 903 voluit
1572 852 1600 903 et
1615 848 1757 917 judicavit

173 978 179 989 .
303 983 308 993 .
343 983 349 994 ‚
548 987 554 998 ,
587 988 592 999 ⁴
734 989 740 1000 ‚
929 925 1759 1006 qulomninsnplenteretcongruenterdispensat,etan·

54 979 93 1032 Per
104 991 198 1031 οιιιιιω
215 984 390 1037 sancttsstmc
408 988 434 1037 rt
452 990 634 1041 somnbssmro
654 989 739 1055 fratre
756 993 781 1042 rt
800 1003 874 1041 com-

78 1049 204 1103 mo„
223 1049 354 1106 Admone
382 1054 532 1109 beamsimo
550 1073 630 1128 papae
655 1060 768 1112 senioris
788 1060 875 1113 Rom
929 1017 957 1069 te
972 1014 1002 1070 in
1018 1022 1066 1071 tua
1087 1017 1295 1089 piissimorum,
1320 1026 1348 1077 ct
1368 1022 1483 1080 Christo
1495 1025 1665 1097 amicorum,
1686 1038 1719 1082 ac
1740 1041 1758 1086 a
1811 1059 1817 1069 ·

79 1119 206 1186 loratino
225 1137 243 1174 o
262 1124 317 1176 meo
336 1126 551 1180 mmmmm
581 1133 737 1183 mecum,
766 1130 876 1183 megi„
928 1103 1228 1179 Deogubernatorum,
1246 1111 1485 1181 atquedivinitus
1506 1114 1684 1171 munitorum
1698 1116 1759 1172 im-

79 1191 210 1261 piscopus
230 1191 499 1266 cmmtaottoopoleos
518 1213 590 1253 none
608 1201 695 1254 marae
712 1202 742 1253 in
763 1202 875 1255 Domino
931 1199 1092 1262 peratorum
1109 1203 1271 1254 nostrorum
1288 1200 1505 1270 prosperitatem
1518 1208 1545 1258 et
1556 1208 1670 1273 tropea.
1686 1209 1715 1259 et
1727 1204 1758 1260 in

82 1261 207 1316 culmem.
932 1282 1079 1339 meliusde
1094 1285 1141 1341 die
1154 1285 1182 1341 in
1193 1287 1270 1342 diem
1286 1302 1382 1344 rerum
1399 1290 1518 1346 Romani
1531 1292 1645 1362 imperil
1660 1297 1761 1349 trans-

84 1368 168 1438 lapis
180 1370 234 1440 qui
245 1370 388 1429 demente
399 1373 545 1432 abscissus
558 1381 601 1433 est
614 1377 678 1433 sine
691 1377 833 1443 manibus,
848 1380 877 1431 et
931 1371 1076 1443 lationem,
1100 1379 1133 1430 ut
1144 1379 1173 1430 et
1192 1389 1242 1431 vos
1263 1377 1456 1449 gaudentibus
1471 1378 1555 1436 nobis
1574 1381 1761 1452 congratule-
1873 1444 1881 1459 .

59 1458 195 1526 otmussit
208 1458 364 1532 imaginem
375 1462 455 1519 illam
467 1477 596 1536 magnam
610 1465 764 1535 impiorum
780 1479 878 1536 regno
932 1460 1064 1530 miniper
1084 1468 1211 1519 mutuam
1233 1465 1656 1537 uniuscorporismenbrorum
1677 1467 1761 1525 coal-
1882 1452 1890 1461 ’

58 1558 113 1600 mm
128 1547 263 1603 omnium
276 1563 363 1620 snper
382 1552 465 1620 pedes
478 1558 582 1609 testeos
594 1559 622 1609 et
637 1552 752 1616 lerreos.
767 1558 795 1608 et
807 1567 878 1609 ren·
932 1546 1092 1621 lectionem,
1107 1555 1135 1606 et
1146 1554 1381 1622 compassionem,
1395 1559 1423 1611 et
1434 1556 1538 1613 iterum
1551 1557 1602 1613 Dei
1616 1556 1684 1614 boni
1699 1570 1761 1629 gra-

58 1633 146 1689 tilarit
157 1648 222 1691 mm
236 1642 268 1692 nt
284 1638 427 1707 pulverem
437 1639 472 1695 ab
487 1654 552 1696 area
567 1642 675 1712 aestiva,
690 1646 718 1697 et
732 1640 824 1697 lactus
835 1645 879 1697 est
933 1639 974 1695 tia
994 1642 1023 1694 et
1040 1641 1239 1709 cooperatione
1258 1643 1293 1698 nd
1314 1644 1538 1702 mediocritatem
1560 1650 1684 1702 nostram
1696 1659 1762 1700 ma-

59 1721 83 1777 ln
103 1729 229 1780 montem
251 1739 394 1798 magnum,
412 1733 441 1784 et
462 1728 580 1799 replevit
596 1731 756 1786 universam
774 1735 877 1785 terram
894 1694 1030 1784 Bturius
1043 1734 1244 1800 remeaturum,
1257 1736 1285 1787 et
1300 1732 1372 1788 bona
1385 1735 1485 1790 nuntia
1501 1735 1710 1792 amabilissima
1721 1733 1762 1789 vi·

59 1813 167 1881 propria
191 1814 393 1887 magnitudine
418 1823 447 1874 et
472 1819 564 1891 gloria
584 1817 662 1890 (Dan.
688 1818 729 1891 ιι),
747 1818 879 1874 Christus
933 1824 969 1874 tre
987 1820 1087 1873 vestrae
1101 1817 1464 1879 allatnrnmadecclesiam
1487 1829 1624 1894 nostram,
1646 1828 1715 1880 utet
1731 1823 1761 1878 iu

59 1899 197 1972 ridelioet,
209 1902 678 1977 quiestsolusinlinltaepotentiae
686 1907 835 1978 Dominus,
851 1910 879 1962 et
934 1906 987 1962 bac
1012 1910 1091 1975 parte
1111 1906 1288 1965 collaetemur
1305 1909 1397 1980 robis,
1411 1916 1440 1966 et
1459 1926 1534 1981 eum,
1553 1913 1603 1983 qui
1626 1913 1706 1969 solus
1718 1915 1763 1968 est

58 1987 126 2045 Deus
136 1995 253 2058 nostem
267 1996 296 2047 et
305 1993 374 2048 olim
384 1995 499 2064 quidem
511 1995 653 2052 illustrem
662 2001 690 2052 et
701 1995 879 2066 perspicuam
936 1993 1147 2066 investigabilis
1164 1996 1313 2067 Dominus,
1325 2003 1354 2053 et
1373 1999 1605 2069 sapientissimus
1623 2001 1765 2058 substan-

58 2082 187 2146 operatns
201 2082 247 2134 est
259 2084 380 2137 vestram
393 2095 521 2154 magnam
543 2083 687 2140 civitatem
700 2085 815 2139 llomam
832 2096 881 2152 per
935 2086 946 2136 t
960 2095 984 2137 a·
994 2095 1042 2138 um
1053 2080 1153 2152 laetor,
1165 2088 1193 2137 et
1205 2084 1361 2140 continuus
1372 2092 1539 2154 procurator
1550 2089 1760 2161 universorum,

60 2170 231 2222 cossanctos
246 2166 356 2237 lapides
368 2170 419 2241 qui
431 2169 466 2226 ab
481 2171 591 2227 oriente
609 2171 644 2226 ad
669 2185 730 2226 eam
753 2170 879 2227 devoluti
936 2169 1128 2240 glorillcemns
1149 2173 1177 2224 et
1198 2170 1422 2242 magnificemus,
1441 2175 1490 2243 qui
1514 2175 1605 2245 magis
1626 2188 1658 2230 ac
1672 2175 1764 2247 magis

60 2258 131 2320 sunt,
153 2253 273 2310 Petrum
291 2257 338 2311 aio
354 2262 383 2312 et
402 2258 530 2328 Paulum,
546 2260 680 2316 eximiam
694 2258 881 2330 principalem
937 2256 1050 2312 roboret
1077 2257 1257 2314 sancitatem
1284 2264 1373 2330 tuam,
1401 2266 1429 2316 et
1449 2267 1596 2318 conservet
1616 2263 1763 2334 utrimque

61 2342 253 2410 apostolorum
264 2345 471 2402 summitatem:
485 2348 532 2404 sed
543 2348 734 2405 nibilominus
745 2354 773 2404 et
784 2349 813 2404 in
828 2361 884 2404 no-
937 2344 1147 2401 immaculatam
1159 2351 1245 2417 atque
1256 2347 1373 2403 illesam
1387 2349 1420 2404 ad
1434 2349 1695 2406 ecclesiasticorum
1710 2364 1765 2406 ne·

62 2431 126 2486 stris
138 2432 331 2505 temporibus,
345 2434 417 2504 quin
433 2436 529 2505 potius
542 2443 570 2492 et
583 2437 771 2495 illustriorem
782 2444 810 2493 et
820 2438 883 2494 cla·
937 2433 1080 2504 gotiorum
1095 2447 1337 2506 personarumque
1347 2436 1517 2509 proiectum,
1531 2443 1559 2493 et
1570 2438 1725 2494 utititatem
1737 2442 1766 2495 et

62 2519 158 2575 norem
178 2521 389 2579 domonstravit
411 2525 638 2596 nonoosqniono
654 2527 683 2582 in
701 2527 882 2598 generatione
937 2520 1057 2591 gloriam
1082 2523 1286 2579 omnitenentis
1307 2523 1357 2579 Dei
1381 2525 1551 2595 principalis
1577 2526 1766 2597 benignitatis

63 2615 150 2665 nostra
166 2610 348 2680 pertinentia
361 2612 552 2684 gubernacula
566 2616 629 2685 ejus
640 2616 791 2671 commissa
804 2622 883 2686 sunt,
937 2609 1009 2678 clus.
1040 2610 1119 2679 Quod
1146 2616 1252 2682 autem,
1279 2613 1472 2669 sanctissimis
1500 2614 1619 2670 sicariis
1643 2619 1768 2684 paternae

64 2703 168 2754 sanctos
178 2703 210 2754 et
224 2699 366 2768 pretiosos
381 2714 477 2757 revera
490 2701 609 2772 lapides,
618 2703 766 2760 Nicolaum
777 2704 886 2759 videli-
938 2698 1101 2753 sanctitatis
1119 2700 1324 2756 restraeadbuc
1343 2701 1541 2774 praesentibus,
1564 2704 1679 2773 penitus
1700 2718 1769 2774 per-

63 2792 100 2841 cet
116 2785 323 2843 beatissimum
351 2793 380 2844 et
401 2786 553 2845 lratemam
577 2791 756 2846 sanctitatem
778 2796 883 2861 tuam3
939 2784 1044 2841 lectum
1058 2800 1114 2842 non
1134 2792 1186 2857 est,
1202 2788 1519 2860 nequetlnemaccepit,
1544 2804 1766 2864 rogamusnune

64 2874 106 2945 qni
129 2875 376 2946 quemadmodum
400 2879 555 2948 aquodam
571 2878 689 2934 sublimi
711 2879 771 2935 loco
786 2884 885 2935 contra
941 2875 1100 2946 terminari,
1121 2881 1150 2930 et
1168 2876 1285 2946 disponi
1300 2875 1431 2948 perfecte,
1445 2893 1478 2934 ac
1502 2879 1610 2949 integre
1630 2879 1718 2935 scribi
1731 2878 1766 2935 ad

64 2960 210 3032 injustitiae
226 2969 256 3020 et
272 2966 413 3022 mendacii
429 2967 655 3024 machinamenta
667 2968 785 3025 demissi
801 2968 888 3024 etde·
940 2960 1133 3020 bumilitatem
1145 2970 1270 3020 nostram
1281 2965 1316 3020 de
1327 2965 1374 3021 bis
1386 2966 1543 3025 lectoribus
1554 2969 1604 3039 qul
1614 2968 1689 3025 tonsi
1702 2969 1770 3023 sunt

65 3051 144 3108 voluti
163 3067 261 3124 usque
276 3055 311 3109 ad
326 3054 424 3110 urbem
445 3060 570 3112 nostram
593 3070 643 3126 per
657 3057 886 3126 sapientissimas
900 3010 926 3077 G
940 3067 956 3108 n
968 3051 1063 3109 Plautii
1081 3066 1182 3108 manus
1198 3052 1399 3122 impositione:
1422 3055 1549 3125 quicum
1564 3056 1624 3111 sint
1637 3069 1706 3126 pene
1719 3056 1771 3110 in-

65 3140 194 3209 epistolas
216 3147 329 3198 vestras
343 3148 371 3198 et
386 3144 558 3215 sanctiones,
579 3145 626 3200 sed
641 3150 670 3201 et
689 3146 886 3203 sanctissimos
940 3140 1130 3196 numerabilis
1142 3141 1341 3197 multitudinis
1355 3143 1384 3198 in
1405 3144 1549 3200 universis
1562 3145 1730 3215 regionibus
1741 3149 1770 3200 et

64 3229 363 3288 etDeoamicissimos
377 3230 431 3287 loci
448 3238 615 3304 servatores,
631 3234 810 3291 contrivistis
821 3248 888 3290 onn-
940 3227 1109 3283 civitatibus
1117 3228 1260 3299 Ecclesiae,
1272 3230 1418 3299 postulant
1426 3245 1460 3286 eu
1469 3233 1637 3288 necessitate
1645 3232 1770 3288 aliorum

65 3328 109 3373 aes
119 3318 273 3375 machinas
287 3323 317 3374 et
329 3320 490 3376 monimina
499 3320 712 3378 adversantium
722 3322 847 3393 veritati,
859 3327 887 3379 ot
941 3316 1002 3370 lleri
1013 3314 1214 3371 sacerdotalem
1227 3321 1408 3384 provectum:
1425 3323 1456 3373 ut
1464 3332 1670 3390 cognoscamus
1680 3320 1766 3375 etiam

10 3396 13 3423 ³
66 3418 133 3462 nnnc
146 3407 303 3478 pacillcam
318 3408 553 3466 constitutionem
570 3416 685 3482 agentes
701 3411 889 3480 permisera-
941 3408 970 3459 et
982 3416 1067 3472 super
1084 3403 1137 3457 bac
1155 3415 1184 3457 re
1195 3407 1316 3457 uestram
1329 3404 1502 3460 voluntatem
1523 3411 1609 3476 atque
1620 3407 1768 3462 decretum

67 3491 151 3552 done
162 3495 329 3568 etgratiam
340 3496 463 3567 quivere
473 3497 606 3568 princeps
617 3499 695 3568 pacis
709 3504 737 3555 et
752 3499 889 3569 pacillcus
941 3491 1102 3548 certissime
1117 3494 1145 3545 et
1159 3487 1400 3556 manifestissime,
1412 3497 1509 3548 utrum
1523 3494 1583 3548 sint
1594 3494 1676 3565 digni
1697 3507 1770 3563 pro-

66 3583 250 3641 estcbristus
262 3585 338 3640 Dens
348 3589 454 3656 noster,
466 3590 495 3640 et
509 3599 558 3657 per
572 3585 753 3657 diligentiam
767 3592 888 3643 vestram
943 3580 1049 3636 moveri
1060 3579 1094 3635 ad
1119 3579 1239 3648 maiores
1259 3578 1411 3634 sacerdotii
1431 3581 1547 3651 gradus,
1560 3595 1596 3637 an
1610 3596 1667 3639 non
1688 3582 1747 3638 sint
1761 3597 1771 3637 a

66 3673 321 3742 musitationem,
347 3673 455 3745 gratias
469 3675 582 3746 agimus
604 3676 733 3732 omnium
749 3675 889 3732 bonorum
943 3668 1064 3724 dubium
1088 3667 1164 3722 enim
1197 3666 1250 3721 boc
1283 3670 1393 3721 tantum
1408 3667 1599 3725 dimiserunt:
1619 3675 1648 3726 et
1677 3669 1772 3727 adhuc

67 3762 169 3818 auctori
185 3766 216 3817 et
231 3761 505 3819 misericordissimo
519 3764 651 3835 Domino,
664 3764 842 3821 otsalvntoni
858 3778 891 3822 no
946 3757 1127 3826 postulamus
1136 3755 1222 3811 etiam
1232 3755 1267 3810 de
1280 3754 1452 3812 intimodlio
1465 3762 1563 3815 nostro
1572 3763 1601 3815 et
1613 3757 1773 3816 fortissimo

67 3846 247 3921 Redemptum
258 3850 469 3922 universorum,
481 3851 531 3922 qui
543 3859 670 3908 sanctam
679 3852 852 3909 catholicam
864 3857 893 3908 et
947 3845 1077 3902 veritatis
1091 3843 1231 3916 agonista,
1245 3841 1333 3898 Paulo
1344 3843 1479 3901 videlicet
1488 3847 1718 3919 chartophylace,
1729 3852 1772 3919 ut,

69 3938 249 4007 apostolicam
268 3938 424 3996 Ecclesiam
442 3939 635 4009 desponsavit,
649 3943 814 4011 etcaputse
834 3941 894 3997 bu-
947 3935 972 3990 si
985 3938 1028 3990 est
1051 3931 1200 4004 possibilis
1213 3930 1242 3985 in
1263 3943 1327 3986 eum
1340 3931 1568 4003 dispensationis
1577 3936 1676 4007 aliqua
1687 3936 1772 4006 ratio,

68 4025 108 4094 ins
118 4029 274 4085 nominare
286 4027 491 4100 dignatusest,
503 4034 533 4084 et
549 4029 674 4086 membra
686 4030 817 4100 corporis
831 4032 895 4100 ejus
949 4024 1069 4093 recipiat
1089 4020 1258 4093 dignitatem
1280 4018 1473 4094 episcopatus,
1492 4025 1730 4094 quemadmodum
1746 4029 1775 4081 et

72 4125 145 4174 rosel
154 4131 212 4174 nos
221 4117 254 4173 in
266 4130 325 4173 nno
335 4116 444 4187 spiritu
455 4117 653 4190 compaginata
660 4124 688 4175 et
697 4119 894 4176 convenientia
948 4119 1029 4170 antea
1043 4113 1073 4168 in
1087 4109 1193 4167 litteris
1208 4107 1315 4162 nostris
1334 4108 1561 4183 efflagitavimus.
1575 4115 1683 4171 Deinde
1700 4129 1777 4185 qno-

73 4215 113 4271 iet
125 4205 328 4277 operationem
346 4207 437 4261 sancti
457 4205 584 4276 Spiritus
603 4211 631 4262 et
642 4206 780 4263 alternam
799 4222 897 4264 conso·
950 4217 1004 4274 que
1018 4215 1105 4272 super
1116 4197 1272 4266 Theodoro,
1298 4202 1348 4276 qui
1363 4215 1379 4256 a
1392 4202 1476 4258 nobis
1496 4203 1609 4272 quidem
1623 4218 1778 4261 consecra-

74 4295 193 4351 nuttam
213 4300 244 4351 et
265 4294 527 4364 conspiramentum
547 4293 690 4351 exhibuit.
712 4294 848 4365 Quinimo
868 4301 896 4352 et
951 4298 998 4348 tus
1019 4297 1063 4347 est
1084 4294 1364 4363 metropolitaCariae
1378 4292 1499 4347 multum
1512 4296 1606 4347 autem
1624 4291 1774 4365 laborarit,

75 4379 241 4442 beatitudini
254 4382 420 4440 sanctitatis
433 4387 533 4440 restrae
552 4384 697 4457 gratificas
709 4398 790 4442 voces
801 4385 897 4443 debite
910 4345 937 4405 D
950 4385 978 4436 et
989 4379 1113 4437 afflictus
1122 4382 1208 4438 estab
1217 4382 1304 4439 initio
1318 4382 1434 4452 iniustae
1444 4394 1476 4436 ac
1488 4379 1595 4450 inique
1606 4379 1777 4450 dejectionis

77 4472 312 4543 commendamus,
332 4475 481 4529 exorantes
497 4486 607 4544 semper
625 4474 660 4529 ad
679 4475 778 4543 Deum,
791 4474 841 4544 qui
854 4478 898 4530 est
952 4474 1065 4539 nostre,
1082 4468 1111 4524 in
1126 4470 1291 4527 novissimis
1301 4484 1366 4527 vero
1391 4483 1455 4526 cum
1470 4468 1573 4524 misero
1592 4467 1694 4524 Photio
1705 4482 1779 4525 con-

79 4573 150 4631 snper
160 4561 263 4618 omnia
271 4562 360 4631 Deus,
372 4575 428 4631 quo
439 4561 618 4618 sanctitatem
627 4567 748 4618 vestram
759 4562 898 4618 coelestiis
951 4559 1076 4630 veniens,
1105 4565 1219 4630 propter
1236 4561 1299 4630 ejus
1316 4560 1454 4616 immensa
1478 4561 1617 4614 tormenta
1639 4572 1701 4628 quae
1718 4556 1775 4613 sibi

80 4651 235 4722 etpropriis
256 4647 408 4706 laboribus
424 4655 453 4706 et
463 4651 779 4723 certaminibusdignis
797 4656 899 4708 etcon·
952 4647 1157 4704 resistentibus
1168 4648 1316 4716 inserebat,
1331 4647 1487 4716 consensit,
1502 4652 1530 4703 et
1552 4647 1689 4717 usquead
1703 4646 1780 4702 ulti-

80 4740 146 4806 imis
155 4736 749 4811 recompensetriclssitudinibus3quippe
758 4740 808 4811 qui
820 4740 899 4796 solus
954 4751 1030 4793 mum
1049 4737 1144 4808 ipsius
1161 4739 1237 4794 diem
1259 4737 1440 4808 repoenitens,
1463 4734 1655 4793 nibilominus
1677 4750 1780 4793 rursus

81 4828 245 4886 otdatoret
256 4825 380 4898 largitor
392 4839 558 4898 magnarum
571 4832 659 4885 etrus
677 4829 839 4884 decentium
860 4842 900 4884 re
953 4826 1038 4882 corde
1048 4826 1173 4883 contrito
1183 4832 1211 4882 et
1227 4827 1334 4896 spiritu
1347 4825 1524 4882 humilitatis
1540 4825 1651 4882 veniam
1666 4825 1782 4895 expeti-

10 4921 15 4930 '
83 4906 900 4974 libationum.Verumtamenetnostrabumilitasmemor
953 4914 1392 4971 vitProbibueruntenimeum
1403 4913 1782 4988 sacerdotiolungiqooqno

83 5003 375 5061 claritatisrestraeac
384 5001 518 5058 amabilis
526 5017 610 5073 quem
618 5003 694 5059 cirra
706 5018 757 5061 nos
771 5002 902 5061 babetal-
955 5003 1038 5058 modo
1058 5003 1234 5058 sanctissimi
1251 5002 1352 5059 vicarii
1373 5003 1513 5058 almitatis
1532 5008 1641 5069 vestre,
1654 5008 1682 5058 et
1704 5002 1781 5074 quod

10 5111 17 5122 ·
84 5087 167 5166 mus,
180 5090 258 5148 etad
275 5090 331 5146 boc
351 5089 445 5159 ipsum
458 5090 631 5147 voluntatem
648 5097 677 5147 et
687 5092 901 5149 meditationem
955 5090 1161 5162 subscripserit
1183 5090 1389 5148 utlatebantur
1411 5091 1532 5163 ineam,
1558 5107 1621 5163 quae
1642 5090 1716 5148 lacta
1739 5096 1783 5149 est

10 5188 22 5198 ·
86 5177 183 5252 hbens,
195 5179 314 5237 invenit
324 5183 535 5250 procurantem,
549 5183 581 5235 ut
592 5178 757 5236 mitteretur
773 5181 802 5236 in
814 5181 900 5251 viam,
955 5179 990 5234 ab
1004 5178 1205 5237 infelicissimo
1216 5180 1316 5236 Photio
1330 5179 1411 5251 quasi
1429 5180 1572 5250 depositio
1584 5181 1744 5237 beatissimi
1754 5187 1784 5239 et

10 5278 24 5287 ·
87 5270 232 5336 ineestad
248 5267 349 5340 magni
371 5265 637 5339 nominisllomam,
650 5268 900 5333 orationiscnusa,
957 5267 1059 5338 optimi
1077 5269 1169 5324 Patris
1191 5268 1282 5324 nostri
1302 5268 1413 5324 Nicolai
1440 5269 1598 5325 decessoris
1620 5269 1784 5326 sanctitatis

10 5365 24 5379 ·
90 5353 317 5415 intimumsslinm
339 5358 470 5409 nostrum
492 5355 760 5411 reverendissimum
773 5356 902 5413 abbatem
959 5361 1025 5412 tuae.
1042 5358 1105 5412 llaec
1119 5362 1187 5412 sunt
1203 5358 1238 5413 de
1259 5356 1366 5428 quibus
1386 5371 1519 5429 rogamus
1535 5358 1714 5413 sanctitatem
1732 5372 1784 5414 re-

10 5441 25 5484 ¹
90 5438 174 5519 bnis,
196 5452 226 5502 et
245 5439 460 5512 scevophylaca
480 5455 588 5514 magnae
608 5443 735 5499 ecclesiae
753 5444 902 5500 dominnm
959 5452 1060 5515 stram,
1074 5445 1155 5516 ut,si
1174 5445 1312 5515 possibile
1326 5444 1373 5515 sit,
1389 5449 1487 5501 utatur
1498 5444 1785 5516 verbodispensatlo·

92 5526 294 5607 Donatum,
307 5535 338 5587 et
351 5527 462 5585 idcirco
472 5529 564 5602 magis
575 5529 906 5602 studuimusadimplere
962 5534 1008 5591 nis
1020 5539 1048 5590 et
1059 5533 1265 5590 misericordie
1278 5533 1307 5589 in
1321 5531 1377 5602 bis,
1390 5545 1455 5588 cum
1467 5532 1525 5590 alia
1536 5532 1633 5590 omnia
1642 5531 1783 5604 optimum
