3876 6090
181 219 235 278 359
794 217 974 274 ashsansn
996 215 1267 276 emtioanndnnn
1833 219 1885 277 360

181 343 292 403 similia
314 345 571 401 phantasticorum.
586 344 638 401 Sed
656 344 685 401 in
698 344 852 415 Evangelio
864 340 1047 415 scriptumll
1097 342 1198 400 Sancta
1210 345 1336 415 synodus
1348 346 1440 401 dixit:
1456 345 1609 401 hnathema
1624 345 1630 398 1

182 442 226 494 est
236 435 271 493 de
280 434 405 505 Christo,
419 436 485 505 quia
499 440 526 490 ct
536 434 717 491 manducavit
731 440 759 490 ct
769 435 844 491 bibit
856 454 863 500 3
877 435 1003 491 etludaei
1097 435 1232 490 Petronas
1251 434 1555 505 magnificentissimus
1585 433 1727 503 patricius
1742 432 1836 489 dixit:
1858 431 1885 488 Si

182 524 217 580 de
234 524 295 594 ipso
310 524 459 580 dicebant:
488 526 555 578 Ecce
580 525 656 578 homo
676 539 763 577 uorum
777 529 802 577 et
822 526 880 577 uini
898 528 1007 593 potator
1058 521 1153 593 jubes,
1164 522 1290 591 domine,
1304 523 1512 594 interrogemus
1524 521 1719 577 hmoriensem
1736 525 1765 575 et
1778 523 1888 576 Neocae-

182 611 288 686 (ltotth.
303 613 352 685 xx).
367 615 402 669 Et
416 614 452 681 si,
475 617 508 668 ut
518 611 646 668 fabulose
672 613 783 668 mentiti
800 617 877 681 sunt,
902 618 1006 668 terram
1062 611 1217 666 sartensem
1229 611 1388 680 episcopos,
1401 611 1425 665 si
1441 610 1506 665 lecti
1520 614 1588 666 sunt
1600 609 1668 665 libri
1683 610 1712 664 in
1724 608 1889 680 pseudosyl-

184 715 239 759 non
255 702 391 770 calcabat,
407 701 549 772 quomodo
563 701 701 771 scriptum
720 704 764 755 est
785 701 815 756 in
832 700 1005 773 Evangeliis,
1062 696 1126 770 logo
1140 699 1201 754 ilio.

184 791 259 861 quod
276 793 358 848 lesus
378 788 515 862 fatigatus
534 804 568 846 ex
588 790 692 846 itinere
706 790 782 846 sedit
796 790 872 846 circa
890 795 1005 860 puteum
1096 788 1252 861 Gregorius
1261 789 1444 845 Necessariae
1458 802 1491 845 ac
1507 786 1793 845 Theodorushmorii
1806 786 1891 841 inter

182 877 270 951 (Joon.
283 878 344 952 ruli
1062 877 1153 949 rogati
1170 878 1323 934 dixerunt:
1338 881 1378 934 Ne
1390 880 1483 935 Deus:
1497 879 1560 933 illic
1571 877 1645 934 liber
1663 891 1719 934 non
1742 875 1888 947 apparuit,

218 968 423 1025 Constantinus
437 968 590 1039 episcopus
603 966 782 1024 'Constantia
804 967 888 1038 Cypri
910 966 1004 1022 dixit:
1061 967 1109 1022 sed
1124 981 1174 1038 per
1189 966 1259 1024 laisa
1270 968 1388 1038 pittacia
1400 967 1582 1038 decipiebant
1598 982 1657 1024 nos.

183 1057 236 1114 llic
248 1057 321 1113 liber
335 1062 378 1113 est
392 1057 443 1128 qui
456 1058 610 1113 constituit
624 1056 871 1129 pseudosyllogum
886 1056 968 1113 illud.
1092 1056 1228 1112 Tarasius
1244 1056 1446 1114 sanctissimus
1469 1056 1631 1127 patriarcha
1650 1055 1745 1111 dixit:
1770 1054 1890 1124 Proprio

218 1146 355 1203 Tarasius
383 1145 585 1204 sanctissimus
618 1146 780 1217 patriarcha
807 1145 907 1202 dixit:
935 1145 1006 1201 Risu
1062 1144 1159 1200 animo
1175 1145 1254 1201 suasi
1268 1150 1463 1216 exposuerunt
1478 1145 1714 1216 querolueruut.

183 1235 270 1306 digna
284 1241 352 1292 sunt
365 1234 434 1291 haec.
1097 1234 1232 1290 Petronas
1243 1234 1547 1306 magnificentissimus
1560 1232 1701 1303 patricius
1723 1232 1820 1289 dixit:
1838 1233 1890 1289 Sed

219 1325 385 1382 Theodorus
402 1326 460 1382 Deo
472 1325 607 1382 amabilis
620 1326 776 1396 episcopus
786 1325 898 1381 Catane
908 1324 1004 1381 dixit:
1065 1325 1095 1378 et
1107 1336 1156 1392 per
1169 1323 1317 1394 imperiale
1329 1323 1498 1395 suffragium
1511 1327 1612 1378 cuncta
1626 1321 1781 1378 iaciebant.

183 1414 256 1471 Ecce
287 1414 361 1471 llber
388 1415 439 1486 qui
465 1415 609 1471 destruxit
638 1419 813 1471 venustatem
843 1418 931 1470 santae
955 1413 1006 1469 Dei
1100 1410 1892 1483 GregoriusepiscopusNeocaesariscdixit:Saepe,do

183 1501 326 1559 Ecclesiae.
1067 1498 1153 1567 mine,
1181 1500 1254 1568 dixi,
1280 1505 1307 1555 et
1332 1501 1435 1556 iterum
1458 1500 1535 1572 dico,
1552 1499 1620 1571 quia
1642 1499 1716 1554 liber
1739 1499 1769 1555 in
1799 1500 1891 1555 medio

220 1591 393 1661 Euthymios
402 1591 603 1647 sanctissimus
611 1591 763 1662 episcopus
771 1590 903 1646 Sardium
915 1589 1004 1645 dixit:
1064 1592 1193 1643 nostrum
1205 1594 1254 1644 ant
1266 1589 1442 1659 conscriptio
1456 1596 1571 1658 paterna
1588 1603 1644 1644 non
1663 1588 1813 1657 apparuit,
1834 1587 1890 1644 nisi

183 1678 306 1735 Docebat
323 1679 555 1736 conventiculum
572 1679 644 1736 illud
667 1679 770 1735 habere
788 1678 897 1735 librum
919 1678 1007 1733 istum
1021 1685 1048 1747 Β
1065 1675 1116 1732 illa
1126 1675 1198 1733 laisa
1210 1677 1326 1747 pittacia
1339 1677 1519 1734 deserebant:
1535 1677 1607 1732 illud
1618 1681 1714 1733 auteur
1726 1677 1892 1746 Lycomedis

186 1765 217 1822 ln
230 1767 437 1824 testimonium.
1065 1768 1093 1820 et
1107 1766 1226 1822 auditus
1242 1772 1355 1823 nostros
1370 1766 1586 1824 contaminarit.

219 1857 424 1914 Constantinus
443 1857 777 1928 episcopusconstantiae
788 1857 873 1928 Cypri
885 1855 1010 1912 dixit:0
1100 1855 1221 1911 loannes
1254 1855 1510 1912 reverendissimus
1542 1854 1698 1911 monachus
1716 1858 1745 1910 et
1767 1854 1892 1911 vicarius

184 1943 401 2016 blasphemiam,
414 1960 478 2016 qua:
494 1946 540 2002 hic
549 1949 684 2002 loannem
695 1946 857 2015 apostolum
870 1945 899 2000 in
916 1950 1010 2000 monte
1063 1941 1255 2000 Orientalium
1277 1944 1445 2013 pontiacum
1461 1943 1556 1999 dixit:
1578 1943 1606 1999 Si
1622 1943 1714 2014 placet
1736 1947 1844 1999 sancta:
1861 1957 1893 1999 ac

185 2033 332 2092 Olirarum
345 2035 419 2091 dicit
431 2033 539 2107 fugisse
551 2036 580 2091 in
592 2036 756 2105 speluncam
768 2041 894 2105 tempore
902 2032 1008 2089 crucis.
1065 2032 1221 2089 universali
1240 2032 1308 2090 huic
1327 2033 1433 2104 synodo
1462 2033 1511 2088 hat
1532 2031 1686 2091 sententia.
1714 2045 1748 2088 ne
1771 2031 1893 2089 ulterius

185 2123 369 2196 Euangelium
393 2129 487 2179 autem
503 2128 634 2194 testatur,
658 2123 727 2193 quia
750 2123 882 2180 introivit
896 2135 962 2177 cuna
976 2133 1010 2175 eo
1065 2120 1193 2177 scribant
1203 2121 1295 2191 aliqui
1311 2121 1459 2177 sordidum
1472 2121 1561 2177 istum
1577 2120 1694 2177 librum.

187 2213 333 2269 inatrium
345 2211 469 2284 caiphae,
486 2216 514 2267 et
527 2212 596 2283 qiua
610 2212 721 2268 astabat
731 2212 810 2268 cruci
825 2210 933 2267 Christi
945 2222 1010 2265 cum
1101 2210 1202 2266 Sancta
1214 2210 1340 2281 synodus
1352 2209 1443 2266 dixit:
1463 2212 1551 2266 Nemo
1570 2210 1696 2266 scribat:
1722 2225 1781 2268 uon
1801 2212 1891 2267 solum

186 2305 283 2358 sancta
296 2303 383 2357 hlatre
397 2301 468 2370 ey‘us.
1068 2297 1131 2366 hoc,
1143 2298 1190 2353 sed
1199 2297 1259 2369 igni
1269 2311 1332 2353 eum
1344 2297 1464 2369 dignum
1470 2296 1890 2366 iudicamusioretradendum.

221 2390 322 2446 Sancta
338 2387 463 2460 synodus
472 2389 550 2445 dixit
564 2407 570 2443 :
582 2389 683 2444 Omnis
695 2388 814 2445 haeresis
824 2388 854 2443 in
870 2387 924 2444 boc
937 2385 1012 2442 libro
1105 2387 1206 2443 Petrus
1217 2386 1472 2443 reverendissimus
1486 2386 1592 2442 lector:

188 2478 299 2548 pendet.

221 2565 358 2622 Tarasius
366 2566 566 2623 sanctissimus
577 2565 739 2637 patriarcba
752 2565 837 2623 dixit:
854 2566 924 2635 lleu,
940 2562 1009 2620 laeui

188 2652 318 2724 qualium
332 2654 530 2712 hereticorum
553 2654 638 2710 libris
654 2654 785 2711 haeresim
806 2667 887 2710 suam
899 2652 1013 2709 consti-

189 2741 293 2800 tuuntl
1101 2742 1214 2797 lustum
1226 2745 1320 2797 autem
1331 2739 1464 2796 arbitrati
1479 2756 1579 2798 sunaus
1597 2755 1707 2798 omnem
1733 2743 1870 2799 eorumd

1067 2527 1162 2584 Sancti
1185 2508 1369 2598 Amphilochii
1389 2530 1506 2600 cyriacopi
1526 2531 1613 2584 leonii
1635 2531 1735 2585 librum
1757 2532 1791 2586 dc
1815 2532 1910 2600 soleis

1085 2599 1357 2669 superscriptionibus
1380 2601 1574 2664 haereticorum,
1588 2602 1667 2670 eujus
1686 2603 1797 2657 initium
1822 2608 1876 2658 est:

224 2831 380 2902 Gregorius
392 2833 543 2902 episcopus
554 2831 735 2888 Neoeasariae
747 2829 840 2886 dixit:
857 2829 909 2884 llic
924 2829 1012 2885 codex
1068 2830 1177 2886 nudare
1190 2829 1375 2899 impietatem,
1391 2834 1419 2886 et
1430 2830 1577 2900 publicare
1594 2837 1736 2900 patentem
1758 2846 1926 2893 errorem

189 2917 268 2974 omni
298 2919 468 2991 contagione
489 2933 522 2975 ac
548 2918 733 2976 dehonestate
766 2924 809 2974 est
835 2917 951 2988 dignus.
978 2917 1013 2973 Et
1068 2918 1204 2989 quoniam
1225 2924 1252 2974 et
1272 2918 1363 2974 libros
1383 2919 1519 2990 quosdam
1545 2924 1708 2989 proponunt
1730 2921 1875 2991 superseri

191 3006 373 3077 protulerunt
382 3021 417 3063 ex
428 3021 461 3064 eo
472 3007 669 3064 testimonium
681 3012 779 3065 contra
790 3006 939 3079 imagines,
950 3018 1013 3075 quae
1028 3007 1052 3070 G
1070 3008 1182 3077 ptiones
1193 3007 1328 3063 habentes
1342 3008 1547 3077 apostolorum,
1561 3021 1609 3078 per
1622 3021 1694 3078 quos
1702 3009 1831 3080 simplici
1869 3031 1937 3060 ιν

190 3101 259 3153 sunt
271 3096 469 3167 deLycomode
483 3096 655 3166 conscripta.
1068 3109 1197 3166 quosque
1209 3095 1360 3165 decipiunt
1373 3091 1431 3168 {Gn
1453 3096 1519 3150 odd.
1536 3097 1570 3151 Et
1589 3097 1673 3165 paulo
1690 3102 1775 3166 post:
1800 3098 1864 3154 oue
1914 3129 1928 3155 ι

225 3186 347 3241 loannes
372 3185 628 3242 reverendissimus
655 3186 811 3242 monachus
834 3190 861 3240 et
887 3183 1015 3240 vicarius
1068 3183 1169 3239 demus
1180 3183 1256 3238 euim
1271 3183 1323 3240 hos
1339 3183 1438 3250 libros,
1455 3199 1526 3255 qnos
1538 3184 1622 3240 nobis
1637 3184 1658 3239 ii
1672 3183 1822 3254 proterunt
1842 3193 1934 3257 qur·

189 3272 383 3331 Orientalium
396 3274 636 3344 patriarcharum,
649 3273 741 3329 dixit:
761 3273 876 3330 inducit
888 3274 1016 3343 Lycome-
1069 3271 1105 3329 ab
1114 3272 1240 3327 Ecclesia
1259 3272 1450 3343 desciverunt,
1468 3286 1523 3328 non
1541 3272 1735 3342 apostolorum
1748 3279 1924 3351 actaessae,

190 3361 255 3419 dena
269 3369 450 3419 coronantem
463 3362 616 3435 imaginem
625 3362 759 3433 apostoli,
772 3360 1013 3433 quemadmodum
1069 3361 1117 3416 scd
1137 3361 1297 3416 daemonum
1318 3357 1451 3434 scripta]
1465 3361 1499 3415 Et
1512 3367 1576 3430 post
1597 3360 1673 3416 alia:
1694 3363 1759 3418 llaec
1776 3363 1916 3433 quiden

191 3451 293 3522 pagani
307 3451 393 3508 idola.
1067 3451 1188 3505 loannes
1209 3446 1356 3517 apostolus
1379 3461 1556 3518 nequaquam
1583 3448 1692 3504 diceret
1713 3450 1840 3507 srribens
1868 3452 1908 3513 in

224 3539 350 3598 Basilius
373 3541 525 3611 episcopus
547 3539 664 3610 Ancyrae
687 3539 786 3595 dixit:
812 3537 904 3596 absit,
937 3536 1012 3605 quod
1068 3536 1231 3609 Evangelio,
1248 3537 1316 3606 quia
1331 3526 1470 3593 Dominus
1483 3537 1511 3592 in
1527 3537 1716 3593 cruccdicit:
1739 3541 1806 3594 Ecce
1818 3539 1902 3610 plius

189 3635 306 3686 sanctus
314 3631 436 3685 loannes
450 3628 604 3697 deiloquus
619 3625 912 3697 contralivangelium
928 3638 1011 3678 suum
1067 3631 1130 3682 tuus
1144 3628 1233 3694 (Jouu.
1251 3627 1309 3700 xxv)
1322 3645 1328 3680 :
1342 3627 1382 3682 ita
1394 3632 1451 3683 uta
1463 3628 1511 3683 dic
1523 3627 1574 3684 illa
1597 3627 1760 3699 susciperet
1772 3631 1893 3687 loannes

188 3717 290 3775 effatus
304 3716 351 3772 sit.
1066 3715 1184 3770 llariam
1195 3715 1225 3770 in
1236 3729 1298 3771 sua.
1308 3713 1454 3783 Quomodo
1465 3729 1532 3788 ergo
1544 3715 1591 3771 hic
1601 3716 1889 3774 dicitnonadluissei
1932 3697 1938 3752 ⁴¹

223 3804 358 3860 Tarasius
381 3803 582 3859 sanctissimus
604 3802 767 3873 patriarcha
792 3800 886 3856 dixit:
906 3799 1012 3854 Sensus
1067 3804 1114 3859 sed
1135 3803 1209 3858 nibil
1229 3803 1410 3859 exiraneum:
1428 3804 1505 3861 sicut
1529 3804 1605 3859 enim
1626 3805 1769 3862 Dominus
1787 3806 1880 3862 veritas

189 3893 240 3962 qui
257 3891 381 3962 praelecti
394 3899 472 3964 sunt,
487 3891 634 3963 Evangelii
650 3890 741 3946 sunt‘l
1065 3898 1109 3947 est
1120 3890 1206 3961 (Jouu.
1223 3892 1291 3964 xxv),
1306 3891 1489 3948 itadiabolus
1507 3892 1626 3949 mendax
1650 3898 1694 3949 est
1716 3891 1802 3967 (Joou.
1815 3893 1872 3963 riui
1913 3882 1938 3946 ¹.

221 3980 323 4035 Sancta
346 3981 472 4050 synodus
491 3981 584 4037 dixit:
617 3979 715 4036 hbsit:
735 3992 825 4049 neque
851 3991 914 4048 quan
934 3989 1011 4045 prae-
1065 3979 1204 4036 llleenim
1216 3980 1607 4050 mendaxestetpaterey’us:
1630 3986 1659 4039 et
1681 3982 1871 4054 cumloquitur
1910 4008 1927 4049 ,-

187 4067 259 4124 lecta
271 4073 339 4124 sunt
350 4070 537 4141 suscipimus,
552 4083 642 4140 neque
655 4069 757 4124 ultima
768 4066 943 4138 Lycomedis.
1067 4069 1257 4139 mendacium,
1276 4083 1311 4126 ex
1328 4084 1381 4126 sno
1403 4068 1543 4140 loquitur.
1565 4070 1617 4128 Sed
1641 4071 1701 4127 hec
1721 4072 1829 4143 quidem
1843 4067 1868 4124 de
1911 4118 1933 4131 .

221 4153 1012 4227 Tarasiussanctissimuspatriarchadixit:Quisusci·
1066 4158 1222 4215 mendacio.
1925 4193 1930 4196 -

186 4245 230 4317 pit
241 4248 364 4304 secunda
389 4261 452 4318 quaa
470 4248 505 4304 de
524 4247 677 4317 Lycomede
692 4251 769 4317 sunt,
786 4244 910 4314 suscipit
922 4242 1008 4299 etiam
1100 4248 1236 4305 Tarasius
1268 4249 1469 4306 sanctissimus
1499 4250 1664 4320 patriarcha
1695 4250 1863 4308 dixitziater

184 4341 214 4391 et
224 4334 326 4408 prima,
342 4336 579 4407 quemadmodum
594 4341 622 4391 et
637 4334 886 4405 pseudosyllogum
899 4331 983 4389 illud.
1022 4324 1050 4386 D
1066 4341 1161 4392 noster
1173 4342 1290 4395 sauctus
1302 4337 1523 4408 Amphilochius
1543 4352 1663 4411 magnus
1678 4343 1732 4411 est,
1750 4344 1776 4396 et
1788 4332 1862 4393 sudu
1931 4367 1938 4378 ·

219 4425 321 4481 Sancta
331 4425 457 4496 synodus
471 4425 562 4481 dixit:
578 4424 735 4480 anathema
748 4424 825 4480 illi-a
845 4425 936 4493 prima
953 4427 1007 4484 lit-
1064 4439 1128 4482 mus
1142 4426 1212 4496 quid
1228 4427 1306 4483 dicat
1319 4428 1354 4483 de
1364 4427 1537 4483 circuitibus
1552 4428 1599 4483 bis
1610 4429 1660 4499 qui
1680 4427 1747 4485 taisi
1761 4417 1860 4484 noniuit
1907 4422 1911 4427 '
1933 4455 1938 4466 ·

185 4515 605 4587 temusqueadnorissimam.
733 4522 742 4539 ’
832 4588 835 4593 ¹
1060 4519 1144 4571 sunt:
1171 4522 1287 4586 propter
1310 4517 1385 4587 quod
1412 4531 1467 4572 uon
1486 4531 1537 4573 nos
1559 4521 1672 4587 oportet
1697 4530 1793 4590 parere
1815 4507 1861 4569 sal
1929 4551 1938 4558 -

216 4603 338 4660 ioannes
359 4603 616 4660 reverendissimus
642 4603 799 4660 monachus
822 4608 850 4660 et
879 4604 1006 4663 vicarius
1060 4604 1212 4675 scriptioni
1237 4602 1312 4679 [Gr.,
1335 4606 1529 4677 inscriptioni,
1553 4601 1806 4680 superscriptioni]
1825 4600 1859 4668 il·

182 4690 1002 4767 0rientalinmpatriarcharumdixit:Ecce,beatiPatres,
1060 4709 1167 4751 sorum.
1914 4678 1931 4781 θ

184 4778 1005 4853 liquidodemonstratumestquiapresulesChristianos
1097 4783 1221 4841 basilius
1255 4785 1455 4842 sanctissimus
1474 4784 1627 4855 episcopus
1651 4776 1856 4858 ancyreduit
1930 4815 1931 4822 κ

182 4872 345 4928 accusantis
370 4872 509 4927 haereseos
542 4872 679 4928 veraciter
699 4873 956 4930 communicatores
977 4879 1006 4930 ct
1059 4873 1139 4928 Nihil
1151 4874 1383 4944 ampliussancto
1396 4874 1691 4947 resultathvungelio,
1702 4863 1858 4948 quantuni
1917 4868 1928 4895 ²

182 4961 338 5031 participes
349 4965 417 5018 sunt
427 4960 688 5018 Nabuchodonosor
698 4969 727 5018 ct
747 4963 1002 5034 Samaritanorum,
1061 4961 1314 5033 hacconscriptio.
1336 4963 1543 5018 convenienter
1557 4963 1722 5034 ergoctinm
1737 4966 1770 5020 de
1783 4952 1858 5027 inagl·
1915 5016 1926 5041 ι

181 5048 275 5105 adhuc
286 5050 373 5106 etiam
381 5051 540 5106 ludaeorum
550 5056 636 5120 atquc
646 5051 809 5121 gentilium,
820 5052 889 5122 quin
906 5053 1004 5123 potius
1059 5050 1147 5105 nibus
1161 5051 1334 5107 contrariam
1349 5051 1513 5122 opinionem
1528 5050 1621 5107 habet,
1919 5106 1924 5113 ,

181 5138 308 5193 etaDeo
321 5138 481 5193 alienorum
494 5151 526 5193 ac
539 5138 1001 5212 maledictorumManichaeorum,
1094 5139 1299 5196 sanctissimus
1324 5140 1486 5209 patriarcha
1509 5140 1606 5196 dixit:
1639 5142 1786 5212 Sapienter
1806 5135 1860 5215 [Gor
1922 5130 1930 5203 .’

181 5239 302 5297 quorum
323 5226 519 5282 testimonium
542 5227 694 5296 protulere.
715 5229 784 5281 Nam
814 5227 873 5282 hec
903 5243 1002 5285 corum
1059 5227 1186 5303 liquido]
1207 5231 1287 5284 l‘atcr
1298 5228 1632 5299 publicatconiusionem
1646 5236 1673 5286 et
1686 5231 1864 5303 garrulitatem
1928 5278 1931 5283 .

100 5314 104 5321 '
179 5319 257 5385 suut,
272 5315 322 5386 qui
345 5314 522 5385 phantasiam
543 5318 643 5384 gruunt
665 5314 840 5370 incarnatam
858 5316 1004 5387 dispensa·
1058 5318 1145 5388 huius
1157 5318 1275 5374 codicis.

98 5457 101 5461 .
179 5404 285 5462 tionem
313 5405 364 5460 Dei
381 5403 477 5459 Verbi.
493 5402 545 5458 Sed
565 5402 604 5458 sit
618 5402 661 5458 eis
672 5403 822 5459 anathema
845 5406 961 5477 pariter,
974 5413 1002 5464 et
1092 5407 1193 5462 Sancta
1208 5406 1334 5476 synodus
1351 5407 1562 5478 dixitthiam,
1579 5407 1705 5466 domine.

178 5493 352 5565 conscriptis
364 5505 473 5550 eorum.
1091 5495 1270 5566 nicephorus
1284 5495 1486 5553 sanctissimus
1499 5495 1653 5568 episcopus
1672 5499 1822 5572 Dyrrachii
1836 5498 1872 5557 di
