3876 6090
81 320 83 324 r
112 261 166 320 iss
495 258 767 316 mruuruuihito
785 259 908 318 SYNODI
927 261 986 317 VIII
1006 260 1260 318 densatus-
1278 263 1379 321 herio
1397 265 1434 319 X.
1622 268 1625 276 '
1763 260 1816 321 486

112 389 191 443 mni:
216 385 376 440 intellectus
399 387 489 439 entem
513 382 598 438 honus
625 383 748 438 munibus
771 385 936 453 facientibus
948 385 979 447 Α
993 385 1150 455 praesertim
1186 385 1251 441 vivo
1285 384 1379 441 adhuc
1414 383 1542 457 legitimo
1579 386 1705 442 eeclesiae
1739 389 1810 444 viro.

110 492 168 530 enne
181 473 269 545 (Psot.
282 473 332 544 cx)
346 474 410 529 Non
419 472 495 527 enlm
509 475 620 527 mutum
632 471 693 541 ipse
705 485 760 528 non
771 471 936 529 abseessIta
1026 471 1067 529 hd
1078 478 1235 529 extremum
1260 478 1354 529 anum
1370 488 1426 529 non
1449 473 1617 545 obaudiens,
1630 488 1647 528 a
1658 474 1773 531 Christo
1785 481 1814 531 et

112 564 204 635 malis,
247 561 292 617 vel
322 565 425 631 prater
452 560 604 616 canonicas
643 560 805 616 sanctiones
833 575 937 631 peper-
991 561 1027 617 ab
1041 562 1180 631 apostolis
1199 562 1310 633 accepit
1321 562 1480 618 anathema.
1495 563 1572 618 Tunc
1586 576 1663 634 ergo,
1677 568 1745 619 tnnc
1757 577 1819 619 ama

110 654 160 723 eit,
185 664 252 707 enm
280 654 358 706 esset
386 648 478 705 laicus
505 646 712 703 didascalicum
746 649 803 705 sihi
833 663 933 706 nomen
991 649 1068 720 plius
1092 648 1813 722 turcus,etasnisscnstihusetabomnirationa-

112 743 268 811 imponere,
303 743 333 794 et
365 736 492 807 separari
520 748 536 790 a
564 736 673 791 Christi
710 736 846 806 Ecclesia,
885 738 933 794 sed
990 738 1043 794 hili
1059 738 1813 812 menteprocnlelleetus,liuguameuacnitetiamad-

111 837 138 887 et
166 829 257 885 mum
291 826 386 882 colere
419 824 553 895 volentes,
592 825 670 880 omni
706 824 934 883 machinamento
988 841 1089 883 versus
1112 827 1252 897 eumdem,
1275 827 1472 885 beatissimum
1497 828 1630 885 videlicet
1653 842 1763 900 papam,
1782 833 1811 886 et

113 932 189 986 usus,
233 915 346 972 alienos
383 913 558 970 constitere
587 924 603 967 a
631 913 711 982 lusto
746 917 813 970 voto
850 912 935 970 lesti-
990 915 1227 987 quemadmodum
1239 914 1341 972 tabulae
1351 916 1811 989 hippocentaurosettragelaphos

111 1006 207 1077 navit,
246 1007 280 1060 nt
311 1003 341 1058 in
376 1002 429 1059 illo
466 1001 632 1071 impleretur
671 1006 767 1072 aperte
800 1003 936 1059 Domini-
990 1003 1102 1075 tingunt
1122 1009 1151 1060 et
1163 1002 1296 1076 formant,
1322 1004 1361 1060 ita
1374 1018 1488 1075 qnoque
1508 1009 1536 1060 et
1560 1005 1621 1075 ipse
1642 1007 1811 1062 stercorales

110 1108 170 1151 cum
199 1092 361 1164 eloquium,
389 1088 463 1162 quod
496 1090 617 1145 asserit:
648 1090 695 1144 Va
719 1091 804 1154 nobis,
835 1090 935 1146 Scriba
990 1091 1505 1162 quosqneetsnbulcosaplateis,et
1524 1089 1702 1167 eujns[sort.
1717 1092 1808 1170 vicis]

109 1184 296 1246 etthei-teet,
315 1181 383 1251 quin
407 1195 454 1235 nos
472 1195 527 1234 non
551 1181 664 1235 intretis
682 1182 713 1234 in
732 1196 845 1248 repnum
870 1181 930 1242 Dei,
989 1180 1150 1235 conducens
1179 1180 1266 1249 viros,
1289 1185 1317 1236 et
1348 1181 1472 1236 vicarios
1492 1195 1540 1237 eos
1571 1181 1694 1238 aliarum
1722 1183 1809 1240 trium

109 1273 154 1328 sed
171 1275 310 1326 intrantes
325 1269 476 1340 prohibetis
500 1267 581 1338 (hnc.
597 1268 641 1341 rr)
655 1287 664 1322 :
680 1270 798 1339 insuper
822 1275 851 1324 et
874 1283 936 1340 pec·
988 1268 1101 1324 sedium
1129 1268 1286 1341 appellans,
1312 1275 1398 1340 atquc
1428 1283 1597 1340 proponens,
1627 1272 1811 1342 presumpsu

110 1367 198 1418 eitum
224 1373 314 1430 super
336 1361 481 1429 peccatum
493 1356 641 1429 copulans,
665 1358 823 1428 perstruxit
846 1363 878 1414 ut
889 1372 935 1414 ex·
988 1356 1123 1427 synodale
1154 1358 1305 1430 imaginari
1336 1358 1481 1428 judicium
1513 1372 1647 1429 personas
1676 1372 1812 1417 accusan-

112 1449 263 1522 pelleretnr
275 1447 312 1503 ab
328 1446 454 1503 Ecclesia
478 1445 626 1518 legitimus
638 1447 833 1502 eteanonicns
851 1447 934 1503 illius
988 1445 1061 1502 tium
1084 1451 1113 1501 et
1133 1452 1329 1503 accusatorum
1352 1453 1381 1503 et
1403 1448 1530 1517 tostinus,
1548 1455 1576 1503 et
1594 1449 1808 1519 imperatorum,

111 1535 247 1610 pontifex,
261 1540 292 1592 et
310 1548 441 1591 summus
462 1532 599 1604 pontifex,
617 1539 713 1604 pastor
731 1534 933 1591 sanctissimus
988 1541 1016 1591 et
1037 1541 1210 1607 magnatum,
1233 1541 1261 1590 et
1277 1536 1573 1606 metropolitanorum,
1596 1537 1678 1606 quasi
1703 1538 1731 1592 in
1756 1555 1811 1597 su·

111 1623 271 1697 patriarcha
283 1624 429 1696 ignatius:
442 1627 470 1678 et
483 1622 603 1679 latronis
616 1636 703 1691 more,
715 1623 930 1695 atqueadulter,
988 1630 1098 1694 spectas
1126 1625 1235 1697 lingens
1257 1631 1286 1681 et
1311 1624 1461 1697 simulans,
1485 1630 1514 1682 et
1538 1626 1746 1700 hujuscemodi,
1778 1634 1811 1685 ut

112 1717 138 1771 in
149 1713 236 1770 illlus
247 1714 343 1770 wem
357 1712 514 1784 ingressus,
526 1711 646 1767 multam
659 1711 774 1782 quidem
787 1716 934 1782 tempesta·
949 1711 974 1771 Β
988 1714 1115 1785 putabat,
1128 1714 1261 1784 deposuit
1285 1715 1483 1786 inverecunde,
1496 1720 1525 1770 et
1540 1715 1713 1772 anathemati
1738 1718 1811 1774 suh-

112 1803 389 1860 temadversuseum
399 1800 567 1856 commovit:
582 1800 782 1870 pluresautem
796 1800 934 1870 proeellas
989 1804 1071 1860 misit
1097 1803 1294 1859 beatissimum
1311 1816 1412 1873 papam
1432 1803 1591 1875 Nicolaum,
1605 1811 1742 1862 etomues
1765 1808 1809 1864 illi

112 1898 136 1948 et
152 1896 243 1947 astus
267 1895 367 1946 eontra
380 1889 545 1945 resistentes
570 1887 639 1957 sibi,
658 1892 687 1943 et
709 1893 934 1960 propugnatores
987 1892 1241 1963 communicantes,
1253 1905 1345 1963 neque
1354 1891 1514 1947 summitati
1529 1893 1601 1964 ejus,
1619 1907 1719 1965 neque,
1734 1896 1809 1966 qnod

112 1979 250 2049 veritatis,
263 1983 293 2034 et
311 1976 495 2033 valentiorem
520 1976 723 2034 turbationem.
736 1981 765 2031 et
776 1977 933 2034 tumultum
988 1981 1079 2052 magis
1096 1986 1148 2052 est,
1174 1980 1307 2036 Ecclesia
1327 1993 1418 2050 qnaea
1437 1979 1545 2036 lluihns
1557 1995 1648 2052 usqne
1670 1982 1704 2037 ad
1726 1983 1810 2044 tinem

112 2066 300 2125 saulssimum
314 2066 345 2122 in
357 2079 468 2122 omnem
481 2065 575 2122 locum
597 2064 647 2135 qni
661 2063 715 2120 snb
727 2065 798 2121 coelo
810 2071 854 2121 est
868 2066 945 2123 dis«
988 2075 1099 2126 constat
1112 2069 1171 2125 ullo
1187 2068 1270 2124 modo
1283 2081 1410 2138 parcens,
1431 2082 1495 2138 quac
1512 2069 1647 2126 videlicet
1657 2070 1715 2125 Deo
1727 2084 1811 2127 acce

112 2158 196 2229 persit
209 2176 216 2212 :
238 2170 296 2227 pra
309 2154 444 2211 omnibus
456 2155 486 2210 iu
499 2159 637 2224 pastorem
660 2153 775 2223 quidem
789 2168 932 2227 magnum,
989 2164 1037 2229 pto
1051 2158 1094 2213 illi
1106 2161 1134 2213 ct
1144 2155 1252 2212 Christi
1265 2156 1404 2212 imitatori
1415 2160 1444 2210 et
1457 2169 1556 2227 magno
1569 2156 1697 2226 pontiflci
1712 2159 1809 2227 procul

115 2246 405 2303 deindeveroeontra
428 2243 609 2313 miuoresqne
627 2248 762 2313 pastores,
777 2246 933 2301 secundnm
988 2246 1327 2316 dubiocommnnicabat,
1348 2246 1400 2302 Sed
1424 2245 1610 2302 scientiarum
1623 2247 1812 2318 Dominus,et

114 2334 310 2406 propheticum
323 2332 451 2402 allatum,
477 2332 631 2389 extendens
644 2334 788 2405 propriam
798 2333 934 2408 lmannm,
991 2337 1157 2395 manifestas
1176 2339 1241 2409 ejus
1262 2336 1416 2408 nequitias,
1435 2341 1464 2391 et
1482 2349 1545 2406 quae
1567 2335 1687 2391 latenter
1706 2333 1812 2392 iecerat

113 2422 315 2494 percutientem
328 2425 418 2477 coset
438 2421 638 2494 flagellantem,
652 2424 936 2480 etvarieacdiverse
990 2441 1075 2497 opera
1099 2426 1290 2496 tenebrarum,
1315 2423 1342 2480 id
1367 2429 1411 2480 est
1427 2423 1517 2480 libros
1538 2423 1719 2495 vaniloquos,
1739 2438 1813 2494 qnos

111 2511 292 2585 affligentem,
316 2515 346 2566 et
367 2515 569 2582 coarctantem,
593 2515 623 2567 et
646 2513 729 2569 modo
753 2513 870 2584 quidem
890 2527 937 2583 po
991 2517 1163 2572 llcteeontra
1178 2513 1376 2570 beatIssimum
1389 2525 1490 2583 papam
1508 2511 1591 2567 illum
1604 2517 1814 2582 contempserat

111 2606 196 2656 untoe
219 2598 369 2670 deponens
391 2598 567 2668 desedihus,
592 2601 753 2657 modovero
776 2602 884 2658 carceri
908 2606 937 2658 et
992 2605 1126 2674 intuens3
1141 2604 1216 2660 unde
1236 2603 1310 2658 dicit
1331 2601 1516 2672 propheticus
1530 2613 1640 2656 sermo:
1667 2599 1744 2655 Oculi
1764 2603 1814 2655 lto

111 2689 246 2746 custodiae
258 2688 437 2759 mancipans,
451 2693 480 2743 et
492 2687 719 2757 perdintnrnam
733 2688 834 2746 famem
850 2691 934 2747 morti
990 2695 1059 2748 mini
1070 2693 1168 2747 eccelsi
1179 2693 1268 2761 aperti
1278 2692 1309 2745 in
1321 2689 1636 2751 omnesniosbominnm,
1650 2688 1738 2742 uidet
1753 2691 1814 2743 nni·

111 2778 318 2843 transmittens,
332 2789 537 2847 nonnunquam
560 2778 645 2833 etiam
660 2778 822 2851 longissimi
837 2785 865 2835 et
876 2795 936 2836 sae-
991 2780 1247 2853 cniqne2secnndum
1258 2781 1331 2834 niem
1343 2794 1431 2840 sunm,
1444 2782 1470 2832 et
1481 2777 1629 2832 secundum
1639 2778 1746 2844 tructus
1758 2777 1816 2831 ad-

111 2867 149 2923 ris
158 2866 274 2924 exilliis
288 2866 428 2938 relegans,
440 2866 514 2921 etad
536 2866 614 2936 ipsas
625 2866 743 2939 abigens
756 2868 836 2924 orbis
848 2874 937 2926 extre-
990 2872 1175 2925 inventionum
1188 2870 1247 2937 ejns
1259 2866 1347 2939 (Prot.
1359 2880 1413 2922 nxv
1422 2865 1440 2938 t,
1454 2864 1599 2922 commisit
1611 2864 1813 2934 imperatorum

111 2957 239 3012 mimtes:
267 2967 476 3025 nonnunquam
499 2968 565 3011 vero
588 2956 711 3011 caenosis
734 2960 763 3012 et
781 2955 881 3012 letidis
904 2972 936 3014 ae
992 2972 1110 3030 regnum
1123 2957 1315 3027 principatum
1327 2955 1435 3011 Basilio
1453 2954 1624 3024 pheronymo
1636 2952 1763 3022 domino,
1779 2951 1814 3006 de

110 3044 266 3103 tenebrosis
280 3043 363 3105 loeis,
377 3057 441 3114 qua
455 3044 556 3099 mortis
577 3045 706 3100 umbram
720 3047 853 3102 convenit
864 3047 934 3118 dici,
951 3030 976 3095 C
992 3043 1554 3118 quoallariliquidonniversitntislleum
1564 3040 1754 3097 arbitramur:
1770 3042 1815 3094 ln·

109 3133 292 3205 concludens,
306 3131 502 3203 possessiones
511 3133 639 3189 diversas
653 3131 796 3205 auterens,
810 3148 890 3190 casas
906 3135 935 3190 in
989 3136 1149 3189 neninirum
1159 3133 1306 3189 secundnm
1316 3147 1361 3186 eor
1367 3144 1464 3201 meum,
1476 3131 1524 3200 qut
1532 3132 1615 3198 societ
1624 3129 1815 3183 omncsootun-

109 3222 254 3280 montibus
261 3221 367 3277 virtuti
375 3221 625 3291 operamdantinm
635 3222 936 3293 etphilosophantinm
991 3219 1349 3292 tatesrneas(litep,nv1),
1364 3221 1520 3276 secundnm
1535 3218 1647 3273 heatnm
1662 3230 1753 3287 regem
1763 3216 1814 3271 Da-

109 3311 291 3380 eomhnreus,
304 3314 342 3380 et,
357 3315 390 3365 ut
402 3308 532 3366 absolute
544 3310 670 3380 dicatur,
684 3324 795 3367 omnem
808 3311 937 3369 afflictio
990 3309 1049 3365 vid.
1061 3310 1112 3365 llic
1124 3310 1201 3364 enim
1215 3308 1427 3364 meditullanem
1437 3319 1545 3377 ponens
1556 3305 1585 3359 in
1596 3304 1680 3360 eorde
1693 3316 1745 3359 sno
1757 3316 1814 3358 am·

109 3404 210 3455 namet
222 3386 444 3454 tribulationem
463 3396 570 3454 taciens
582 3399 696 3469 corpori
709 3398 817 3456 Christi
831 3402 935 3474 ethei,
993 3397 1093 3453 balare
1114 3396 1269 3452 meandum
1288 3396 1363 3450 viam
1384 3395 1445 3462 hei,
1465 3399 1494 3449 et
1512 3392 1659 3449 custodire
1682 3391 1813 3446 mandata

111 3489 156 3558 qni
165 3492 211 3544 est
224 3486 451 3557 eaputomninm
463 3492 607 3543 nostrum:
623 3501 679 3542 non
691 3488 767 3543 enim
781 3488 887 3545 habens
901 3504 935 3546 ex
989 3486 1062 3556 ejus,
1077 3484 1198 3540 maxime
1207 3497 1272 3539 vero
1287 3482 1511 3552 experimentum
1523 3479 1629 3535 hahens
1638 3490 1736 3534 eornm
1750 3491 1812 3547 qnae

109 3575 202 3647 aliqua
223 3575 413 3631 beneteentta
441 3574 667 3647 qualemcunque
687 3578 872 3633 reverentiam
892 3580 935 3635 vel
990 3588 1082 3644 nuper
1104 3573 1210 3642 injuste
1222 3576 1250 3626 et
1269 3571 1369 3641 inique
1379 3576 1441 3625 acta
1459 3572 1536 3639 sunt,
1552 3567 1630 3623 clara
1649 3578 1768 3636 quaeque
1783 3569 1812 3620 et

108 3662 195 3721 adsui
206 3661 617 3734 receptionemdehnjusmodi
628 3665 937 3722 eonatihnsettemeri·
992 3666 1068 3719 certa
1086 3660 1328 3729 stoicorumque
1347 3671 1403 3714 non
1415 3655 1588 3728 apparebant
1600 3652 1668 3710 lecit
1689 3653 1808 3708 indicia.

109 3750 512 3822 tatibus,stabiliriscpraeter
521 3750 659 3807 rationem
668 3758 798 3822 oportere
806 3752 934 3823 putabat,
989 3752 1025 3807 Et
1036 3749 1165 3821 egregios
1175 3747 1291 3818 quidem
1303 3746 1498 3817 eptseopos,et
1508 3745 1642 3800 ductores
1651 3740 1810 3797 monachici

109 3853 167 3897 eum
179 3844 258 3896 esset
271 3838 412 3894 honorum
428 3838 570 3910 inexpers,
581 3844 610 3894 et
619 3841 757 3896 veraciter
771 3840 933 3911 imperitus.
990 3837 1112 3906 ordinis,
1123 3836 1285 3906 disiunctos
1295 3834 1362 3890 hinc
1376 3840 1405 3890 ct
1415 3834 1561 3903 dispersos
1573 3831 1728 3901 aspiciens,
1740 3843 1812 3886 uec-

111 3930 175 3985 tium
195 3929 248 4000 qni
267 3927 410 3983 convertit
427 3925 581 3997 prudentes
605 3933 771 4001 retrorsum,
789 3935 817 3985 et
835 3932 936 3987 consi·
991 3931 1086 3983 nonet
1101 3924 1212 3995 eosqui
1233 3924 1263 3979 ih
1278 3923 1410 3979 solitaria
1429 3922 1488 3976 vita
1513 3919 1600 3990 positi
1613 3918 1770 3991 angelicam
1782 3922 1811 3973 et

111 4015 175 4073 lium
201 4030 304 4073 eorum
320 4013 454 4085 infatuat,
480 4021 513 4072 nt
527 4017 569 4071 ait
593 4017 729 4088 propheta
752 4017 824 4089 (isc.
839 4020 933 4093 xciv),
989 4015 1130 4071 eoelestem
1149 4014 1258 4069 sincere
1272 4010 1514 4067 conversationem
1533 4007 1706 4079 dirigebant,
1721 4007 1812 4077 qnin-

109 4106 245 4162 convertit
258 4118 336 4175 enm,
349 4109 378 4159 et
400 4104 497 4160 omnia
511 4105 619 4176 studia,
643 4121 707 4177 qnae
720 4109 802 4178 quasi
816 4110 850 4165 ad
866 4124 936 4179 pro-
990 4104 1047 4160 imo
1057 4108 1085 4158 et
1096 4103 1162 4159 illos
1176 4102 1226 4173 qui
1240 4105 1377 4172 potestate
1391 4114 1424 4156 ac
1438 4103 1584 4169 potentatu
1595 4096 1708 4166 prediti
1722 4096 1810 4152 bonas

111 4195 195 4263 priam
205 4193 440 4251 commoditatem
464 4200 621 4266 paraverat,
634 4197 668 4252 ad
687 4195 885 4254 contusionem
906 4205 935 4256 et
989 4192 1139 4262 opiniones
1155 4191 1291 4259 ferebant,
1308 4189 1448 4246 exsecrari
1466 4199 1641 4259 pervasorem
1655 4191 1684 4242 et
1695 4184 1811 4241 adulte-

111 4282 294 4353 opprohrium
306 4287 336 4337 et
359 4282 534 4338 eversionem
553 4288 639 4355 atque
663 4285 800 4342 ruinam:
827 4296 933 4358 equanto
989 4296 1063 4352 rum,
1078 4283 1166 4339 veluti
1177 4282 1263 4337 aliam
1279 4279 1431 4350 qnamdam
1451 4276 1692 4332 abominationem
1703 4273 1811 4330 desola-

109 4371 178 4427 enim
205 4371 257 4427 ille
282 4371 472 4441 persuadebat
494 4371 550 4427 sibi
575 4387 639 4443 quae
658 4375 692 4430 ad
719 4377 862 4447 propriam
885 4392 934 4434 se-
948 4368 975 4428 D
989 4363 1810 4442 tionisintnens,et,vidensqnodomnirationedigninset

110 4459 256 4515 caritatem
282 4459 426 4529 pertinere
449 4459 631 4533 videbantur,
656 4467 735 4519 tanto
754 4467 845 4537 maqls
868 4482 935 4523 om-
991 4461 1333 4532 pratentinsest,videns
1356 4459 1431 4530 qnod
1443 4458 1540 4514 senior
1551 4458 1638 4513 ltoma
1658 4454 1811 4524 projiceret

110 4547 152 4603 eia
175 4548 360 4619 prospiciens
375 4549 488 4620 oculus,
511 4563 543 4606 ca
568 4550 598 4606 iu
618 4554 791 4610 contrariam
814 4556 934 4625 opinio·
988 4555 1103 4620 enm,et
1117 4550 1226 4606 crebris
1247 4549 1460 4622 redargutionis
1475 4561 1534 4604 snae
1557 4546 1807 4614 verbis.tanquam

111 4648 165 4693 uem
191 4635 333 4706 vertebat,
358 4638 511 4694 ostendens
534 4653 598 4695 eum
616 4640 716 4697 dedic
741 4643 771 4698 in
788 4645 876 4717 diem,
901 4651 934 4701 nt
988 4639 1160 4711 quibusdam
1170 4640 1285 4711 jaculis,
1299 4639 1447 4710 sauciarit,
1468 4637 1629 4693 transmisit
1640 4637 1722 4693 celus
1733 4638 1808 4694 hunc

110 4724 303 4782 terebinthum
323 4725 445 4795 abjectis
458 4725 547 4798 loliis,
562 4735 590 4785 et
602 4730 679 4786 sicut
692 4732 806 4790 hortum
829 4747 932 4804 aquam
987 4730 1022 4785 ad
1031 4729 1161 4785 debitum
1170 4730 1227 4786 sibi
1239 4730 1516 4802 ignominiaeloeum,
1526 4736 1554 4785 ct
1564 4728 1809 4786 thronotlonstau-

110 4813 288 4880 penitusnon
301 4812 462 4870 habentem.
475 4816 528 4871 Sed
540 4819 675 4887 quoniam
686 4819 722 4875 ab
732 4820 931 4879 beatissimum
987 4820 1148 4890 tinopoleos
1161 4821 1308 4890 proprium
1330 4820 1491 4891 pontilieem
1507 4821 1663 4877 seeundum
1687 4817 1808 4889 synodi-

110 4911 200 4972 tepam
213 4901 368 4958 Nicolaum
381 4903 507 4960 senioris
519 4905 613 4962 Roma
625 4908 762 4978 epistolas
774 4916 803 4966 et
824 4911 933 4984 legatos
986 4924 1052 4966 cum
1075 4911 1220 4981 judicium
1247 4911 1437 4967 sanctissimae
1460 4911 1651 4967 homanorum
1674 4909 1807 4966 Ecclesia

109 5002 174 5062 sepe
186 4990 320 5060 mittens,
333 4997 363 5046 et
375 4989 584 5063 huncjndicem
598 5010 684 5053 suum
696 4998 816 5072 eilgens,
830 5007 858 5055 et
872 5015 933 5072 pro
987 4999 1136 5055 restituit:
1154 5000 1188 5056 ad
1209 4997 1433 5056 manliestiorem
1454 5004 1549 5055 autem
1569 4999 1699 5055 veritatis
1718 4998 1808 5054 satis-

109 5090 220 5149 pmteus,
259 5082 288 5133 et
322 5080 419 5136 omnia
455 5096 518 5152 quae
553 5084 733 5153 pertinebant
765 5089 799 5144 ad
836 5088 934 5158 justi·
986 5086 1187 5160 laeuonem,et
1208 5090 1385 5147 ecrtndinem
1405 5089 1569 5158 etiam,loei
1593 5093 1749 5144 servatores
1772 5099 1806 5141 ex

109 5164 263 5224 teationem
287 5167 350 5241 sul,
364 5174 394 5225 et
416 5170 451 5225 ad
465 5173 642 5230 sanctissimi
669 5177 839 5246 patriarchae
858 5195 932 5236 eon·
986 5178 1120 5235 omnihus
1132 5179 1334 5248 patriarchicis
1344 5177 1643 5245 sedibnscnnvoeavit‚
1657 5183 1804 5233 etomnem

110 5255 324 5328 lamnationem,
342 5257 419 5313 slent
440 5259 531 5316 voluit
556 5262 627 5335 ipse,
641 5265 704 5321 sine
725 5265 929 5337 impedimento
986 5267 1177 5324 nihilominus
1189 5269 1386 5339 episcoporum
1395 5269 1565 5339 catalogum,
1578 5269 1627 5339 qni
1640 5267 1694 5324 snb
1703 5266 1806 5322 throno

112 5344 219 5418 tieens3
247 5347 362 5418 quotics
386 5348 475 5419 misit,
495 5351 580 5408 toties
603 5353 684 5411 aheo
709 5358 878 5427 reprobatus
901 5365 929 5416 ct
983 5360 1268 5430 constantinopoleos
1295 5359 1383 5431 dogit,
1412 5360 1543 5426 adduxit,
1578 5359 1628 5429 qni
1659 5355 1751 5429 gratia
1778 5361 1806 5410 et

113 5436 318 5506 condemnatus,
349 5439 378 5492 et
406 5442 438 5493 ut
466 5438 602 5497 thronum
630 5443 928 5518 constaminopotita-
983 5453 1183 5523 cooperatione
1203 5451 1435 5509 DominiChristi
1455 5451 1505 5506 Dei
1518 5449 1609 5504 nostri
1620 5453 1648 5505 et
1658 5445 1805 5502 sanctione

117 5532 181 5595 mm,
203 5529 305 5595 utpote
321 5524 446 5598 alienus,
470 5526 640 5604 dimitteret,
660 5547 778 5603 prorsus
803 5539 927 5614 audivit,
967 5554 1016 5603 ..ac
1035 5540 1233 5599 sollieitudine
1242 5541 1369 5612 ejnstlcm
1379 5539 1487 5596 ChrIsti
1498 5538 1635 5595 amatoris
1656 5537 1807 5602 imperato
