3876 6090
113 213 182 275 lota
517 209 664 268 APPEND.
687 207 735 265 tn
752 206 834 266 SAEC.
854 205 903 262 IX.
919 199 1144 260 -nlldtoltlls
1163 203 1248 263 inid
1267 203 1413 263 mannii.
1756 197 1822 260 4060

112 339 175 398 sine
190 335 336 394 voluntate
351 334 467 406 propria
481 336 644 406 peccarunt,
663 333 702 390 ita
717 331 781 389 sine
794 328 980 391 voluntateri
996 324 1082 383 refert
1101 327 1267 400 Sigebertus
1289 329 1325 387 ad
1352 342 1398 386 an.
1421 325 1483 384 963.
1508 326 1563 385 Sed
1583 325 1725 384 auxilius
1744 338 1822 399 argu

112 440 165 485 sna
181 425 373 496 baptizantur,
391 427 421 480 et
433 422 576 494 baptismo
592 425 761 494 purgantur.
996 417 1101 475 mentis
1114 417 1344 476 adversariorum
1359 432 1485 490 pressus,
1506 416 1557 489 qni
1574 415 1639 474 Osii
1655 416 1687 473 in
1701 415 1821 473 concilio

148 513 210 570 Lib.
241 526 272 585 ιι,
300 525 361 583 cap.
397 508 495 583 tt-lh,
527 524 626 581 parum
654 508 834 566 considerate
861 502 941 577 loqui
995 506 1159 564 sardicensi
1186 511 1214 562 et
1230 506 1367 577 Stephani
1388 519 1467 585 papa
1492 505 1524 562 in
1547 504 1608 562 alio
1633 503 1761 561 concilio
1781 505 1823 561 de·

113 602 186 659 mibi
208 601 324 658 videtur
344 602 380 657 de
402 599 566 657 obedientia
586 612 648 670 quae
673 609 785 655 summo
812 592 942 666 pontiflci
996 600 1072 652 creta
1091 594 1136 652 illi
1154 594 1339 666 objiciebant,
1357 595 1387 651 in
1403 595 1463 652 bac
1487 592 1668 651 incommoda
1683 606 1747 651 sese
1764 607 1824 651 con

109 689 225 762 iubenti
248 689 378 747 debetur.
404 687 572 760 Quanquam
592 687 670 743 enim
693 686 721 742 id
744 683 819 755 quod
840 681 944 739 scribit
993 685 1075 757 jecit,
1090 688 1206 754 attente,
1219 689 1253 741 ut
1264 684 1411 748 debuerat,
1428 696 1486 740 non
1498 683 1570 740 satis
1584 681 1823 754 considerandam

113 793 211 837 verum
227 777 325 837 forsan
345 779 384 836 sit
400 778 429 834 in
447 777 598 850 hypothesi
616 789 702 848 quam
722 776 834 843 tractat,
849 775 943 827 tamen
997 788 1062 832 cnm
1076 773 1145 831 Osio
1161 782 1191 830 et
1205 773 1349 844 Stephano
1364 773 1497 844 pontiicc
1510 785 1613 845 magna
1627 776 1656 829 et
1676 785 1822 829 numerosa

113 868 286 941 generaliter
314 866 533 939 pronuntiatum
560 864 664 922 laisum
688 869 731 921 est
749 870 779 919 et
796 859 945 932 periculo-
997 864 1197 934 episcoporum
1212 863 1334 921 concilia
1350 863 1550 920 condemnare.

113 971 187 1015 snm.
211 958 268 1014 lloc
282 960 346 1014 erat
357 956 473 1014 cantius
492 954 693 1026 explicandum
708 957 738 1009 et
756 948 944 1022 pronuntiau-
1032 953 1159 1010 Facilius
1182 951 1278 1010 iorsan
1301 952 1434 1010 excusari
1462 952 1568 1023 poterit
1591 949 1681 1024 quod,
1706 963 1769 1022 cap.
1792 947 1823 1008 45

112 1047 191 1104 dum.
205 1046 307 1102 Eadem
321 1046 395 1103 ratio
413 1043 670 1102 estdistinctionis
691 1054 775 1113 quam
796 1039 865 1095 lacit
878 1049 939 1107 cap.
996 1039 1082 1114 etii,
1103 1041 1154 1098 lih.
1182 1055 1202 1112 ι,
1218 1047 1245 1098 et
1268 1056 1329 1112 cap.
1345 1038 1372 1111 l,
1400 1040 1452 1097 lib.
1478 1055 1509 1112 ιι,
1532 1039 1682 1097 Liberium
1708 1039 1822 1111 pondi

114 1135 158 1207 t8,
179 1135 230 1191 lib.
247 1149 267 1192 ιι
283 1136 359 1191 inter
375 1133 562 1205 apostolicam
582 1133 676 1189 sedem
698 1138 726 1188 et
750 1131 825 1186 inea
847 1125 943 1199 prasi·
996 1146 1055 1190 cem
1079 1131 1244 1188 haereticum
1265 1136 1346 1188 vocat
1360 1137 1388 1188 et
1405 1134 1575 1202 apostatam.
1591 1128 1726 1201 Optimos
1750 1129 1820 1185 enim

112 1225 233 1296 dentes,
262 1225 378 1280 cautius
401 1226 462 1280 erat
486 1221 665 1293 explicanda.
699 1220 838 1276 Praetexta
864 1217 942 1273 enim
997 1220 1081 1277 habet
1104 1228 1235 1277 auctores
1257 1220 1313 1277 sibi
1338 1221 1368 1276 in
1386 1220 1440 1276 hac
1461 1219 1633 1276 credulitate
1655 1223 1820 1290 praeeuntes,

113 1312 233 1370 honoris
258 1311 445 1369 conservandi
470 1311 574 1368 throno
597 1309 755 1382 apostolico
772 1304 876 1375 debiti,
895 1305 943 1360 ba·
996 1314 1110 1368 sanctos
1132 1309 1246 1366 scillcet
1265 1309 1466 1380 Athanasium,
1496 1306 1654 1378 Hilarium,
1686 1306 1821 1378 liierony-

113 1400 191 1458 bena
214 1401 350 1458 laxantur
381 1399 628 1459 conviciatoribus
659 1396 838 1470 pontidcum,
867 1393 944 1450 unde
997 1413 1085 1470 mum,
1103 1403 1132 1455 et
1145 1406 1288 1456 auctorem
1317 1403 1461 1456 vetustum
1476 1397 1545 1454 libri
1559 1396 1641 1453 Vitas
1655 1394 1820 1453 Pontidcun

113 1491 276 1548 necessario
295 1496 323 1548 et
350 1490 496 1549 evidenter
519 1489 649 1547 convicia
676 1487 707 1544 in
728 1486 822 1544 sedam
850 1484 941 1555 ipsam
996 1487 1181 1558 continentis,
1201 1500 1290 1559 aquo
1305 1487 1404 1552 bausit
1426 1485 1565 1544 auxilius
1580 1499 1647 1557 quae
1664 1483 1821 1541 debiberio

113 1580 310 1638 reflectuntur.
996 1574 1092 1633 refert.
1108 1577 1192 1634 Tanti
1213 1576 1269 1633 viri
1287 1575 1361 1632 banc
1374 1575 1411 1632 de
1431 1574 1545 1632 Liberio
1571 1573 1742 1646 opinionem
1755 1585 1820 1630 con·

147 1671 262 1728 Temere
273 1671 360 1727 etiam
384 1668 457 1727 mibi
472 1669 596 1739 videtur,
617 1681 680 1738 cap.
701 1663 729 1738 l,
752 1664 802 1722 lib.
828 1678 860 1736 ιι,
876 1657 981 1722 θοι-Β
995 1669 1137 1738 ceperant,
1153 1679 1186 1722 eo
1202 1666 1278 1738 quod
1300 1664 1432 1723 biberius
1450 1664 1536 1722 mdia
1559 1662 1661 1720 exsilii
1685 1668 1716 1720 et
1730 1674 1822 1732 persc-

111 1760 247 1818 demnare
266 1760 401 1831 Stephani
422 1758 569 1830 pontilicis
589 1758 744 1815 decretum.
768 1753 849 1810 Nihil
864 1753 941 1811 euim
995 1755 1144 1812 cationum
1168 1754 1204 1811 ab
1229 1755 1350 1812 Arianis
1369 1755 1545 1815 indictarum
1559 1751 1736 1811 crudelitate
1755 1751 1821 1822 dele·

112 1850 148 1907 de
167 1849 356 1907 Constantino
376 1849 481 1919 eteius
502 1845 736 1904 ordinationibus
751 1843 864 1915 statuit,
882 1842 940 1899 nisi
995 1848 1069 1917 ctus,
1085 1844 1199 1902 undem
1220 1844 1371 1901 Athanasii
1391 1843 1627 1903 condemnationi
1651 1840 1822 1912 subscripse-

113 1939 288 2010 approbante
323 1942 351 1995 et
385 1937 522 1995 laudante
560 1947 712 1992 numeroso
740 1933 941 2004 episcoporum
996 1934 1045 2007 rit,
1060 1933 1420 1991 licetbaeresimdrianam
1443 1945 1593 2006 nunquam
1615 1929 1710 1990 luerit
1724 1928 1821 2001 proles·

36 2021 43 2034 '
114 2028 250 2101 concilio,
280 2041 353 2101 quos
379 2027 409 2083 in
435 2040 496 2084 eam
521 2039 580 2083 rem
605 2037 640 2081 eu
665 2022 758 2095 ltalia,
783 2021 888 2090 Gallia,
913 2025 942 2078 et
995 2039 1055 2081 sus.
1071 2025 1138 2081 Tria
1152 2024 1275 2081 crimina
1298 2024 1480 2082 commiserat
1501 2022 1638 2080 Liberius
1655 2035 1723 2094 qun
1747 2018 1821 2076 lama

112 2115 266 2174 Germania
288 2121 500 2174 convocaverat.
516 2114 620 2172 Omnes
640 2113 772 2185 pedibus,
788 2110 942 2168 manibus-
994 2114 1029 2171 de
1043 2113 1137 2185 ipsius
1158 2113 1260 2170 baresi
1279 2113 1439 2185 vulgandae,
1462 2120 1493 2170 ut
1505 2112 1547 2170 ait
1559 2110 1725 2169 cardinalis
1746 2109 1822 2166 naec

114 2220 170 2280 que
190 2207 304 2264 iverunt
325 2205 355 2262 in
370 2205 505 2277 Stephani
521 2207 550 2262 et
570 2203 669 2260 clerici
685 2203 806 2259 Romani
823 2205 942 2257 senten·
996 2203 1074 2274 nius,
1090 2203 1124 2260 ad
1140 2217 1247 2261 annum
1269 2200 1331 2275 acl,
1357 2216 1385 2259 n.
1402 2200 1446 2274 li,
1469 2203 1650 2260 occasionem
1673 2199 1819 2257 dederunt

115 2299 185 2355 tiam
208 2298 330 2354 loannes
358 2295 420 2367 ΧΠ,
444 2294 620 2366 approbante
652 2292 777 2350 concilio
803 2292 940 2360 Romano,
997 2293 1111 2364 «Quod
1136 2294 1230 2350 victus
1256 2291 1436 2350 labefactarit
1463 2291 1669 2350 sacerdotalem
1698 2293 1822 2346 consan-

113 2388 200 2445 annis
215 2386 333 2444 circiter
352 2384 564 2458 quinquaginta
588 2387 652 2455 post
670 2382 830 2452 Auxilium,
859 2381 942 2453 longe
996 2383 1199 2455 tiam,in1'uste
1219 2389 1318 2441 contra
1342 2389 1471 2440 sanmum
1493 2380 1687 2439 Athanasium
1703 2377 1823 2437 subscri·

114 2476 200 2533 aliter
218 2476 310 2533 sensit
323 2476 358 2532 de
381 2474 523 2531 sententia
546 2472 681 2544 Stephani
698 2473 741 2543 Vl,
766 2470 943 2527 inconstan-
995 2472 1106 2543 hendo;
1124 2473 1257 2544 quodque
1277 2472 1543 2543 communicaverit,
1570 2474 1603 2527 ut
1620 2471 1684 2541 ipse
1708 2467 1819 2536 latetm,

114 2565 209 2621 tinum
230 2563 452 2635 pseudopapam.
469 2565 539 2619 Nam
552 2560 751 2631 loannesejns
767 2558 939 2630 imitatione,
994 2576 1058 2619 cnm
1087 2562 1148 2619 illis
1169 2576 1291 2635 quorum
1311 2561 1540 2619 communionem
1560 2560 1702 2618 hactenus
1728 2557 1823 2614 exhor.

113 2658 143 2710 et
156 2655 219 2724 ejus
240 2652 314 2709 lacto
338 2653 368 2708 in
385 2651 545 2722 exemplum
566 2651 686 2722 prolato,
706 2648 831 2708 similem
855 2661 942 2718 pror-
995 2653 1121 2723 ruisset,
1143 2651 1191 2708 sed
1207 2656 1235 2708 et
1248 2651 1323 2724 qnod
1339 2651 1425 2724 etiam
1442 2649 1615 2720 prolessioni
1630 2648 1676 2706 illi
1693 2647 1823 2706 subcri-

114 2756 165 2800 sns
185 2742 215 2799 in
238 2743 357 2798 monem
373 2740 595 2811 pseudopapam,
622 2744 651 2796 et
671 2738 708 2796 ab
733 2751 766 2796 eo
781 2736 938 2809 ordinatos,
995 2741 1095 2813 pserit‚
1122 2754 1186 2812 quae
1211 2740 1281 2797 licet
1303 2739 1445 2798 catholica
1466 2737 1558 2796 rideri
1593 2741 1702 2810 posset,
1734 2741 1820 2794 tamen

114 2845 179 2889 cum
194 2829 322 2887 universi
337 2827 457 2885 concilii
474 2828 606 2884 unanimi
623 2826 939 2899 consensnpronuntia·
994 2844 1062 2888 voce
1102 2829 1153 2887 illa
1192 2830 1306 2886 Nicaena
1341 2832 1451 2887 careret
1497 2825 1820 2895 consubstantialitatis,

113 2920 157 2977 vit
170 2918 350 2976 sententiam.
368 2917 521 2988 Postquam
535 2915 612 2974 enim
632 2916 667 2972 ab
679 2916 758 2973 omni
778 2913 941 2972 ministerio
996 2932 1081 2991 qnam
1110 2920 1231 2990 majores
1263 2932 1362 2976 omnes
1386 2919 1524 2976 adversus
1552 2916 1688 2984 Arianos,
1726 2926 1820 2987 maana

113 3006 343 3080 episcopalieum
356 3005 501 3077 deposuit,
516 3005 598 3062 itade
614 3004 652 3062 iis
662 3020 735 3078 qnos
748 3005 940 3077 ordinaverat,
954 3009 981 3078 c
996 3022 1106 3080 semper
1122 3008 1215 3081 gloria
1234 3007 1439 3067 defendissent.
1458 3008 1573 3079 »liuius
1585 3005 1716 3064 iniamissae
1730 3004 1821 3062 disse·

112 3095 942 3167 dednlt2«ltosveroquosipseleo,neophytusetinvasor
996 3099 1182 3156 minationem
1202 3112 1257 3156 non
1277 3113 1377 3170 parum
1401 3098 1485 3156 anxit
1499 3095 1647 3168 oppositio
1661 3107 1749 3168 qnam
1764 3093 1821 3151 cle-

113 3191 219 3244 sanctae
231 3183 380 3241 catbolicae
395 3185 423 3239 et
433 3182 599 3254 apostolicae
610 3182 896 3253 Romanaelicclesiae,
910 3182 941 3238 in
996 3187 1201 3245 rusltomanus
1219 3187 1292 3246 duce
1308 3188 1440 3259 Damaso,
1455 3191 1484 3244 et
1495 3185 1572 3243 cives
1586 3183 1710 3242 Romani
1723 3181 1821 3240 catbc-

114 3273 244 3348 quolibet
268 3271 464 3330 ecclesiastico
490 3272 592 3330 ordine
618 3272 757 3345 provexit,
784 3271 942 3343 apostolica
996 3275 1047 3333 lici
1072 3288 1160 3348 prope
1178 3290 1277 3334 omnes
1291 3274 1421 3333 iecerunt
1433 3274 1548 3332 liberio
1572 3286 1652 3345 pape
1670 3271 1709 3337 ab
1722 3269 1820 3329 exsilio

112 3368 199 3436 atque
219 3362 358 3420 canonica
370 3361 553 3433 auctoritate,
575 3364 604 3418 et
622 3360 753 3433 synodali
768 3361 892 3432 decreto,
912 3361 941 3419 in
996 3367 1111 3423 Romam
1128 3366 1270 3424 redeunti.
1291 3365 1450 3424 Publicatis
1472 3364 1549 3421 enim
1568 3377 1634 3435 qnae
1654 3360 1820 3420 humanitus

114 3454 271 3525 pristinum
280 3465 446 3509 revocamus
457 3451 588 3524 gradum,
603 3451 672 3522 qnia
684 3451 834 3508 ordinator
842 3465 941 3508 eornm
996 3454 1043 3512 illi
1064 3456 1254 3528 contigerant,
1273 3470 1338 3513 cum
1356 3469 1390 3514 eo
1407 3452 1637 3514 communionem
1660 3451 1757 3511 colere
1770 3462 1820 3506 nc-

114 3542 190 3599 nibil
205 3542 263 3599 sibi
278 3541 390 3612 babuit,
402 3540 478 3597 nihil
493 3540 553 3596 illis
565 3539 654 3597 dedit.
669 3540 829 3598 Sicutolim
844 3544 942 3596 noster
996 3543 1123 3619 luerunt,
1147 3546 1196 3602 sed
1221 3544 1311 3602 Felici
1332 3545 1468 3616 secundo,
1497 3542 1692 3601 secessionea
1712 3538 1819 3597 tiberio

114 3632 304 3704 predecessor
328 3631 383 3703 pia
407 3631 550 3687 memoriae
572 3643 643 3701 papa
657 3630 819 3702 Stephanus
832 3637 943 3686 senten·
995 3632 1079 3705 lacta,
1095 3636 1295 3693 adhaeserunt:
1315 3635 1391 3692 unde
1411 3647 1503 3703 neces,
1523 3632 1629 3690 exsilia
1642 3637 1673 3688 et
1688 3629 1819 3702 martyria

113 3721 184 3778 tiam
197 3721 267 3779 tulit
279 3720 315 3777 de
328 3721 367 3776 iis
385 3719 436 3789 qni
451 3719 578 3775 ordinati
600 3716 714 3775 fuerant
725 3733 741 3775 a
753 3718 941 3776 Constantino
996 3724 1085 3781 muita
1095 3725 1288 3797 contigerunt,
1305 3723 1447 3797 praiectis
1460 3722 1622 3780 Constantii
1638 3719 1820 3794 imperatoris

114 3810 236 3882 quodam
255 3809 397 3879 neophyto
417 3813 446 3864 et
468 3807 598 3863 invasore
616 3813 722 3864 sanctae
739 3808 817 3865 sedis
832 3813 942 3879 aposto·
994 3813 1095 3870 Ariani
1120 3813 1150 3869 in
1170 3827 1218 3870 eos
1237 3814 1287 3886 qui
1313 3813 1420 3870 tiberii
1439 3810 1672 3870 communionem
1691 3806 1819 3881 amplecti

113 3897 187 3968 lica,
203 3902 230 3953 et
247 3895 426 3966 postmodum
442 3895 694 3967 quosdameorum
711 3896 770 3953 sibi
786 3896 941 3968 placabiles
995 3904 1105 3962 nollent
1131 3903 1325 3961 saevientibus.
1353 3902 1408 3973 Qui
1440 3902 1500 3958 baec
1524 3899 1680 3974 sigillatim
1714 3899 1820 3958 discere

114 3985 293 4058 presbyteros
317 3989 368 4041 aut
390 3984 528 4041 diaconos
553 3986 770 4044 consecravit.»
794 3988 941 4046 Sententia
995 3994 1085 4064 cupit,
1112 3993 1271 4049 cardinalis
1298 3991 1413 4049 ltaronii
1451 3991 1576 4048 Annales
1607 3989 1685 4063 legat
1710 3989 1745 4047 ad
1767 4003 1820 4046 an·

112 4081 207 4132 autem
219 4074 312 4146 prima
326 4073 445 4130 concilii
459 4074 489 4131 in
502 4075 790 4134 ordinatosaleone
804 4078 943 4136 schisma·
995 4096 1063 4140 num
1086 4081 1194 4139 christi
1219 4078 1282 4152 cal,
1321 4094 1348 4137 n.
1377 4078 1434 4153 aa,
1467 4094 1526 4153 seq.
1550 4079 1663 4136 cardin.
1691 4079 1819 4137 bellarm.

113 4165 180 4236 lico,
206 4178 257 4221 seu
285 4164 351 4235 Vlll,
373 4164 430 4220 lata
452 4162 545 4223 iuerat
569 4180 627 4239 qua
640 4169 706 4225 data
722 4169 845 4225 loannes
869 4182 940 4240 papa
993 4171 1126 4228 controv.
1148 4175 1216 4228 tom.
1235 4173 1256 4239 l,
1282 4169 1332 4226 lib.
1352 4184 1391 4243 vv,
1414 4171 1449 4228 de
1474 4167 1578 4226 Pontii.
1600 4169 1697 4241 llom,
1711 4181 1773 4240 cap
1794 4164 1818 4223 9.

113 4254 278 4327 «pracepit
293 4253 405 4327 ingredi
423 4268 471 4312 eos
491 4256 520 4312 in
535 4256 693 4314 concilium
709 4270 773 4313 cum
793 4255 941 4313 vestimen·
994 4261 1064 4316 cum
1086 4260 1178 4333 igitur
1203 4259 1352 4318 sententiae
1369 4273 1428 4318 suae
1450 4263 1544 4316 tantos
1565 4257 1671 4315 babeat
1693 4261 1820 4315 auctores

112 4344 161 4414 tis,
178 4348 265 4416 atque
288 4343 392 4418 stolis3
410 4349 440 4402 et
453 4359 609 4419 ,unumque
630 4359 729 4404 eorum
753 4345 785 4402 in
808 4345 940 4403 chartula
956 4338 1140 4420 Dhnxilius,
1163 4348 1248 4407 iacile
1266 4350 1447 4408 excusandus
1466 4351 1521 4420 est,
1538 4352 1572 4406 nt
1593 4353 1623 4405 et
1644 4347 1733 4406 multi
1756 4359 1821 4422 gra-

112 4434 237 4491 scribere
252 4432 321 4491 lecit
340 4434 506 4505 hujusmodi
522 4435 623 4492 verba:
642 4455 655 4487 a
671 4436 754 4491 Pater
769 4448 848 4492 mens
863 4435 937 4494 nibil
992 4453 1041 4496 ves
1061 4442 1194 4497 auctores
1222 4440 1272 4511 qui
1296 4445 1362 4496 ante
1377 4444 1406 4497 et
1427 4442 1491 4510 post
1512 4438 1609 4510 ipsum
1637 4437 1670 4496 in
1696 4437 1819 4495 camdem

112 4523 169 4580 sibi
186 4523 298 4596 babuit,
319 4523 393 4581 nibil
411 4524 483 4580 mihi
499 4523 620 4580 dedit.»
644 4525 679 4580 Et
700 4524 743 4581 sic
766 4537 815 4582 ecs
838 4530 940 4583 exutos
994 4530 1067 4602 lapsi
1091 4534 1159 4586 sunt
1181 4529 1363 4602 sententiam,
1385 4541 1459 4601 quoa
1481 4528 1557 4585 inter
1578 4534 1699 4586 sanctus
1721 4528 1820 4585 l’etrns

112 4611 236 4681 privavit
252 4614 368 4679 honore,
385 4626 469 4683 quem
493 4612 611 4670 dederat
629 4613 674 4670 eis
691 4613 752 4685 ipse
776 4615 891 4673 invasor
910 4620 940 4672 et
992 4621 1148 4676 numianus
1171 4618 1324 4691 episcopus
1347 4624 1376 4676 et
1399 4617 1558 4677 cardinalis
1576 4618 1751 4695 llostiensis,
1769 4616 1820 4674 dc-

112 4699 283 4771 neopbvtus,
310 4706 396 4772 atque
417 4700 548 4773 curialis,
571 4707 600 4758 et
613 4703 755 4760 revocavit
774 4717 824 4762 eos
839 4705 869 4761 in
883 4706 939 4776 pri·
992 4709 1095 4781 emina,
1122 4708 1226 4781 pietate
1248 4711 1278 4765 et
1296 4707 1439 4782 dignitate
1465 4707 1495 4765 in
1516 4707 1646 4765 Ecclesia
1667 4705 1820 4766 celeberri-

111 4787 221 4844 stinum
243 4789 373 4860 pradum.
388 4808 402 4841 v
418 4791 482 4847 llaec
496 4796 598 4863 preter
613 4799 676 4851 acta
697 4794 816 4852 concilii
830 4795 939 4853 diserte
993 4815 1065 4857 mus.

233 5088 461 5219 llllllil
501 5091 558 5219 ll
592 5092 992 5224 lllllllltlllll
1030 5096 1301 5228 lltlltlt
1340 5099 1467 5229 llll
1503 5098 1692 5232 llllll.

372 5418 679 5479 PltAEFthUNCllld.
996 5432 1160 5487 sanctorum
1191 5430 1306 5488 Patrnm
1338 5429 1520 5489 documentis
1555 5444 1648 5504 pauca
1678 5433 1820 5494 deuorari

145 5508 275 5568 Prudens
300 5509 400 5586 lector,
424 5508 484 5568 baec
504 5510 540 5569 de
563 5510 780 5583 scripturarum
796 5515 891 5589 copiis
912 5523 941 5576 et
997 5530 1071 5593 mus,
1098 5517 1228 5577 sciliceta
1250 5518 1332 5591 Quod
1355 5520 1382 5579 si
1405 5521 1558 5612 episcopus
1578 5525 1739 5598 aprcpria
1760 5522 1819 5583 cete
