3876 6090
115 282 184 343 toto
506 279 653 338 APPEND.
673 277 722 334 ab
739 275 820 334 SAEG.
840 275 890 333 tx.
910 303 948 317 -·
964 272 1143 331 abeloitas
1160 272 1254 332 ANNI.
1277 274 1423 334 INOERTI.
1750 271 1817 332 1⁰8⁰

115 412 170 464 lem
192 405 274 462 etde
295 404 408 462 Liberio
429 403 480 476 qui
502 404 615 460 Arianae
637 403 737 459 lraeresi
762 399 979 470 subscripsitA
993 407 1036 458 tra
1060 403 1278 461 Parmenianum
1303 405 1481 463 Donatistam
1503 404 1544 460 ita
1568 403 1717 474 exponit:
1737 401 1814 472 Quod

115 494 295 552 sentiendum
310 499 363 550 est.
378 495 438 549 lam
451 507 516 550 vero
526 494 561 550 de
576 491 682 564 Vigilio
697 491 767 562 quid
781 489 936 545 dicendum
991 497 1085 547 autem
1108 494 1249 564 scriptum
1269 500 1322 562 est,
1340 514 1353 546 ι
1373 495 1500 566 Spiritus
1515 500 1634 550 sanetus
1653 492 1815 563 disciplina

116 591 169 651 est,
180 585 229 656 qui
245 598 300 640 non
315 583 408 639 solum
418 582 599 638 simoniacus
612 582 736 650 invasor,
751 577 936 636 verumetiam
991 579 1109 653 effugiet
1121 583 1228 654 lictum,
1242 601 1255 634 ι
1271 585 1311 640 ita
1321 585 1541 657 intelligendum
1551 589 1597 640 ost
1608 582 1816 641 apposituru-

117 673 267 730 homicidii
279 687 356 744 reus,
366 672 551 741 etinsupera
564 683 635 740 papa
644 667 937 737 Silreriojustissime
992 669 1014 723 ti
1037 671 1100 739 ejus
1115 688 1123 739 i
1138 673 1332 730 ministerium
1355 679 1448 729 mmen
1469 686 1525 730 non
1545 673 1672 735 deserat,
1693 685 1751 743 quo
1769 685 1815 741 per

113 763 379 831 anathematizatus,
402 760 588 829 eumdemque
612 758 801 828 apostolicum
825 757 935 812 Patrem
992 774 1056 816 eum
1072 761 1193 818 salutem
1209 768 1345 832 operatur
1359 762 1493 820 aliorum.
1510 763 1591 819 Unde
1605 761 1683 818 dicit
1695 761 1816 830 Aposto-

111 852 263 908 Silverium
283 852 312 906 in
327 849 461 906 exsilium
481 848 637 904 destinarit
653 866 660 917 3
676 852 704 902 et
719 847 743 903 si
764 845 936 917 sacrilegum
992 851 1038 907 lus
1053 868 1060 906 :
1078 852 1136 906 «Si
1152 853 1228 907 enim
1248 853 1346 909 rolens
1362 852 1415 908 boc
1431 851 1515 921 facio,
1533 851 1693 908 mercedem
1709 849 1813 919 babeo;

111 955 210 1013 papam
223 940 362 1011 instituit,
372 939 569 995 ordinationes
581 941 672 993 tamen
684 949 756 1008 quas
764 934 841 1004 lecit,
854 945 936 990 nemo
990 940 1019 995 Si
1031 949 1125 997 autem
1138 941 1257 1007 inritus,
1269 942 1447 1012 dispensatio
1460 942 1532 998 mibi
1546 940 1659 998 credita
1669 944 1714 997 est
1724 939 1750 1007 (l
1757 939 1811 995 t'or.

111 1044 251 1086 removere
268 1043 357 1086 ausus
374 1027 440 1083 luit.
991 1031 1041 1100 ur).
1061 1048 1073 1080 u
1090 1030 1129 1085 dc
1143 1031 1277 1086 sidicat:
1294 1030 1355 1087 illis
1368 1031 1492 1102 prodest,
1509 1030 1617 1101 quibus
1632 1029 1687 1085 boc
1699 1028 1814 1098 dispen

107 1153 170 1209 Cn·
197 1156 230 1209 Π,
255 1184 289 1192 -
309 1153 473 1208 mummi„
497 1166 558 1219 (μω
574 1166 651 1219 popo
675 1148 841 1202 Anam-„3
867 1162 936 1201 con,
990 1117 1813 1193 so,nonmibiquidctussum.lnr.QuodSpiritussan-

147 1227 211 1280 tulit
229 1227 258 1279 in
280 1225 463 1291 defensionem
483 1222 686 1275 ordinationum
703 1235 772 1289 quos
794 1220 935 1273 imprbus
990 1215 1055 1265 ctus
1070 1209 1265 1265 ministerium
1282 1210 1341 1265 deti
1356 1209 1514 1265 sacerdotis
1530 1222 1585 1264 non
1599 1209 1727 1275 deserat,
1739 1206 1811 1262 aliud

145 1299 211 1363 seeo
228 1297 355 1350 Acastus·
992 1299 1064 1355 mibi
1077 1298 1181 1354 exhibe
1194 1298 1401 1354 testimonium.
1419 1300 1484 1354 Dan.
1500 1298 1576 1354 ldem
1590 1296 1776 1369 Augustinus
1788 1295 1811 1350 in

148 1407 204 1459 ιιι.
222 1405 293 1459 burn
316 1399 441 1457 membra
463 1400 526 1455 sine
543 1398 647 1467 eapite,
664 1403 697 1452 ur
711 1395 845 1467 praefatus
860 1407 935 1465 sum,
991 1387 1171 1457 expositione
1193 1387 1221 1442 in
1245 1389 1391 1455 loannem,
1417 1386 1465 1444 ubi
1489 1387 1632 1443 Dominus
1659 1384 1814 1455 baptizatus

112 1493 269 1549 consistere
282 1490 401 1546 minime
414 1488 536 1560 possint,
551 1487 651 1543 mirari
667 1500 723 1542 non
738 1484 848 1542 sudlcio
862 1497 937 1554 qua-
991 1480 1044 1545 est,
1057 1475 1145 1531 latius
1155 1489 1189 1531 ex
1199 1489 1233 1532 eo
1245 1476 1430 1546 apertiusque
1442 1476 1582 1545 disputat.
1593 1472 1751 1530 Ordinatio
1763 1471 1814 1544 igi-

113 1581 181 1638 liler
195 1581 254 1637 dcli
269 1580 450 1637 ordinatores
463 1583 539 1634 ratas
550 1575 748 1633 ordinationes
762 1573 870 1630 edicere
883 1585 938 1629 ra·
992 1569 1040 1620 ιιι
1054 1578 1140 1635 quam
1156 1564 1257 1621 beatus
1272 1565 1425 1622 Formosus
1440 1563 1517 1633 tecit,
1535 1563 1612 1635 quod
1630 1569 1694 1619 rata
1706 1567 1736 1618 et
1748 1560 1815 1632 legi·

115 1670 200 1726 leant.
215 1672 280 1726 bar.
297 1668 427 1740 Qualiter
442 1668 495 1724 boc
509 1666 571 1722 deri
588 1665 679 1736 possit
695 1664 849 1734 praedictus
863 1674 938 1733 pon·
992 1652 1062 1709 tima
1073 1653 1122 1719 sit,
1132 1658 1207 1711 recte
1218 1653 1451 1726 intelligentibus
1460 1650 1721 1710 eccesatislactum
1733 1649 1814 1706 babe-

25 1774 29 1782 ’
114 1758 362 1815 tilenlinastasius
371 1752 880 1829 probabilibusastruitdocumentis.
889 1749 939 1807 Ait
952 1723 980 1785 Β
993 1742 1049 1796 ιιι·
1064 1743 1144 1797 Nunc
1154 1755 1214 1812 age,
1226 1742 1274 1797 dil
1285 1741 1393 1812 ‘ilibus
1402 1741 1584 1797 ⁰0⁰¹11¹¹0¹¹li⁸
1593 1741 1640 1797 Vssl
1653 1753 1710 1811 (1¹¹³
1721 1744 1814 1796 ιιιῦῑθ·

114 1849 190 1905 enim
215 1851 289 1905 inter
309 1853 420 1916 gaetgpa,
452 1845 609 1901 secundum
633 1842 767 1899 Epglgsiae
790 1841 938 1898 catholicae
993 1829 1812 1901 ritatepraeiatamordinationemsubrerterenitimini,et,

113 1937 361 2006 consuetudinem,
384 1935 495 1992 nullum
512 1933 548 1989 de
565 1932 612 1988 bis
632 1932 674 1988 rel
694 1945 765 2002 puos
783 1929 939 2000 baptizavit
993 1921 1068 1992 quod
1079 1926 1122 1976 est
1134 1919 1271 1984 deterius,
1285 1921 1313 1976 in
1324 1921 1421 1977 eodem
1434 1921 1523 1993 gradu
1536 1921 1644 1977 iterum
1655 1933 1814 1976 consecrare

114 2027 247 2097 acacius,
263 2027 306 2083 rel
322 2040 394 2098 quos
409 2025 571 2082 sacerdotes
586 2022 646 2079 sire
662 2020 764 2078 levitas
779 2018 938 2076 secundum
994 2022 1049 2066 non
1063 2008 1226 2066 formidatis
1238 2009 1252 2063 ‘l
1263 2012 1319 2065 lun.
1334 2009 1423 2066 Omne
1436 2011 1511 2081 qnod
1525 2008 1633 2066 laisum
1646 2022 1711 2066 esse
1722 2009 1814 2065 derer-

114 2129 237 2172 canones
247 2115 402 2184 ordinarit,
416 2114 496 2170 nulla
506 2126 555 2169 eos
565 2126 599 2168 ex
610 2111 725 2168 nomine
734 2108 831 2164 Aeacii
844 2107 939 2179 portio
994 2099 1075 2154 nitur
1094 2098 1299 2154 destruendum
1321 2104 1374 2170 eal,
1391 2105 1420 2154 et
1435 2103 1584 2169 propterea
1607 2097 1813 2155 ordinationem

115 2206 244 2263 laesionis
263 2206 396 2277 attingat.
416 2204 488 2259 ilinc
508 2200 644 2272 estquod
665 2199 841 2270 baptismum
863 2195 938 2268 quod
995 2187 1489 2260 illamdestruioportet‚quiaialsa
1498 2187 1814 2245 est.Etordinationem

116 2295 214 2366 procul
231 2294 264 2349 dt
276 2293 312 2349 ab
331 2292 467 2363 Ecclesia,
491 2291 551 2347 sire
571 2288 607 2345 ab
628 2287 769 2358 adultero,
786 2286 830 2343 rel
845 2299 862 2342 a
876 2284 940 2342 lure
995 2291 1058 2347 (ιιι
1068 2291 1132 2334 vera
1145 2283 1188 2333 est
1198 2277 1367 2349 unicuique,
1380 2281 1466 2347 prout
1476 2277 1550 2333 ratio
1561 2276 1703 2347 postulat,
1716 2276 1816 2346 imper-

115 2384 204 2441 luerit
215 2383 324 2451 datum,
338 2380 371 2437 ad
385 2379 599 2452 percipientem,
612 2391 718 2435 munus
734 2375 863 2446 pervenit
874 2373 940 2430 illi·
995 2365 1046 2422 tiri
1062 2366 1221 2423 studemus.
1232 2366 1299 2421 Dan.
1313 2365 1401 2422 Video
1417 2373 1444 2423 te
1458 2365 1563 2436 puerili
1575 2365 1738 2422 certamine
1746 2365 1779 2421 ad
1789 2378 1816 2420 et

115 2471 222 2528 batum.
236 2469 309 2537 Quia
322 2483 376 2526 vox
389 2469 440 2524 illa
453 2482 516 2539 qnae
526 2467 625 2524 sonuit
638 2480 689 2536 per
697 2463 862 2520 columbam
874 2476 940 2519 om-
995 2456 1129 2527 quaejam
1143 2454 1277 2512 discussa
1292 2461 1370 2526 sunt,
1386 2460 1415 2511 et
1429 2455 1607 2512 testimoniis
1626 2456 1815 2526 comprobata,

117 2573 180 2615 nem
192 2559 332 2614 maculam
346 2558 477 2613 humanae
488 2554 659 2625 pollutionis
671 2551 809 2611 excludit.
821 2563 877 2622 qua
887 2551 941 2607 de-
996 2545 1177 2614 impudenter
1188 2557 1342 2601 recurrere.
1354 2544 1434 2614 Quod
1448 2544 1510 2601 ideo
1521 2543 1606 2615 quasi
1617 2542 1816 2615 securusagis,

116 2649 245 2703 claratur
254 2644 415 2711 aedicitur,
429 2662 442 2693 l
455 2643 508 2698 liic
518 2648 562 2699 est
573 2643 623 2712 qui
638 2641 773 2711 baptizat,
786 2640 815 2695 in
828 2638 941 2708 Spiritu
996 2633 1065 2704 quia
1079 2632 1299 2702 deesttusticie,
1313 2647 1422 2690 censor.
1438 2632 1526 2690 Adest
1540 2640 1635 2689 mmeu
1648 2632 1734 2689 isaie
1748 2632 1817 2687 rati·

116 2742 145 2792 et
167 2735 231 2806 igne
253 2734 361 2803 (Metto.
388 2746 420 2787 ιιι
442 2734 554 2797 3Merc.
572 2745 580 2786 ι
600 2749 609 2796 ;
632 2733 710 2785 Joou.
736 2729 768 2799 r).
790 2746 802 2778 a
825 2728 895 2782 Nam
915 2726 941 2783 si
996 2721 1117 2792 cinium,
1135 2741 1148 2773 ι
1165 2722 1210 2777 Vae
1226 2722 1276 2792 qui
1290 2721 1392 2778 dicitis
1414 2721 1518 2778 bonum
1536 2721 1655 2792 malum,
1673 2728 1703 2778 et
1719 2720 1817 2777 malum

117 2821 275 2878 visibiliter
285 2820 355 2877 solis
367 2818 454 2875 istius
464 2817 550 2886 radii,
561 2831 626 2873 cum
638 2829 688 2888 per
698 2815 759 2871 loca
768 2814 942 2871 fetidissima
996 2811 1113 2875 bonum,
1128 2817 1264 2881 ponentes
1277 2811 1407 2869 tenebras
1420 2810 1521 2882 lucem,
1534 2817 1562 2868 et
1572 2810 1667 2868 lucem
1681 2810 1816 2875 tenebras,

118 2915 278 2978 transeunt,
292 2905 777 2976 nulliuscoutactusinquinatione
792 2903 943 2960 maculan—
998 2905 1133 2970 ponentes
1155 2913 1285 2957 amarum
1309 2901 1339 2956 in
1362 2901 1456 2971 dulce,
1478 2907 1507 2956 et
1529 2900 1616 2957 dulce
1640 2901 1673 2957 in
1695 2913 1816 2957 amarum

118 3006 186 3068 tur,
201 2999 291 3055 multo
307 2997 399 3070 magis
413 2994 497 3052 illius
512 3009 575 3067 quae
591 2994 679 3052 istum
695 2992 840 3050 visibilem
854 2992 942 3048 solem
996 2991 1063 3058 risa.
1082 2990 1121 3061 r).
1139 3007 1152 3040 ι

118 3087 291 3146 lecitrirtus
302 3086 381 3143 nulla
393 3084 736 3156 ministeriiindignitate
749 3082 940 3154 contingitur.
956 3088 981 3153 c
996 3095 1060 3151 epp,
1086 3097 1129 3152 qv,
1155 3127 1192 3138 ..
1216 3097 1294 3163 Quod
1319 3097 1492 3153 constantini
1517 3097 1655 3166 Neopgyg
1685 3095 1818 3151 oram,

118 3184 188 3238 Nam
200 3185 229 3235 et
239 3178 327 3234 ludas
335 3190 401 3233 cum
412 3173 502 3232 luerit
513 3174 673 3246 sacrilegus
682 3179 769 3244 atque
782 3171 839 3243 lar,
851 3171 943 3243 qnid-
1095 3174 1190 3223 contre
1211 3174 1313 3224 statuto
1333 3170 1382 3225 SS.
1403 3171 1516 3224 Petrum
1535 3169 1661 3238 deposco
1679 3170 1726 3224 sit.

118 3270 188 3343 quid
204 3268 264 3341 egit
284 3267 360 3323 inter
380 3263 525 3335 apostolos
546 3277 597 3333 pro
615 3263 758 3334 dignitate
777 3261 940 3329 commissa,
1033 3258 1089 3312 iun.
1105 3259 1166 3313 Non
1179 3257 1233 3313 tibi
1248 3271 1352 3314 novum
1365 3258 1506 3326 rideatur,
1521 3257 1546 3313 si
1561 3257 1647 3314 dctus
1660 3257 1818 3322 ordinatur,

117 3359 255 3416 beneflcio
268 3370 318 3427 per
329 3355 480 3426 indignum
490 3353 557 3409 data
569 3351 649 3409 nulla
661 3366 694 3407 ex
707 3352 760 3407 boc
770 3349 943 3407 detrimenta
998 3347 1162 3417 projicitur,
1185 3349 1305 3418 eiusque
1328 3347 1475 3404 ordinatio
1495 3345 1648 3403 refutatur.
1674 3346 1817 3418 Siquidem

119 3453 279 3505 senserunt.
307 3445 354 3500 Sic
378 3443 437 3514 ille,
466 3455 514 3512 per
540 3455 622 3513 quem
643 3440 777 3498 Christus
800 3439 941 3510 loquitur,
996 3435 1212 3505 Constantinus,
1228 3437 1304 3493 utin
1319 3434 1480 3492 Pontidcali
1497 3434 1572 3492 libro
1588 3435 1707 3507 legitur,
1723 3435 1818 3506 quiex

15 3554 18 3558 ’
120 3537 226 3594 l‘aulus
248 3533 391 3590 affirmat:
414 3533 508 3602 «Ego
539 3529 677 3601 plantavi,
702 3528 804 3598 Apollo
827 3527 942 3605 rigavit,
999 3523 1072 3581 laico
1091 3529 1204 3596 repente
1219 3526 1390 3596 neophytus,
1407 3525 1559 3596 validaque
1579 3538 1668 3582 manu
1684 3530 1817 3592 armatus

119 3626 195 3680 Deus
208 3628 303 3677 autem
324 3621 531 3675 incrementum
550 3615 640 3671 dedit.
662 3617 760 3686 ltaque
781 3627 872 3684 neque
891 3612 942 3684 qui
998 3613 1184 3684 apostolicam
1204 3614 1298 3671 sedem
1314 3615 1446 3685 nequiter
1466 3614 1583 3683 invasit,
1603 3614 1757 3685 depositus
1769 3621 1817 3682 est,

122 3712 231 3781 plantat
244 3715 288 3765 est
302 3706 426 3777 aliquid,
441 3718 533 3775 neque
548 3703 599 3774 qui
615 3704 699 3774 rigat,
717 3702 765 3758 sed
781 3701 833 3772 qui
847 3701 945 3757 incre-
998 3708 1026 3758 et
1042 3703 1082 3758 ita
1096 3703 1259 3774 damnatus,
1276 3708 1309 3760 ut
1322 3705 1408 3759 etiam
1424 3701 1519 3760 oculis
1538 3703 1727 3772 privaretur:
1742 3702 1818 3760 ordi-

121 3805 247 3854 mentum
267 3797 326 3865 dat,
343 3797 417 3851 Deus
436 3793 462 3863 (l
476 3794 535 3848 dor.
559 3793 613 3860 ru).
632 3811 645 3843 ι
662 3793 686 3846 A
703 3793 759 3847 beo
778 3796 943 3846 autemnon
999 3791 1143 3847 nationem
1162 3805 1227 3848 vero
1243 3806 1326 3863 quam
1342 3791 1411 3848 lecit
1425 3792 1456 3848 in
1472 3791 1613 3862 pristinos
1629 3792 1819 3863 deposuerunt

121 3887 262 3959 queritur
276 3883 353 3955 quis,
371 3882 413 3938 rel
430 3881 527 3952 qualis
543 3879 688 3951 predicet,
704 3880 752 3937 sed
769 3893 853 3952 quem
870 3893 946 3950 pre-
1000 3882 1114 3952 gradus.
1137 3881 1270 3952 Episcopi
1292 3895 1413 3952 namque
1433 3881 1537 3937 iterum
1554 3894 1571 3937 a
1587 3894 1662 3952 papa
1682 3882 1819 3953 Stephano

120 3977 207 4045 dicet,
228 3980 261 4030 ut
284 3972 398 4030 invidos
418 3972 504 4027 etiam
529 3970 599 4026 bene
619 3970 765 4027 Christum
791 3970 946 4040 praedicare
999 3971 1157 4027 consecrati
1178 3976 1255 4026 sunt.
1276 3972 1315 4026 De
1337 3969 1509 4042 presbyteris
1528 3984 1596 4028 vero
1609 3976 1638 4027 et
1652 3969 1819 4028 diaconibus

122 4065 280 4131 condrmet,
308 4075 365 4132 quo
393 4060 476 4117 modo
496 4058 631 4117 diabolus
655 4060 717 4131 ipse
740 4060 868 4129 dejectus
891 4063 944 4115 est.
1001 4059 1147 4129 praedxum
1162 4064 1214 4129 est,
1229 4065 1261 4117 ut
1272 4060 1298 4116 si
1313 4060 1421 4116 cirium
1434 4073 1552 4117 suorum
1567 4058 1673 4117 electio
1685 4059 1778 4130 vellet,
1793 4060 1818 4115 in

124 4155 266 4223 ldeoergo
281 4150 380 4220 ethic,
394 4151 477 4220 cujus
491 4163 591 4207 nomen
605 4148 945 4205 dicimusesscreticen-
1000 4148 1112 4205 cosdem
1132 4150 1239 4219 gradus
1255 4149 1292 4205 de
1311 4149 1418 4219 quibus
1438 4149 1563 4220 depositi
1583 4155 1663 4218 sunt,
1688 4150 1819 4207 iterumn

126 4245 206 4312 dum,
222 4241 295 4296 male
309 4240 383 4297 bona
396 4239 588 4296 ministrando
602 4238 660 4295 sibi
677 4238 875 4295 tantummodo
890 4250 947 4293 no-
1002 4250 1072 4307 papa
1101 4237 1244 4308 Stephano
1272 4243 1507 4295 consecrarentur
1523 4257 1531 4308 3
1548 4238 1589 4294 ita
1620 4238 1765 4296 duntaxat
1792 4243 1820 4294 ut

124 4333 203 4390 cuit:
220 4344 283 4387 nam
301 4329 471 4385 inviolabile
484 4331 693 4385 sacramentum
708 4325 784 4397 quod
799 4340 848 4397 per
862 4325 943 4381 illum
998 4326 1185 4396 jurejurando
1206 4327 1414 4398 promitterent,
1437 4333 1579 4400 quatenus
1600 4327 1636 4383 ad
1656 4329 1819 4401 ampliorem

120 4417 559 4489 datumestaliisperiectionem
570 4430 629 4472 sua
639 4414 758 4471 virtutis
769 4414 906 4486 obtinuit,
918 4415 944 4471 ei
975 4461 978 4465 .
1001 4414 1136 4476 bonorem
1160 4418 1218 4487 jam
1241 4417 1407 4474 nullatenus
1431 4424 1680 4490 promoverentur,
1701 4433 1737 4476 ne
1757 4417 1819 4476 talis

121 4516 216 4567 autem
232 4507 335 4567 obluit.
359 4507 552 4574 Quorumdam
568 4507 663 4559 autem
678 4517 709 4559 se
724 4504 754 4560 in
770 4508 879 4560 tantum
893 4519 945 4561 ex·
1000 4519 1081 4561 error
1097 4520 1146 4577 per
1162 4506 1299 4576 injuriam
1319 4506 1485 4577 pullularet.
1506 4506 1678 4565 statuerunt
1691 4508 1778 4565 etiam
1792 4512 1819 4564 ut

122 4597 336 4654 teuditcuriosa
345 4594 484 4666 suspicio,
495 4592 720 4664 utimagiuetnr,
731 4592 947 4664 prolatoapapa
1000 4600 1103 4651 cuncta
1122 4595 1317 4651 ecclesiastica
1338 4600 1514 4652 sacramenta
1534 4610 1599 4666 quae
1616 4597 1819 4655 Constantinus

122 4685 215 4741 Felice
234 4685 358 4754 judicio,
382 4690 478 4752 postea
500 4681 675 4739 inelicaeiter
697 4682 726 4739 in
748 4684 944 4755 sacramentis,
1001 4692 1154 4756 peregerat,
1194 4685 1322 4741 iteranda
1355 4690 1452 4741 essent
1483 4684 1593 4756 absque
1623 4685 1768 4759 baptismo
1794 4690 1820 4742 et

122 4787 186 4843 quae
201 4772 322 4828 Aeacius
341 4771 502 4842 usurparit,
521 4771 624 4844 egisse,
638 4786 671 4829 ac
688 4772 806 4843 perinde
820 4786 869 4828 cos
883 4785 947 4828 me·
999 4774 1161 4831 chrismate.
1178 4777 1242 4831 Dar.
1256 4777 1407 4846 Nunquam
1419 4774 1580 4844 exemplum
1592 4789 1610 4832 a
1621 4777 1708 4835 malis
1718 4785 1762 4835 est
1772 4791 1819 4834 so·

122 4866 212 4930 tuere,
226 4861 277 4932 qui
288 4859 330 4917 rel
345 4860 374 4917 in
385 4861 662 4933 consecrationibus,
674 4862 717 4918 vel
731 4863 762 4918 in
773 4861 945 4933 baptismate
1000 4865 1143 4922 mendum.
1154 4866 1194 4921 Ειι
1207 4865 1252 4922 ιιι
1262 4865 1338 4920 enirn
1350 4879 1413 4935 quae
1424 4865 1453 4920 in
1464 4864 1667 4925 voluminibus
1680 4866 1817 4942 leguntur,

122 4949 284 5005 ministeria
304 4950 410 5007 tradita
429 4955 627 5022 susceperunt.
999 4967 1032 5010 ea
1044 4953 1223 5011 solummodo
1239 4953 1379 5009 imitanda
1392 4952 1434 5009 rel
1447 4950 1578 5009 iacienda
1593 4960 1665 5011 sunt
1677 4970 1743 5029 quaa
1753 4956 1817 5013 bona

121 5056 184 5113 Can.
216 5057 260 5110 Ill.
285 5086 321 5097 -
341 5057 476 5122 Οιοιιοιιο
504 5058 625 5128 Spiritus
653 5063 763 5113 sanetus
792 5059 945 5129 discipline
998 5040 1425 5113 esseillllbasslllfrfflalasslsteffl
1437 5042 1816 5113 ιθΰῑῑῦδθιὸθθῑιῦᾱιιῑῑιι

156 5128 271 5197 effatgiut
308 5131 410 5197 fictum,
450 5134 540 5183 tomen
576 5129 636 5197 ejrrs
673 5131 856 5185 ministerium
889 5146 944 5185 non
998 5138 1026 5187 et
1040 5132 1158 5187 omnino
1177 5131 1308 5188 carenda.
1331 5131 1400 5187 lnde
1414 5131 1544 5203 estquod
1562 5131 1746 5203 Abeljustus
1759 5134 1816 5190 lan·

157 5201 273 5255 deierat·
588 5229 590 5234 ’
998 5220 1093 5292 datur,
1116 5228 1144 5277 et
1162 5220 1230 5277 Abel
1246 5220 1391 5292 parricida
1413 5217 1585 5296 [fratricida]
1606 5223 1816 5280 condemnatur.

157 5308 214 5361 tur.
236 5304 382 5376 Quomodo
398 5318 465 5377 ergo
489 5305 518 5361 in
539 5306 614 5363 libro
631 5306 784 5377 Sapientiae
803 5309 943 5379 scriptum
1000 5312 1075 5379 inde,
1092 5311 1221 5382 inquam,
1236 5315 1279 5366 est
1294 5311 1370 5381 quod
1386 5310 1486 5367 Sintus
1503 5311 1644 5382 martyrio
1659 5319 1815 5377 coronatur,

120 5402 172 5468 est,
191 5395 345 5467 «Spiritus
360 5400 477 5450 sanctus
490 5395 656 5466 disciplinae
665 5395 782 5468 effugiet
797 5397 945 5469 detumet
999 5408 1028 5456 et
1044 5400 1175 5456 Liberius
1189 5400 1296 5456 triano
1315 5399 1476 5457 colluvione
1496 5401 1671 5458 maculatur.
1686 5401 1817 5471 Quocirca

120 5484 231 5541 auferet
245 5498 306 5540 sea
325 5482 551 5556 cogitationibus
571 5498 634 5554 quae
656 5490 725 5541 sunt
744 5484 807 5542 sine
826 5487 945 5545 intelle-
998 5489 1815 5563 Constantinusquineopbytus,armisquecircnmseptus,

78 5605 79 5609 =
122 5574 318 5645 contemp.
333 5573 366 5644 ι.)
380 5574 446 5630 ber.
468 5573 527 5630 iioe
545 5571 646 5631 beatus
667 5574 848 5645 Augustinus
871 5591 944 5634 con-
998 5577 1184 5648 apostolicam
1199 5576 1257 5634 sibi
1270 5576 1434 5634 cathedram
1451 5579 1614 5651 usurparit,
1624 5580 1693 5652 jure
1703 5581 1816 5639 dauna-
