3876 6090
111 246 162 306 alt

726 251 904 307 dredsedsll
925 248 1194 307 blatloihecnltll

113 376 397 450 nunquamquinque
412 382 662 435 autsexmeratus.
677 379 762 435 Etsic
775 378 938 435 inveniebat
951 377 980 438 A
994 379 1085 434 rantis
1106 377 1186 434 Ezidi
1209 377 1361 446 leuitatem,
1381 376 1502 432 accessit
1521 374 1556 431 ad
1580 389 1657 442 eum,
1679 375 1710 431 et

113 468 259 524 candelam
284 461 444 524 ordinatam
471 474 499 524 et
524 468 681 541 ardentem,
710 474 741 524 ut
756 483 816 524 eam
832 468 867 524 ad
885 468 939 523 iter

113 557 254 629 agendum
283 570 415 629 egressus
434 557 562 613 sinebat:
589 571 793 629 nunquamque
820 557 937 613 illama

114 644 265 714 semetipsa
281 644 449 701 exstinctam
466 645 549 717 vidit,
561 659 678 716 nequea
694 660 793 703 somno
806 658 938 718 surgens,

115 747 207 805 neque
221 733 257 789 ab
270 748 364 791 eremo
380 734 493 791 rediens
509 735 537 791 in
549 736 723 805 speluncam.

149 822 276 880 Basilius
298 825 502 880 sanctissimus
521 824 674 895 episcopus
701 826 818 896 hecyrae
845 825 936 882 dixit:

115 915 344 969 Demonstratum
357 919 408 985 est,
424 914 498 984 quod
519 914 639 985 antiqua
655 912 774 970 traditio
790 914 829 969 sit
841 928 941 971 sacra-

116 1016 179 1057 rum
190 1001 346 1073 imaginum
362 1004 547 1058 consuetudo.

150 1090 286 1146 Tanusius
301 1091 501 1146 sanctissimus
518 1086 679 1160 patriarcha
705 1092 799 1147 dixit:
815 1093 875 1148 lam
891 1107 942 1148 sa-

117 1180 181 1234 tiati
196 1193 297 1234 sumus
311 1193 345 1234 cx
362 1179 490 1249 paternis
504 1180 688 1252 testimoniis,
704 1186 732 1236 et
743 1181 939 1253 cognorimus

117 1268 185 1339 quia
213 1267 307 1338 prisca
330 1267 449 1323 traditio
478 1274 521 1324 est
549 1269 756 1327 venerabilium
783 1270 941 1343 imaginum

117 1356 231 1414 erectio.
260 1357 418 1413 sectatores
449 1357 541 1429 igitur
567 1373 668 1414 sumus
694 1363 857 1415 sanctorum
885 1361 942 1415 Pa-

118 1451 203 1502 trum.

152 1535 254 1591 500010
276 1535 404 1607 synodus
421 1535 514 1591 dixit:
545 1536 704 1593 sectatores
722 1541 750 1592 01
776 1538 940 1595 concordes.

153 1623 313 1695 Stephanus
337 1624 592 1681 reverendissimus
612 1626 768 1681 monachus
791 1626 883 1682 dixit:
908 1629 944 1682 Et

994 467 1124 523 divinare
1138 467 1266 538 quaedam
1281 469 1308 521 et
1319 465 1472 536 predicere
1484 464 1521 520 01.
1538 464 1649 534 Exque
1663 460 1729 535 igitr

992 561 1069 611 ctum
1082 561 1135 620 cst,
1149 560 1182 612 ut
1196 559 1328 624 acceptus
1343 560 1464 624 tyranno
1478 557 1506 608 et
1521 557 1620 625 gratus
1635 550 1728 608 edicer

993 644 1073 715 Volo,
1086 645 1192 714 inquit,
1207 644 1298 714 primo
1308 642 1476 700 consiliarie
1490 653 1505 683 ¹²
1519 655 1588 713 ,pro
1599 639 1728 712 symbola

993 733 1123 788 volentia}
1145 747 1200 803 qua
1221 733 1297 788 cirea
1323 738 1350 787 te
1369 732 1467 803 degeo,
1490 731 1599 786 dictare
1622 729 1677 785 tibi
1701 742 1728 785 m

995 824 1154 893 quemdam,
1180 837 1229 892 per
1251 834 1334 892 quem
1357 820 1474 876 facilius
1495 835 1528 875 ac
1548 819 1673 875 celerius
1695 818 1728 875 ad

996 911 1098 982 possis,
1116 917 1148 967 ut
1163 911 1284 966 addatur
1298 910 1351 965 tibi
1365 910 1428 965 11110
1440 909 1599 981 longitudo,
1611 914 1639 964 01
1652 921 1728 978 00111

995 1001 1079 1055 00011
1101 1001 1221 1073 triginta
1246 1001 1275 1055 10
1299 1000 1352 1054 hoc
1379 998 1543 1068 principatu
1559 1005 1619 1066 tuo,
1636 997 1661 1053 si
1679 999 1728 1053 tan

996 1104 1068 1159 opus
1085 1089 1252 1160 perduxeris
1267 1088 1351 1144 verba
1366 1101 1435 1142 mea.
1452 1087 1489 1142 ht
1504 1087 1646 1156 insipieus
1663 1085 1716 1141 illc

998 1192 1061 1248 nus,
1075 1184 1166 1234 mente
1181 1177 1302 1235 obtusus
1314 1177 1451 1234 auiditate
1464 1174 1728 1248 longaevitatisleral

997 1271 1106 1323 amator
1116 1267 1286 1323 deliciarum
1300 1272 1328 1322 01
1338 1266 1471 1337 petulans
1482 1261 1646 1339 [petulcus])
1658 1278 1728 1335 resp

996 1357 1069 1426 Quia
1085 1369 1263 1427 quecunque
1275 1355 1439 1424 dictaveris,
1454 1354 1636 1424 paratissime
1649 1352 1726 1409 10010

997 1446 1054 1502 1011
1069 1460 1183 1516 compos
1195 1444 1344 1515 exstitero,
1358 1444 1491 1500 maximis
1502 1449 1528 1499 te
1545 1442 1706 1499 honoribus
1720 1457 1728 1498 1

998 1535 1141 1605 pensando
1164 1533 1351 1604 locupletabo.
1366 1534 1402 1589 ht
1417 1547 1482 1588 1010
1495 1532 1638 1587 10001001
1652 1536 1728 1603 atqm

999 1639 1053 1680 001
1068 1624 1201 1680 llebrarus
1216 1623 1257 1680 ait
1271 1624 1306 1679 ad
1321 1636 1406 1680 cum:
1427 1621 1498 1677 lube
1510 1621 1608 1677 statim
1623 1620 1728 1691 absque

119 1712 193 1769 alios
205 1713 318 1769 codices
328 1712 466 1769 habemus
479 1714 515 1770 de
530 1728 615 1771 causa
625 1728 771 1772 sacrarum
784 1716 942 1788 imaginum
959 1700 985 1760 Β
998 1711 1430 1769 1111110001οΙ101001111011111
1444 1726 1495 1782 per
1509 1725 1620 1767 omnem
1630 1710 1726 1781 princi

121 1804 259 1872 usquead
275 1803 441 1874 quindecim
456 1822 462 1858 :
479 1808 507 1859 et
520 1809 553 1859 ut
567 1804 685 1874 jubetis.

154 1890 289 1946 Tarasius
310 1892 511 1948 sanctissimus
535 1892 698 1962 patriarcba
720 1894 815 1950 dixit:
832 1894 941 1966 llepleti

121 1994 221 2037 sumus
236 1984 322 2051 atque
338 1982 476 2037 contenti.

156 2070 395 2140 sanctasynodus
409 2069 505 2126 dixit:
521 2071 597 2127 Satis
607 2075 658 2128 est.

156 2157 291 2214 Tarasius
306 2158 509 2216 sanctissimus
520 2161 683 2230 patriarcba
695 2162 788 2218 dixit:
805 2160 945 2230 Quoniam

1000 1808 1080 1858 tuum
1096 1801 1267 1872 encyclicam
1283 1801 1445 1871 epistolam,
1463 1805 1495 1856 ut
1514 1813 1625 1856 omnem
1642 1799 1728 1873 imagi

1000 1887 1728 1962 picturamsiveintabulis,strepermusivainparil

1000 1981 1059 2037 sive
1074 1981 1104 2035 in
1119 1979 1196 2036 vasis
1207 1979 1297 2035 sacris
1312 1978 1477 2034 etvcstlbus
1487 1978 1635 2049 altarium,
1646 1982 1675 2032 01
1685 1992 1728 2049 qn

1002 2070 1198 2140 huiuscemodi
1219 2069 1403 2139 reperiuntur
1424 2068 1453 2122 in
1466 2068 1580 2124 cunetis
1593 2066 1728 2123 christia

1001 2159 1140 2230 ecclesiis,
1150 2158 1338 2215 exterminare
1346 2171 1378 2213 ac
1388 2156 1509 2228 perlecto
1521 2157 1663 2227 deponere
1673 2153 1728 2231 [011

121 2248 347 2305 demonstratum
369 2248 454 2303 estin
478 2249 647 2319 precedenti
674 2249 805 2322 lectione,
821 2251 889 2322 quia
911 2251 946 2307 ab
1003 2254 1079 2319 0001,
1096 2262 1127 2304 00
1141 2264 1167 2318 p.
1184 2244 1364 2321 domnnall:
1383 2261 1491 2302 necnon
1507 2251 1535 2302 et
1558 2249 1700 2317 quotquot
1714 2245 1728 2302 1

122 2335 258 2403 Hebraeis,
282 2340 309 2390 et
334 2336 462 2408 paganis,
486 2340 515 2392 ct
534 2338 696 2409 samaritis,
717 2352 749 2394 ac
771 2339 946 2410 Manichaeis,
1002 2337 1151 2393 civitatum
1164 2337 1199 2392 ad
1213 2340 1345 2393 ornatum
1357 2336 1602 2391 suntetdecorem
1614 2335 1643 2390 in
1657 2346 1728 2405 quae

123 2430 211 2495 atque
233 2425 444 2481 Phantasiastis
470 2430 603 2481 accusata
629 2431 672 2482 est
690 2426 816 2483 Ecclesia
834 2433 949 2499 propter
1003 2426 1207 2483 similitudine.
1224 2425 1298 2495 Quin
1319 2425 1428 2480 Satauae
1454 2424 1579 2496 maligna
1594 2421 1728 2493 operatio

122 2513 300 2570 uenerabiles
324 2514 474 2585 imagines,
498 2519 526 2569 01
544 2529 642 2571 omnes
661 2516 812 2573 certitlcati
837 2532 947 2586 sumus,
1004 2521 1051 2573 tus
1065 2513 1159 2571 ialsus
1172 2515 1290 2570 divinus
1311 2514 1434 2584 addidit,
1451 2528 1562 2570 omnem
1578 2512 1727 2569 similitud

122 2602 232 2669 justum
247 2605 291 2656 est
301 2602 387 2657 etiam
403 2601 520 2659 tratrem
534 2608 662 2659 nostrum
674 2605 948 2662 etdilectumdomi-
1004 2608 1220 2676 argumentatus
1243 2604 1305 2671 hoc,
1322 2607 1352 2659 ut
1378 2602 1588 2672 importabilem
1604 2600 1728 2658 ostender

125 2702 194 2746 rrum
221 2691 367 2762 loannem,
393 2696 421 2747 et
445 2691 501 2747 loci
526 2699 696 2748 seruatorem
726 2694 949 2763 apostolicarum
1006 2693 1145 2749 micitiam
1161 2706 1245 2763 quam
1258 2699 1357 2748 contra
1374 2706 1424 2747 nos
1443 2691 1564 2747 halarbat
1580 2687 1655 2764 [Gr.,
1672 2689 1728 2746 call

126 2778 255 2834 Orientis
265 2778 387 2851 sedium,
400 2780 520 2835 audire:
540 2780 952 2852 babctenimquamdamrela·
1006 2782 1114 2838 nullam
1130 2781 1323 2851 suspicionem
1340 2795 1399 2837 suae
1413 2786 1512 2836 contre
1533 2794 1584 2836 001
1600 2778 1728 2835 inimicit

126 2865 233 2922 tionem
254 2866 461 2938 insinuantem,
479 2868 553 2925 unde
570 2869 690 2939 coeperit
707 2871 864 2942 imaginum
887 2871 952 2928 sub
1007 2867 1703 2945 1011111111110000100000110000001001010
1718 2867 1727 2925 l

127 2956 231 3012 versic.

1007 2975 1077 3017 usus
1101 2959 1325 3015 obsecundavit:
1352 2964 1380 3013 ct
1402 2959 1518 3014 mittens
1537 2958 1671 3027 deposuit
1697 2955 1728 3013 ab

162 3044 403 3115 sanctasynodus
418 3045 511 3101 dixit:
528 3047 563 3102 Et
578 3047 743 3120 querimus,
764 3048 888 3119 domine,
905 3023 991 3106 au·C
1008 3048 1154 3120 prouincia
1179 3062 1242 3118 quae
1264 3047 1318 3103 sub
1333 3048 1395 3117 ipso
1417 3052 1488 3117 erat,
1505 3054 1617 3102 sanctas
1633 3046 1728 3119 imagi*

127 3133 191 3190 dire
203 3133 238 3188 de
251 3134 313 3189 hoc.

161 3224 283 3278 loannes
307 3222 563 3281 reverendissimus
588 3225 744 3282 monachus
765 3230 794 3282 et
814 3226 954 3283 1001101-

110 3309 410 3369 ’10101011001011001
431 3313 609 3384 pontillcum,
625 3328 641 3370 a
657 3314 777 3384 pittacio
792 3316 871 3387 legit.

163 3399 233 3457 Volo
248 3414 300 3473 ego
313 3399 436 3457 humilis
447 3406 475 3457 ct
490 3406 660 3460 cunctorum
674 3404 849 3461 norissimus
863 3409 955 3460 osten-

127 3489 955 3561 derecumomniveritateeorampresentiacsanetavesera

128 3583 157 3634 et
171 3591 250 3634 sacra
267 3577 385 3648 synodo,
402 3578 529 3648 qualiter
541 3583 569 3633 et
583 3580 698 3649 quando
709 3586 738 3636 et
758 3582 833 3638 unde
846 3581 956 3637 habue-

129 3665 170 3720 rit
192 3664 309 3720 initium
330 3663 453 3733 pessima
473 3669 501 3720 et
522 3666 578 3720 Deo
593 3679 678 3721 exosa
699 3667 757 3723 hare
775 3667 956 3725 Christianos

130 3751 328 3808 accusantium
344 3755 372 3807 et
394 3751 534 3822 imagines
555 3752 799 3826 confringentium
819 3756 954 3813 haeresis:

131 3838 299 3908 compendio
321 3838 462 3894 duntaxat
481 3841 622 3896 sermonis
649 3842 691 3897 uti
717 3858 884 3917 procurans,
908 3860 957 3915 per

131 3924 395 3995 chartamJ'udicari
405 3925 510 3983 bonum
525 3928 585 3984 lieri
597 3931 799 4000 narrationem,
816 3938 957 4003 quatenus

132 4013 175 4068 nil
190 4027 234 4069 me
246 4013 377 4070 veritatis
393 4014 487 4070 lateat.
503 4015 627 4074 drabum
645 4019 742 4089 itaque
758 4020 807 4090 qui
824 4021 887 4077 sine
901 4023 957 4079 beo

133 4106 211 4172 sunt,
235 4106 347 4159 mortuo
372 4107 503 4173 tyranno,
526 4105 614 4161 idest
632 4107 800 4165 consiliario
820 4107 956 4182 (seleman

132 4192 228 4245 autem
243 4193 305 4245 erat
320 4190 409 4260 hujus
424 4194 576 4266 001000)οἰ
593 4196 733 4252 successit
748 4197 884 4254 Umarus:
906 4199 957 4268 qui

133 4280 167 4336 ad
182 4279 378 4350 principatum
389 4284 555 4354 ascendens,
569 4297 632 4341 mox
646 4285 808 4341 accersiens
824 4288 959 4357 pepulite

1008 3137 1138 3194 residuas
1162 3136 1387 3192 similitudines:
1412 3136 1505 3192 ethoc
1528 3136 1610 3192 modo
1635 3148 1728 3207 nouy

1007 3225 1170 3295 deturpavit
1179 3225 1320 3281 Ecclesiae
1331 3225 1380 3280 bei
1393 3225 1606 3295 paraeneticum
1618 3223 1728 3280 habram

1009 3320 1146 3385 potestate
1160 3327 1212 3370 sua
1231 3313 1313 3385 sitas,
1330 3319 1482 3384 autequam
1499 3312 1659 3382 perveniret
1675 3311 1728 3368 mal

1009 3411 1112 3460 terram
1139 3403 1230 3459 istam.
1257 3404 1344 3459 l‘orro
1373 3401 1553 3474 fugientibus
1575 3403 1632 3457 Deo
1657 3400 1728 3458 amal

1008 3492 1192 3562 Christianis,
1209 3506 1243 3547 ne
1259 3492 1386 3562 propriis
1408 3491 1542 3547 manibus
1562 3490 1728 3549 subvertere

1009 3586 1070 3636 ctas
1092 3580 1241 3652 imagines,
1256 3580 1387 3636 Hebraeos
1407 3582 1464 3636 Deo
1478 3579 1613 3649 odibiles,
1626 3584 1654 3635 ct
1677 3579 1728 3636 vili

1009 3668 1116 3725 Arabes
1137 3669 1332 3740 angariabant,
1350 3669 1400 3739 qui
1423 3669 1457 3724 ad
1480 3669 1532 3724 hoc
1548 3668 1629 3724 missi
1644 3671 1729 3725 erant

1011 3759 1079 3814 raei:
1097 3758 1196 3828 sicque
1218 3758 1596 3814 incendebantrenerabiles
1618 3757 1728 3830 iconas,

1012 3861 1073 3903 mos
1091 3847 1275 3903 ecclesiarum
1292 3846 1375 3902 modo
1398 3847 1513 3917 quidem
1530 3846 1677 3918 linientes,
1695 3860 1728 3903 me

1012 3941 1067 3992 tem
1082 3936 1237 3993 eradentes.
1252 3936 1363 4006 Quibus
1372 3936 1493 4008 auditis,
1510 3936 1728 4008 pseudoepiscoy

1012 4025 1104 4095 coliae,
1119 4031 1147 4080 et
1163 4025 1192 4080 hi
1208 4026 1258 4096 qui
1273 4025 1350 4081 circa
1366 4025 1561 4095 ipsumerant,
1579 4025 1687 4081 imitati
1703 4040 1728 4082 11

1013 4128 1085 4185 quos
1103 4113 1238 4169 videlicet
1255 4114 1368 4170 ludaeas
1383 4119 1410 4169 el
1426 4114 1533 4184 impios
1555 4112 1674 4185 Arabes,
1700 4114 1728 4170 iu

1014 4201 1168 4258 inserentes
1182 4202 1313 4258 ecclesiis
1327 4203 1388 4258 Dei.
1405 4205 1619 4258 Justumautem
1633 4202 1728 4272 iudici

1013 4296 1106 4347 restro
1122 4291 1256 4348 intimare
1273 4292 1399 4362 auditui,
1419 4291 1531 4362 qualem
1547 4290 1635 4346 miser
1648 4290 1728 4348 illed

134 4367 211 4426 fossa
226 4370 383 4439 projectum
401 4367 475 4445 [Gr.,
488 4386 504 4428 e
519 4371 595 4429 10110
615 4373 840 4450 projiciendum]
862 4377 960 4433 110101-
973 4361 1000 4422 D
1015 4381 1155 4436 veneticus
1172 4380 1306 4437 llebreeus
1327 4381 1495 4450 susceperit.
1512 4380 1673 4436 cumcuim
1697 4380 1728 4438 ht

135 4471 238 4514 mama
254 4463 329 4516 terra
345 4459 408 4527 bae,
434 4476 499 4518 cum
524 4465 598 4517 esset
621 4462 712 4518 hostis
734 4463 956 4522 insanissimus:
1014 4474 1057 4526 set
1071 4468 1220 4540 symbulus
1228 4469 1343 4540 Ezidus,
1355 4483 1410 4525 non
1425 4469 1490 4539 plus
1501 4469 1728 4540 quamduobuse

136 4547 187 4619 qui
217 4549 312 4620 magni
335 4549 385 4605 liei
408 4554 435 4606 et
460 4549 616 4607 salvatoris
640 4553 732 4608 nostri
758 4555 824 4610 lesu
851 4555 958 4613 Christi
1014 4558 1137 4614 dimidio
1156 4558 1253 4614 vivens
1270 4558 1425 4615 defunctus
1439 4565 1492 4630 est,
1510 4563 1538 4613 et
1551 4560 1681 4629 perrexit
1695 4558 1727 4615 10

136 4637 239 4708 gratia,
267 4642 295 4693 01
322 4639 511 4695 sanctissimae
534 4641 584 4696 bei
612 4642 764 4713 genitricis
789 4659 851 4714 quae
877 4645 960 4702 illum
1015 4652 1162 4703 eternum.
1192 4648 1226 4701 Et
1251 4647 1391 4719 imagines
1414 4647 1529 4718 quidem
1555 4647 1583 4701 in
1613 4647 1728 4718 antique

137 4724 257 4794 peperit,
281 4739 346 4781 cum
361 4725 531 4783 contusione
552 4729 642 4784 multa
662 4735 691 4785 01
705 4732 867 4801 perditione
891 4748 962 4803 pro-
1016 4741 1119 4793 10001
1143 4735 1248 4792 honore
1273 4736 1414 4792 restitutae
1438 4738 1625 4792 1001.Ρο110
1649 4736 1728 4806 hujux

137 4811 208 4883 prim
235 4813 439 4871 Saracenorum
469 4817 582 4873 militiae
611 4833 740 4877 10101101
768 4826 813 4877 est
839 4823 960 4894 syriam,
1016 4824 1119 4881 Ulidus
1147 4826 1262 4881 nomine
1291 4825 1469 4896 indignatus,
1497 4832 1632 4896 tranquam
1668 4825 1728 4882 hom

138 4900 180 4955 011
208 4915 306 4958 001001
332 4918 394 4973 quac
416 4905 548 4975 sperabat
572 4908 702 4978 adeptus.
731 4910 843 4968 hlortuo
866 4917 961 4968 autem
1017 4916 1061 4971 sui
1093 4914 1184 4985 patris
1217 4918 1372 4970 veneticum
1401 4914 1570 4983 turpissima
1599 4920 1689 4970 morte
1718 4913 1728 4969 1

136 4991 240 5046 Umaro
255 4991 427 5066 subrogatus
450 5001 494 5052 cst
516 4998 631 5068 Ezidus,
648 4999 694 5054 111
713 5000 831 5070 quidam
855 5001 963 5057 1011101
1015 5004 1114 5073 jussit,
1130 5003 1217 5074 digna
1238 5017 1288 5073 pro
1305 5002 1379 5059 tacto
1397 5002 1475 5058 111110
1487 5003 1679 5059 divinationis
1694 5018 1728 5059 10

140 5078 265 5135 mobilis
283 5081 349 5138 Erat
363 5089 457 5140 autem
472 5085 622 5141 Tiberiade
637 5087 740 5143 ductor
753 5089 870 5158 quidam
887 5105 964 5160 pree-
1018 5097 1134 5147 tantem.

139 5168 331 5225 varicatorum
345 5172 537 5246 llebraeorum,
556 5175 697 5232 veneticus
718 5177 847 5250 divinus,
863 5180 964 5238 dmruo
1053 5182 1259 5238 sanctissimus
1280 5183 1432 5253 episcopus
1455 5183 1590 5238 blessanee
1614 5182 1709 5238 dixit:

141 5271 209 5313 num
238 5258 350 5315 animas
376 5261 542 5318 laedentium
569 5277 718 5336 organum,
744 5268 963 5339 cognominatus
1021 5272 1158 5342 puerulus
1172 5285 1247 5327 eram
1265 5273 1293 5327 in
1308 5273 1399 5343 Syria,
1422 5286 1486 5327 cum
1505 5271 1713 5327 saracenorum

141 5346 374 5421 sarantapechys,
391 5350 500 5421 impius
522 5352 659 5409 inimicus
674 5354 808 5411 Ecclesiae
821 5357 882 5413 Dei.
908 5358 963 5429 Qui
1020 5360 1066 5416 101
1082 5359 1221 5432 imagines
1235 5361 1421 5416 subverteret.

142 5434 690 5509 1110110010000111110011101001000]
705 5444 857 5504 didicisset
872 5447 967 5520 impe-
1055 5448 1161 5504 Sabbas
1176 5449 1430 5506 reverendissimus
1446 5449 1603 5506 monachus
1618 5453 1646 5505 et
1666 5449 1728 5522 hege

184 5545 199 5575 ³
213 5532 359 5593 Anastasii
374 5536 458 5594 verba
476 5538 531 5594 :Sic
548 5541 618 5619 enim
633 5539 717 5598 draci
730 5546 871 5616 appellaret
882 5563 971 5616 repent
984 5545 1190 5602 Saracenorum.
