3876 6090
518 245 703 318 erroreum,
723 243 923 303 nnrounrn
941 247 984 304 nr
1003 247 1209 305 rrrrvrnecm.
1663 247 1720 310 aaa

98 371 130 429 ln
141 370 265 443 incoqui
280 373 390 430 dicitur
401 370 606 429 wildeshusen
616 371 758 442 aejosdem
773 384 838 428 con·
852 371 879 431 Α
893 371 1038 444 episcopo,
1055 372 1116 442 ipse
1126 373 1375 430 veniredistnlisti
1388 379 1442 430 eta
1455 374 1620 435 todireotis.
1631 381 1717 446 prout

86 460 180 517 tionis
193 461 391 532 intentionem,
413 466 442 517 ei
461 461 586 533 qualiter
600 461 634 517 ad
653 461 728 516 idern
744 460 836 516 colle-
894 459 948 531 ipsi
959 457 1131 531 fatebantur,
1141 460 1356 517 vicariationem
1368 467 1445 519 tuam
1458 462 1493 518 ad
1506 462 1647 534 integrum
1660 479 1716 523 non

86 549 136 607 ‚de
149 549 235 606 rebus
249 549 311 607 suis
333 554 441 620 partem
451 549 620 622 assignavit,
642 553 706 620 post
723 548 834 605 obitum
891 548 1074 623 commisisti,
1087 550 1170 606 dnem
1186 550 1331 621 imponere
1347 556 1431 606 muter
1445 551 1492 607 liti
1508 551 1664 623 noluimus,
1681 567 1718 610 ne

88 638 394 702 ein,venerabilisviri
408 637 836 710 dlinsetvenerabilisepisco-
890 637 1040 709 quippiam
1061 652 1238 710 praepropere
1268 640 1398 696 sanxisse
1421 639 1593 696 videremur.
1610 640 1663 697 Sed
1684 646 1717 697 ul

86 727 833 800 lllihrbertusdellerdensiEcclesianobissuggesslt,
891 727 932 782 rei
951 728 1057 784 veritas
1079 729 1109 785 in
1134 729 1285 786 clariorem
1309 730 1401 786 lucem
1423 734 1562 802 erumpat,
1584 729 1716 807 Eolhoni,

86 817 176 874 missa
199 816 282 873 nobis
307 816 420 889 pagina,
448 817 478 873 in
500 832 557 889 qua
579 818 780 874 continebatur
807 824 836 874 et
892 816 1047 874 venerabili
1094 818 1263 876 Rhemen'sis
1299 818 1451 892 (Ecclesiae)
1488 820 1715 894 archiepiscopo,

86 906 288 979 npatrisejus,
303 905 601 979 plenissimedigesta,
616 905 835 978 etsubscriptio
891 905 1072 980 scripsimus,
1085 914 1117 964 nt
1129 915 1227 966 nostra
1237 909 1298 966 vire
1307 910 1383 981 apud
1393 909 1565 982 vangionem
1574 911 1715 982 synodum

86 1008 238 1068 ¹nquorum
270 995 333 1066 eius
359 995 488 1053 omnium
521 997 557 1052 ad
588 994 834 1053 confirmationem
890 1000 1024 1053 convocet
1038 1010 1133 1054 mense
1147 999 1287 1070 Augusto,
1310 998 1341 1054 in
1355 999 1558 1070 assumptione
1569 999 1619 1056 Dei
1630 1001 1717 1072 geni·

87 1098 134 1143 oni
156 1085 225 1141 voti.
247 1086 283 1141 Et
304 1085 373 1156 quia
391 1085 465 1142 idem
489 1085 662 1142 venerabilis
680 1084 833 1157 episcopus
890 1082 974 1140 tricis
987 1083 1331 1157 virginishlariaeiuturae
1341 1086 1717 1158 beopropitiodecimoin·

86 1173 335 1231 tinstitutionem
358 1172 467 1245 pralon
498 1173 614 1247 collegii
637 1174 669 1230 in
696 1173 831 1245 praedicta
888 1170 1038 1244 dictionis,
1053 1173 1087 1230 ad
1104 1188 1188 1246 quam
1203 1180 1280 1232 tuam
1295 1176 1481 1234 reverentiam
1501 1177 1714 1236 etSnnderoldi

86 1263 256 1336 adigestam
271 1261 381 1319 anobis
393 1262 556 1319 confirmari
571 1262 665 1334 petiit,
676 1263 833 1319 statuimus
887 1259 1060 1317 venerabilis
1074 1262 1295 1335 archiepiscopi,
1318 1268 1506 1337 utrorumque
1518 1265 1716 1339 suffraganco-

86 1350 156 1409 lhac
166 1356 263 1409 nostra
273 1353 445 1409 auctoritate
455 1353 612 1410 subdivini
626 1352 732 1424 iudicii
749 1352 833 1409 obte-
888 1362 951 1405 rum
963 1348 1129 1407 etaliininm
1143 1350 1391 1410 sanctissimorum
1401 1354 1600 1426 episcoporum
1610 1357 1713 1410 coetnm

86 1454 129 1497 me
140 1440 285 1511 jubemus,
302 1445 342 1512 ut,
360 1455 410 1498 nec
425 1442 587 1512 episcopus,
608 1456 659 1498 nec
673 1442 832 1513 aliquisne
887 1438 1038 1496 convenire
1060 1453 1216 1498 monemus.
1238 1441 1292 1498 Cui
1313 1446 1342 1498 et
1364 1444 1493 1500 eumdem
1515 1443 1711 1516 adalgarium,

86 1528 173 1587 itione
187 1530 259 1601 ejus,
273 1529 316 1584 vel
330 1531 429 1600 aliqua
440 1544 560 1601 persona
574 1531 634 1587 sive
656 1543 757 1602 magna
772 1531 832 1587 sive
887 1527 1149 1586 reverentissimum
1169 1533 1345 1605 episcopum,
1363 1534 1500 1591 interesse
1519 1535 1711 1607 iniunximus,

86 1660 100 1691 .,
123 1618 177 1674 hoc
200 1618 305 1674 audeat
330 1617 498 1691 intringere.
520 1619 600 1689 Quod
622 1620 648 1676 si
664 1620 829 1691 quisquam,
887 1622 1028 1686 quatenus
1043 1616 1116 1675 iacta
1130 1620 1204 1678 inibi
1215 1624 1390 1681 examinatio
1405 1624 1474 1695 quid
1490 1625 1596 1696 cuique
1607 1624 1714 1682 debea-

93 1719 153 1765 oon
173 1713 315 1778 optamus,
338 1714 437 1765 contra
464 1708 516 1765 hoc
535 1716 664 1768 nostrum
685 1710 870 1772 decretumss
886 1708 934 1761 tur
954 1708 1095 1780 ostendat,
1120 1710 1233 1769 nullum
1265 1719 1359 1770 tamen
1388 1714 1516 1785 imponat
1545 1713 1710 1771 terminum.

86 1795 275 1866 etentaverit,
287 1795 399 1853 sciatse
418 1797 448 1852 in
459 1798 507 1855 die
517 1799 623 1869 judicii
639 1800 831 1862 anathematis
884 1793 992 1851 Deinde
1011 1799 1148 1868 utrosque
1171 1814 1230 1871 vos,
1247 1802 1272 1858 si
1293 1801 1416 1861 incultas
1430 1801 1567 1875 suppetit,
1581 1801 1712 1874 alioquin

86 1896 140 1942 one
177 1884 405 1954 percutiendum,
436 1890 522 1957 atque
550 1894 692 1959 perpetua
723 1889 828 1948 ultioni
886 1888 957 1944 itaa
982 1886 1064 1946 vobis
1083 1889 1216 1961 utrisque
1231 1891 1391 1950 instructos
1410 1893 1519 1967 legatos
1536 1896 1572 1952 ad
1586 1899 1712 1953 nostram

92 1970 240 2029 diabolica
255 1976 332 2028 sorte
355 1972 558 2031 damnandum.
575 1977 713 2047 Optamus
735 1991 783 2035 vos
799 1979 829 2036 in
884 1978 1064 2050 presentiam
1091 1979 1225 2051 jubemus
1251 1980 1381 2054 dirigito,
1412 1983 1602 2041 vicariatione
1620 1989 1713 2042 vestra

86 2062 118 2117 to
130 2058 203 2116 bene
222 2059 324 2117 valere.
338 2062 408 2116 bata
428 2063 546 2121 Kalend.
565 2065 656 2139 lunii,
672 2066 831 2126 indictione
886 2067 1039 2125 commissa
1053 2074 1086 2126 ut
1106 2069 1286 2141 disceptandi
1301 2076 1331 2128 et
1343 2070 1523 2130 deliberandi
1534 2072 1657 2131 habeant
1671 2074 1712 2131 li-

886 2155 1075 2229 beralitatem,
1097 2158 1166 2229 quia
1183 2163 1213 2215 ct
1229 2159 1265 2216 ad
1288 2159 1342 2217 hoc
1367 2160 1637 2220 reverendissimum
1653 2162 1717 2220 Eol.

357 2262 474 2319 χχχῃ,
886 2245 987 2302 ionem
1000 2247 1152 2317 presidere
1166 2247 1240 2304 inibi
1255 2248 1449 2320 instituimus,
1464 2254 1497 2307 ut
1508 2250 1635 2308 veridica
1648 2253 1712 2323 ejus

885 2333 1044 2391 assertione
1058 2349 1108 2405 per
1128 2340 1277 2394 strenuum
1301 2337 1475 2409 episcopalis
1487 2339 1601 2396 ordinis
1616 2339 1711 2397 virum

108 2416 146 2461 ΑΒ
163 2418 350 2466 nnnuuauuuu
364 2419 720 2468 0⁰i01llssllsiiissl'1800illll·
887 2435 1003 2480 noscere
1016 2423 1161 2482 valeamus
1176 2424 1217 2481 rei
1230 2424 1389 2498 veritatem,
1405 2427 1503 2484 omnia
1523 2426 1712 2501 ambignitate

322 2530 412 2602 (Anu,
436 2530 510 2606 894.)
885 2512 1054 2585 postposita,
1069 2514 1160 2586 etita,
1180 2514 1237 2570 Deo
1255 2511 1377 2586 iouente,
1391 2514 1561 2588 deliberare,
1575 2521 1608 2574 ut
1622 2517 1713 2575 nullis

885 2603 961 2660 ultra
987 2601 1166 2674 temporibus
1184 2603 1220 2659 de
1247 2603 1300 2660 hoc
1319 2604 1512 2662 necessarium
1537 2604 1577 2663 sit
1604 2610 1713 2666 vertere

86 2690 129 2750 nd
167 2693 359 2767 lappenberg,
393 2697 622 2766 llomburgiaches
662 2697 830 2754 Urhundeu-
884 2692 1082 2765 quaestionem.

304 2784 381 2857 buch,
410 2800 437 2857 il·
468 2783 526 2858 7⁸]
1185 2837 1413 2902 APPENDIX.

962 3006 1119 3052 talamona
1145 3007 1187 3050 AD
1201 3005 1342 3066 SELVAM,
1364 3008 1570 3056 merdinum
1589 3011 1630 3055 ΕΤ

1198 3085 1408 3133 PRODOINUM·

86 2954 197 3000 omnus
216 2945 379 3019 episcopus,
394 2962 494 3006 servus
509 2962 655 3007 servornm
670 2950 731 3020 Dei,
746 2962 828 3006 reve-

86 3031 168 3090 ulmo
191 3038 219 3090 et
239 3036 423 3095 sanctissimo
450 3037 587 3097 eooiratri
613 3044 721 3112 nostro,
737 3038 865 3102 ilem-c

86 3136 103 3193 l,
123 3121 290 3194 Agrippinae
304 3124 428 3182 Coloniae
439 3127 666 3200 archiepiscopo.

86 3211 152 3269 bris
173 3213 233 3269 tuis
256 3214 346 3273 multa
361 3217 526 3288 prolixitate
549 3217 758 3276 auctuantibus
772 3217 826 3275 sub
1138 3200 1281 3273 Stellh³⁰⁰
1292 3204 1315 3259 V
1328 3202 1447 3260 tributa·

86 3304 138 3358 tate
152 3304 322 3373 respondere
337 3307 534 3378 praevidemus,
551 3309 630 3380 quia,
645 3307 825 3365 diversarum
962 3365 996 3376 ..
1059 3364 1064 3376 .

86 3387 211 3447 neiarum
231 3406 296 3448 oum
318 3393 353 3450 ad
375 3395 469 3452 sedem
488 3397 673 3467 apostolicam
698 3397 760 3453 sine
776 3397 826 3453 ino
876 3360 1229 3489 ῙΜηὸῑωΝΤῙέζὲῦοξξ
1242 3362 1707 3494 ‘cgfflwssffisufgpessnfffflfflescg

86 3476 181 3536 ssione
215 3482 301 3538 variae
343 3487 494 3543 confluunt
534 3486 716 3558 questiones,
752 3499 825 3557 quas
913 3448 1148 3576 mongwppm
1165 3451 1357 3561 apq'semmvga
1378 3505 1433 3560 papa
1452 3452 1485 3561 ἒξ,
1505 3452 1624 3574 falsam
1636 3455 1708 3568 §aa

86 3567 259 3638 ecponsione
271 3571 380 3629 solvere
395 3586 450 3629 non
466 3578 586 3647 oportet,
604 3574 660 3631 nisi
678 3575 825 3632 succincta
917 3577 1243 3645 bonensisorchicpiscopi
1255 3577 1418 3632 concionata
1431 3578 1462 3633 in
1478 3579 1706 3638 Tarraconensem

86 3652 178 3711 oderit
191 3657 336 3730 schedula,
350 3660 422 3730 ipsis
433 3661 520 3717 etiam
533 3661 657 3718 notariis
669 3667 826 3719 verteretur
917 3649 1040 3720 “titique
1050 3648 1184 3718 Willis
1201 3649 1349 3718 Hisiiiim-

86 3744 221 3802 nauaiam.
265 3749 400 3818 Quereris
446 3753 623 3809 bremensem
671 3751 826 3808 Ecclesiam
988 3770 1598 3850 [Apudpansq‚00n0qaaramtom0vn1.]
1682 3841 1685 3845 ,

88 3830 165 3903 pinae
188 3833 313 3892 Coloniae
339 3839 399 3894 sedi
431 3837 522 3897 inisse
548 3840 715 3912 subjectam,
742 3839 826 3910 ouius

86 3919 133 3977 alu
144 3923 266 3981 antistes
281 3940 371 3997 nuper
384 3928 420 3983 ad
437 3942 488 3985 nos
499 3929 629 4001 dirigens
644 3936 672 3984 et
685 3942 761 3985 nunc
776 3941 826 3998 per
1368 3985 1374 3997 .

105 4013 252 4079 medens,
274 4016 407 4073 Ecclesia,
432 4032 491 4073 Μ
513 4018 665 4090 privilegia
686 4031 702 4073 a
731 4023 758 4074 ,e
781 4017 824 4072 ,el
879 3988 1028 4043 Enueurno
1042 3991 1128 4056 atque
1142 3987 1280 4041 Fronovuo
1295 3985 1509 4043 barcinonensi.

86 4112 176 4157 ecaore
189 4107 238 4159 tuo
250 4110 369 4174 questus
383 4111 426 4163 eet
441 4107 548 4164 violare
556 4108 710 4164 conarille
724 4106 825 4163 Eccle-
897 4100 899 4107 ’
914 4110 1043 4178 Noveris,
1061 4109 1188 4180 inquam,
1212 4108 1336 4176 noveris,
1351 4108 1431 4165 Seiva
1450 4107 1547 4179 irater,
1564 4111 1591 4168 si
1606 4110 1651 4169 ias
1661 4118 1704 4170 est

86 4201 107 4244 o
127 4190 226 4261 caque
250 4192 411 4266 privilegio,
429 4195 503 4266 quon
518 4202 658 4253 termium
673 4195 825 4267 longitudo
880 4182 1006 4239 interno
1021 4187 1048 4238 te
1060 4181 1155 4237 vocari
1179 4179 1281 4236 cenea
1294 4179 1443 4250 vocabulo,
1458 4182 1534 4252 quon
1547 4195 1582 4238 οι
1617 4198 1706 4241 rute-

86 4276 151 4336 m
173 4284 201 4335 et
882 4249 1705 4396 ..ιι

86 4363 171 4438 “tit
183 4371 482 4440 eucratadarum
495 4387 545 4443 pro
558 4373 824 4446 rroacucujuaquam
838 4396 866 4458 n
880 4396 1004 4453 arvenis
1021 4395 1218 4452 celebraturus
1243 4391 1377 4463 negotiis,
1392 4406 1456 4448 cum
1477 4393 1600 4464 aliquo
1614 4396 1707 4465 coepi-

86 4472 224 4516 ennomus.
239 4460 383 4532 Scriptum
397 4463 504 4533 quippe
518 4468 563 4519 est
577 4482 584 4518 :
609 4464 726 4518 doceam
742 4479 825 4534 quom
880 4468 976 4537 scopis
986 4473 1014 4523 et
1026 4463 1279 4523 consacerdotibus
1290 4462 1504 4533 pontincalihus
1520 4463 1624 4521 infulis
1636 4466 1705 4523 insi·

86 4547 157 4620 Mm,
188 4549 417 4620 dil(ig)entissime
446 4554 643 4622 investigabam
666 4553 736 4624 (lob.
760 4566 823 4624 xix,
880 4539 970 4623 &¹¹¹¹ss
992 4533 1347 4619 (illiflllffliifflffdwbusr
1370 4534 1421 4605 (1¹¹¹
1446 4534 1539 4591 eidem
1555 4535 1705 4619 Πρω-ΨΜ

86 4650 126 4696 ua
145 4652 197 4710 pro
212 4653 242 4696 re
262 4654 317 4697 non
339 4647 497 4699 atramento
511 4648 538 4700 et
552 4643 677 4715 pellibus
690 4644 826 4700 haecdis-
881 4608 1075 4666 mmmmm
1111 4607 1245 4664 ⁰⁰¹¹⁰¹¹¹⁰'
1272 4607 1342 4660 Nam
1375 4619 1440 4660 ⁰⁰¹⁰
1465 4607 1502 4663 ⁴¹⁰
1532 4606 1704 4677 ‘mmmm

788 4733 794 4744 ,
880 4679 1085 4738 ecclesiasticis
1116 4678 1214 4735 causis
1235 4691 1252 4734 a
1271 4677 1354 4733 nobis
1388 4674 1513 4734 sollicite
1532 4682 1705 4737 tractaretur

86 4729 291 4786 lwfloedissdi
317 4737 369 4803 θὸῑι
403 4731 450 4787 ⁵01¹
475 4732 636 4789 alternandi
666 4731 827 4804 semidii)-
881 4752 994 4822 riteque
1017 4750 1142 4822 qualiter
1163 4762 1192 4805 se
1217 4748 1320 4805 habere
1340 4747 1475 4805 deberent
1502 4748 1707 4820 disponeretur

86 4829 112 4874 ro
133 4817 189 4874 sub
208 4820 319 4877 cautela
338 4827 366 4877 et
386 4821 527 4894 diligendi
550 4821 762 4878 examinatione
784 4821 826 4877 li·
881 4824 957 4879 inter
971 4828 1072 4879 cetera
1085 4833 1173 4892 quea
1194 4819 1277 4876 nobis
1289 4820 1368 4888 justo
1379 4819 1606 4877 decernebantur
1619 4828 1705 4894 atque

87 4920 115 4965 ῃ,
143 4907 223 4966 unqe
237 4916 349 4981 worm
363 4918 500 4983 uirosque
519 4926 569 4968 ,05
590 4912 620 4969 gn
636 4917 761 4968 nostram
775 4923 826 4967 ve.
881 4893 1081 4952 statuebantur
1098 4891 1222 4962 judicio,
1234 4895 1348 4946 ventum
1361 4890 1451 4947 estad
1467 4897 1524 4948 ino
1540 4892 1707 4950 insolentis·

86 5001 259 5057 nraesentiam
272 5006 301 5057 et
321 5003 457 5073 synodica
474 5003 520 5059 his
534 5002 702 5060 debnitione
724 5000 828 5058 termi—
882 4964 1555 5103 {ffiffissffgdffiecgffffssufflfflflfflffiaffl
1565 4964 1703 5092 &ciffis

86 5088 235 5161 inimisit
259 5105 293 5147 1¹0
309 5092 454 5148 ulterialis
467 5093 594 5149 rediviva
616 5092 745 5164 quolibet
759 5093 827 5151 0⁶¹⁰
883 5115 939 5167 tuae
951 5107 1097 5167 stomacho
1108 5105 1256 5174 rebellare,
1273 5104 1331 5160 imo
1347 5103 1479 5160 resistere
1494 5107 1705 5178 praesumpsisti

86 5192 151 5236 nam
176 5179 344 5238 charitatem
357 5180 496 5238 obfuscet.
513 5181 597 5238 Nefas
611 5183 718 5254 quippe
731 5188 784 5250 est,
800 5183 825 5239 si
881 5174 1707 5251 Deiomnlpotentisperpetuadispositioni.volensipsius,

915 3897 1085 3967 Srnenanus,
1126 3909 1226 3953 servus
1262 3908 1407 3953 servorum
1444 3897 1505 3968 bei,
1534 3897 1643 3972 Senum,
1678 3905 1707 3958 ot

86 5271 118 5328 η,
143 5270 174 5327 gn
199 5271 314 5342 specul,
330 5271 418 5342 posin
434 5276 503 5328 sung
527 5278 555 5328 g,
568 5271 642 5329 3150,
658 5272 766 5329 lumine
780 5274 826 5331 sup
882 5248 1306 5322 sanctorumqueapostolorum
1316 5247 1532 5320 ejusinstituta,
1542 5247 1708 5319 specialiter

86 5358 119 5417 >li
135 5361 289 5416 accendere
302 5360 405 5418 debent
419 5360 454 5416 ad
468 5361 651 5417 dilectionem
672 5362 828 5419 ducatum-
883 5323 1046 5452 ζξξῖῃξξῃ
1056 5319 1569 5463 „mueaffisgfllalsdecrssnxginffisffi
1587 5323 1710 5445 tffiffls

86 5448 203 5508 While
216 5450 251 5506 Μ
272 5450 427 5520 l'llsffl'liffla
453 5449 565 5521 lupinis
579 5464 609 5506 ⁸⁰
624 5450 768 5506 ffl⁰l⁸lb¹¹⁸
782 5451 829 5507 ¹³·
885 5479 988 5541 ponam
1002 5465 1177 5537 diligenter,
1202 5462 1258 5533 ipsi
1281 5463 1350 5518 olim
1365 5476 1382 5518 a
1395 5461 1516 5517 Domino
1533 5465 1631 5516 nostro
1642 5458 1707 5540 lma

86 5580 91 5595 .
116 5540 222 5599 Verum
244 5539 323 5611 quio,
337 5540 467 5597 veniente
485 5539 649 5613 adalgario,
671 5539 827 5598 venorabili
877 5539 993 5599 Christo
1014 5534 1189 5593 universalis
1203 5531 1341 5605 Ecclesia,
1358 5545 1414 5588 non
1426 5531 1519 5587 solum
1534 5526 1709 5602 generaliter

86 5701 132 5763 uid
149 5702 287 5762 irecense
309 5716 389 5761 conc.
417 5715 483 5762 cum
505 5700 612 5776 Odone,
633 5705 662 5759 et
683 5714 822 5773 quorsum
843 5693 1298 5776 imperatoriileeomniavaide
1312 5693 1452 5763 suspecta.
