<?xml version="1.0" encoding="UTF-8"?>
<!DOCTYPE html PUBLIC "-//W3C//DTD XHTML 1.0 Transitional//EN"
    "http://www.w3.org/TR/xhtml1/DTD/xhtml1-transitional.dtd">
<html xmlns="http://www.w3.org/1999/xhtml" xml:lang="en" lang="en">
 <head>
  <title>
</title>
<meta http-equiv="Content-Type" content="text/html;charset=utf-8" />
  <meta name='ocr-system' content='tesseract 3.04.00' />
  <meta name='ocr-capabilities' content='ocr_page ocr_carea ocr_par ocr_line ocrx_word'/>
</head>
<body>
  <div class='ocr_page' id='page_1' title='image "./patrologiaecurs06migngoog_0368.png"; bbox 0 0 3876 6090; ppageno 0'>
   <div class='ocr_carea' id='block_1_1' title="bbox 419 256 1690 328">
    <p class='ocr_par' dir='ltr' id='par_1_1' title="bbox 419 256 1690 328">
     <span class='ocr_line' id='line_1_1' title="bbox 419 256 1690 328; baseline 0.01 -13"><span class='ocrx_word' id='word_1_1' title='bbox 419 256 671 315; x_wconf 75' lang='lat' dir='ltr'><strong>collactanea</strong></span> <span class='ocrx_word' id='word_1_2' title='bbox 691 288 728 300; x_wconf 94' lang='lat'>-</span> <span class='ocrx_word' id='word_1_3' title='bbox 745 259 791 315; x_wconf 89' lang='lat' dir='ltr'><strong>DE</strong></span> <span class='ocrx_word' id='word_1_4' title='bbox 811 258 972 316; x_wconf 73' lang='lat' dir='ltr'><strong>hassione</strong></span> <span class='ocrx_word' id='word_1_5' title='bbox 990 263 1017 318; x_wconf 89' lang='lat' dir='ltr'><strong>S.</strong></span> <span class='ocrx_word' id='word_1_6' title='bbox 1038 265 1202 320; x_wconf 81' lang='lat' dir='ltr'><strong>DEhlETlllI</strong></span> <span class='ocrx_word' id='word_1_7' title='bbox 1227 269 1262 321; x_wconf 88' lang='lat' dir='ltr'><strong>bl.</strong></span> <span class='ocrx_word' id='word_1_8' title='bbox 1634 262 1690 328; x_wconf 60' lang='grc' dir='ltr'><strong>’Μ</strong></span> 
     </span>
    </p>
   </div>
   <div class='ocr_carea' id='block_1_2' title="bbox 92 382 1697 4777">
    <p class='ocr_par' dir='ltr' id='par_1_2' title="bbox 92 382 1697 4688">
     <span class='ocr_line' id='line_1_2' title="bbox 92 382 1692 455; baseline 0.007 -16"><span class='ocrx_word' id='word_1_9' title='bbox 92 382 148 439; x_wconf 90' lang='lat' dir='ltr'><strong>uit.</strong></span> <span class='ocrx_word' id='word_1_10' title='bbox 167 383 236 440; x_wconf 83' lang='lat' dir='ltr'><strong>cum</strong></span> <span class='ocrx_word' id='word_1_11' title='bbox 263 388 358 440; x_wconf 87' lang='lat' dir='ltr'><strong>autem</strong></span> <span class='ocrx_word' id='word_1_12' title='bbox 378 384 488 440; x_wconf 85' lang='lat' dir='ltr'><strong>lidelem</strong></span> <span class='ocrx_word' id='word_1_13' title='bbox 512 385 658 441; x_wconf 90' lang='lat' dir='ltr'><strong>ductorem</strong></span> <span class='ocrx_word' id='word_1_14' title='bbox 674 391 701 440; x_wconf 88' lang='lat' dir='ltr'><strong>et</strong></span> <span class='ocrx_word' id='word_1_15' title='bbox 722 384 816 439; x_wconf 88' lang='lat' dir='ltr'><strong>comi·</strong></span> <span class='ocrx_word' id='word_1_16' title='bbox 829 385 859 444; x_wconf 89' lang='lat' dir='ltr'><strong>A</strong></span> <span class='ocrx_word' id='word_1_17' title='bbox 871 385 923 438; x_wconf 85' lang='lat' dir='ltr'><strong>Ubi</strong></span> <span class='ocrx_word' id='word_1_18' title='bbox 946 390 989 440; x_wconf 88' lang='lat' dir='ltr'><strong>est</strong></span> <span class='ocrx_word' id='word_1_19' title='bbox 1004 384 1072 440; x_wconf 88' lang='lat' dir='ltr'><strong>lldcs</strong></span> <span class='ocrx_word' id='word_1_20' title='bbox 1094 390 1141 442; x_wconf 90' lang='lat' dir='ltr'><strong>tua</strong></span> <span class='ocrx_word' id='word_1_21' title='bbox 1154 387 1169 439; x_wconf 87' lang='lat' dir='ltr'><strong>‘l</strong></span> <span class='ocrx_word' id='word_1_22' title='bbox 1182 385 1205 441; x_wconf 93' lang='lat'>0</span> <span class='ocrx_word' id='word_1_23' title='bbox 1220 387 1312 455; x_wconf 90' lang='lat' dir='ltr'><strong>homo,</strong></span> <span class='ocrx_word' id='word_1_24' title='bbox 1328 389 1387 443; x_wconf 91' lang='lat' dir='ltr'><strong>noli</strong></span> <span class='ocrx_word' id='word_1_25' title='bbox 1401 389 1545 446; x_wconf 87' lang='lat' dir='ltr'><strong>sollicitus</strong></span> <span class='ocrx_word' id='word_1_26' title='bbox 1564 405 1626 448; x_wconf 90' lang='lat' dir='ltr'><strong>esse</strong></span> <span class='ocrx_word' id='word_1_27' title='bbox 1639 407 1692 450; x_wconf 92' lang='lat' dir='ltr'><strong>co-</strong></span> 
     </span>
     <span class='ocr_line' id='line_1_3' title="bbox 92 471 1691 549; baseline 0.008 -25"><span class='ocrx_word' id='word_1_28' title='bbox 92 483 172 527; x_wconf 79' lang='lat' dir='ltr'><strong>tuum</strong></span> <span class='ocrx_word' id='word_1_29' title='bbox 183 471 335 540; x_wconf 87' lang='lat' dir='ltr'><strong>episcopus</strong></span> <span class='ocrx_word' id='word_1_30' title='bbox 362 472 528 541; x_wconf 82' lang='lat' dir='ltr'><strong>requireret,</strong></span> <span class='ocrx_word' id='word_1_31' title='bbox 548 476 576 527; x_wconf 91' lang='lat' dir='ltr'><strong>et</strong></span> <span class='ocrx_word' id='word_1_32' title='bbox 592 486 647 527; x_wconf 91' lang='lat' dir='ltr'><strong>non</strong></span> <span class='ocrx_word' id='word_1_33' title='bbox 664 472 813 541; x_wconf 86' lang='lat' dir='ltr'><strong>inveniret,</strong></span> <span class='ocrx_word' id='word_1_34' title='bbox 871 472 1033 529; x_wconf 78' lang='lat' dir='ltr'>lamnarum</span> <span class='ocrx_word' id='word_1_35' title='bbox 1048 473 1091 528; x_wconf 90' lang='lat' dir='ltr'><strong>vel</strong></span> <span class='ocrx_word' id='word_1_36' title='bbox 1106 474 1237 530; x_wconf 83' lang='lat' dir='ltr'>ambonis</span> <span class='ocrx_word' id='word_1_37' title='bbox 1251 488 1345 530; x_wconf 90' lang='lat' dir='ltr'><strong>causa.</strong></span> <span class='ocrx_word' id='word_1_38' title='bbox 1360 477 1510 547; x_wconf 88' lang='lat' dir='ltr'><strong>Navigium</strong></span> <span class='ocrx_word' id='word_1_39' title='bbox 1527 479 1631 549; x_wconf 84' lang='lat' dir='ltr'>quippe</span> <span class='ocrx_word' id='word_1_40' title='bbox 1646 482 1691 537; x_wconf 83' lang='lat' dir='ltr'><strong>ho</strong></span> 
     </span>
     <span class='ocr_line' id='line_1_4' title="bbox 92 557 1693 635; baseline 0.004 -20"><span class='ocrx_word' id='word_1_41' title='bbox 92 570 144 615; x_wconf 82' lang='lat' dir='ltr'><strong>sus</strong></span> <span class='ocrx_word' id='word_1_42' title='bbox 159 564 202 614; x_wconf 91' lang='lat' dir='ltr'><strong>est</strong></span> <span class='ocrx_word' id='word_1_43' title='bbox 219 559 373 615; x_wconf 88' lang='lat' dir='ltr'><strong>civitatem.</strong></span> <span class='ocrx_word' id='word_1_44' title='bbox 394 559 566 630; x_wconf 83' lang='lat' dir='ltr'><strong>llequirebat</strong></span> <span class='ocrx_word' id='word_1_45' title='bbox 578 572 643 615; x_wconf 84' lang='lat' dir='ltr'><strong>vero</strong></span> <span class='ocrx_word' id='word_1_46' title='bbox 657 559 692 615; x_wconf 93' lang='lat' dir='ltr'><strong>ab</strong></span> <span class='ocrx_word' id='word_1_47' title='bbox 707 560 749 614; x_wconf 90' lang='lat' dir='ltr'><strong>eis</strong></span> <span class='ocrx_word' id='word_1_48' title='bbox 765 559 814 629; x_wconf 93' lang='lat' dir='ltr'><strong>qui</strong></span> <span class='ocrx_word' id='word_1_49' title='bbox 869 557 917 614; x_wconf 93' lang='lat' dir='ltr'><strong>die</strong></span> <span class='ocrx_word' id='word_1_50' title='bbox 935 571 952 623; x_wconf 84' lang='lat' dir='ltr'><strong>a</strong></span> <span class='ocrx_word' id='word_1_51' title='bbox 970 559 1067 632; x_wconf 85' lang='lat' dir='ltr'><strong>pelago</strong></span> <span class='ocrx_word' id='word_1_52' title='bbox 1086 562 1242 633; x_wconf 85' lang='lat' dir='ltr'><strong>descendit,</strong></span> <span class='ocrx_word' id='word_1_53' title='bbox 1251 563 1351 619; x_wconf 74' lang='lat' dir='ltr'><strong>,omnia</strong></span> <span class='ocrx_word' id='word_1_54' title='bbox 1368 578 1430 634; x_wconf 81' lang='lat' dir='ltr'><strong>qua</strong></span> <span class='ocrx_word' id='word_1_55' title='bbox 1451 565 1486 620; x_wconf 90' lang='lat' dir='ltr'><strong>ad</strong></span> <span class='ocrx_word' id='word_1_56' title='bbox 1504 566 1693 635; x_wconf 85' lang='lat' dir='ltr'><strong>praeparatio-</strong></span> 
     </span>
     <span class='ocr_line' id='line_1_5' title="bbox 92 646 1692 720; baseline 0.004 -19"><span class='ocrx_word' id='word_1_57' title='bbox 92 658 103 701; x_wconf 78' lang='grc' dir='ltr'><strong>ι</strong></span> <span class='ocrx_word' id='word_1_58' title='bbox 127 646 184 704; x_wconf 88' lang='lat' dir='ltr'><strong>sibi</strong></span> <span class='ocrx_word' id='word_1_59' title='bbox 210 647 361 703; x_wconf 88' lang='lat' dir='ltr'><strong>veniebant</strong></span> <span class='ocrx_word' id='word_1_60' title='bbox 381 653 410 702; x_wconf 92' lang='lat' dir='ltr'><strong>et</strong></span> <span class='ocrx_word' id='word_1_61' title='bbox 425 647 653 719; x_wconf 90' lang='lat' dir='ltr'><strong>alloquebantur,</strong></span> <span class='ocrx_word' id='word_1_62' title='bbox 678 647 726 702; x_wconf 91' lang='lat' dir='ltr'><strong>ubi</strong></span> <span class='ocrx_word' id='word_1_63' title='bbox 742 654 817 702; x_wconf 88' lang='lat' dir='ltr'><strong>esset</strong></span> <span class='ocrx_word' id='word_1_64' title='bbox 871 660 932 702; x_wconf 90' lang='lat' dir='ltr'><strong>uem</strong></span> <span class='ocrx_word' id='word_1_65' title='bbox 946 649 1045 719; x_wconf 90' lang='lat' dir='ltr'><strong>templi</strong></span> <span class='ocrx_word' id='word_1_66' title='bbox 1063 663 1135 718; x_wconf 87' lang='lat' dir='ltr'><strong>opus</strong></span> <span class='ocrx_word' id='word_1_67' title='bbox 1160 650 1263 706; x_wconf 88' lang='lat' dir='ltr'><strong>babere</strong></span> <span class='ocrx_word' id='word_1_68' title='bbox 1274 651 1382 706; x_wconf 90' lang='lat' dir='ltr'><strong>videris</strong></span> <span class='ocrx_word' id='word_1_69' title='bbox 1397 658 1522 720; x_wconf 89' lang='lat' dir='ltr'><strong>portans.</strong></span> <span class='ocrx_word' id='word_1_70' title='bbox 1543 654 1593 709; x_wconf 85' lang='lat' dir='ltr'><strong>Est</strong></span> <span class='ocrx_word' id='word_1_71' title='bbox 1608 666 1692 708; x_wconf 93' lang='lat' dir='ltr'><strong>nam-</strong></span> 
     </span>
     <span class='ocr_line' id='line_1_6' title="bbox 92 733 1692 809; baseline 0.003 -18"><span class='ocrx_word' id='word_1_72' title='bbox 92 735 247 791; x_wconf 38' lang='lat' dir='ltr'><strong>sDemetrii</strong></span> <span class='ocrx_word' id='word_1_73' title='bbox 263 734 376 789; x_wconf 90' lang='lat' dir='ltr'><strong>militis.</strong></span> <span class='ocrx_word' id='word_1_74' title='bbox 392 735 519 803; x_wconf 89' lang='lat' dir='ltr'><strong>Cumque</strong></span> <span class='ocrx_word' id='word_1_75' title='bbox 540 734 644 791; x_wconf 78' lang='lat' dir='ltr'><strong>multas</strong></span> <span class='ocrx_word' id='word_1_76' title='bbox 659 733 816 790; x_wconf 84' lang='lat' dir='ltr'><strong>faterentur</strong></span> <span class='ocrx_word' id='word_1_77' title='bbox 870 750 926 805; x_wconf 92' lang='lat' dir='ltr'><strong>que</strong></span> <span class='ocrx_word' id='word_1_78' title='bbox 948 736 1099 806; x_wconf 85' lang='lat' dir='ltr'><strong>episcopus</strong></span> <span class='ocrx_word' id='word_1_79' title='bbox 1128 739 1157 793; x_wconf 96' lang='lat' dir='ltr'><strong>in</strong></span> <span class='ocrx_word' id='word_1_80' title='bbox 1176 737 1334 794; x_wconf 90' lang='lat' dir='ltr'><strong>Galliarum</strong></span> <span class='ocrx_word' id='word_1_81' title='bbox 1360 737 1500 809; x_wconf 88' lang='lat' dir='ltr'><strong>partibus,</strong></span> <span class='ocrx_word' id='word_1_82' title='bbox 1529 739 1692 796; x_wconf 86' lang='lat' dir='ltr'><strong>incivitate</strong></span> 
     </span>
     <span class='ocr_line' id='line_1_7' title="bbox 92 822 1692 901; baseline 0.003 -22"><span class='ocrx_word' id='word_1_83' title='bbox 92 843 95 879; x_wconf 88' lang='grc' dir='ltr'>ι</span> <span class='ocrx_word' id='word_1_84' title='bbox 120 823 237 880; x_wconf 89' lang='lat' dir='ltr'><strong>civitate</strong></span> <span class='ocrx_word' id='word_1_85' title='bbox 256 822 422 891; x_wconf 85' lang='lat' dir='ltr'><strong>Demetrius,</strong></span> <span class='ocrx_word' id='word_1_86' title='bbox 438 828 466 877; x_wconf 92' lang='lat' dir='ltr'><strong>et</strong></span> <span class='ocrx_word' id='word_1_87' title='bbox 486 823 564 892; x_wconf 88' lang='lat' dir='ltr'><strong>ipsos</strong></span> <span class='ocrx_word' id='word_1_88' title='bbox 579 822 698 877; x_wconf 89' lang='lat' dir='ltr'><strong>militari</strong></span> <span class='ocrx_word' id='word_1_89' title='bbox 715 822 815 878; x_wconf 85' lang='lat' dir='ltr'>ordine</span> <span class='ocrx_word' id='word_1_90' title='bbox 869 825 1007 896; x_wconf 81' lang='lat' dir='ltr'><strong>Massilia,</strong></span> <span class='ocrx_word' id='word_1_91' title='bbox 1020 826 1155 896; x_wconf 90' lang='lat' dir='ltr'><strong>populum</strong></span> <span class='ocrx_word' id='word_1_92' title='bbox 1177 826 1235 882; x_wconf 89' lang='lat' dir='ltr'><strong>sibi</strong></span> <span class='ocrx_word' id='word_1_93' title='bbox 1248 827 1432 883; x_wconf 89' lang='lat' dir='ltr'><strong>commissum</strong></span> <span class='ocrx_word' id='word_1_94' title='bbox 1447 842 1626 901; x_wconf 81' lang='lat' dir='ltr'><strong>conservans,</strong></span> <span class='ocrx_word' id='word_1_95' title='bbox 1640 829 1692 901; x_wconf 91' lang='lat' dir='ltr'><strong>qui</strong></span> 
     </span>
     <span class='ocr_line' id='line_1_8' title="bbox 104 909 1692 988; baseline 0.004 -21"><span class='ocrx_word' id='word_1_96' title='bbox 104 910 158 967; x_wconf 89' lang='lat' dir='ltr'><strong>illc</strong></span> <span class='ocrx_word' id='word_1_97' title='bbox 181 909 361 979; x_wconf 77' lang='lat' dir='ltr'>perhibebat:</span> <span class='ocrx_word' id='word_1_98' title='bbox 388 911 467 980; x_wconf 86' lang='lat' dir='ltr'><strong>Ejus,</strong></span> <span class='ocrx_word' id='word_1_99' title='bbox 485 909 628 981; x_wconf 89' lang='lat' dir='ltr'><strong>inquiens,</strong></span> <span class='ocrx_word' id='word_1_100' title='bbox 648 910 697 979; x_wconf 93' lang='lat' dir='ltr'><strong>qui</strong></span> <span class='ocrx_word' id='word_1_101' title='bbox 723 910 817 979; x_wconf 91' lang='lat' dir='ltr'><strong>requi·</strong></span> <span class='ocrx_word' id='word_1_102' title='bbox 869 912 993 969; x_wconf 79' lang='lat' dir='ltr'><strong>aedificat</strong></span> <span class='ocrx_word' id='word_1_103' title='bbox 1006 913 1143 983; x_wconf 92' lang='lat' dir='ltr'><strong>templum</strong></span> <span class='ocrx_word' id='word_1_104' title='bbox 1161 913 1190 968; x_wconf 94' lang='lat' dir='ltr'><strong>in</strong></span> <span class='ocrx_word' id='word_1_105' title='bbox 1199 914 1405 971; x_wconf 88' lang='lat' dir='ltr'><strong>honoresancti</strong></span> <span class='ocrx_word' id='word_1_106' title='bbox 1414 917 1546 987; x_wconf 90' lang='lat' dir='ltr'><strong>martyris</strong></span> <span class='ocrx_word' id='word_1_107' title='bbox 1556 918 1692 988; x_wconf 82' lang='lat' dir='ltr'><strong>victoris,</strong></span> 
     </span>
     <span class='ocr_line' id='line_1_9' title="bbox 92 998 1693 1073; baseline 0.004 -18"><span class='ocrx_word' id='word_1_108' title='bbox 92 1022 96 1055; x_wconf 83' lang='lat'><strong>·.</strong></span> <span class='ocrx_word' id='word_1_109' title='bbox 110 1012 156 1055; x_wconf 88' lang='lat' dir='ltr'><strong>me</strong></span> <span class='ocrx_word' id='word_1_110' title='bbox 169 999 270 1054; x_wconf 93' lang='lat' dir='ltr'><strong>domus</strong></span> <span class='ocrx_word' id='word_1_111' title='bbox 284 1002 327 1053; x_wconf 92' lang='lat' dir='ltr'><strong>est</strong></span> <span class='ocrx_word' id='word_1_112' title='bbox 347 998 377 1053; x_wconf 92' lang='lat' dir='ltr'><strong>in</strong></span> <span class='ocrx_word' id='word_1_113' title='bbox 403 999 495 1054; x_wconf 92' lang='lat' dir='ltr'><strong>medio</strong></span> <span class='ocrx_word' id='word_1_114' title='bbox 509 999 644 1054; x_wconf 88' lang='lat' dir='ltr'><strong>civitatis.</strong></span> <span class='ocrx_word' id='word_1_115' title='bbox 664 1000 737 1069; x_wconf 89' lang='lat' dir='ltr'><strong>Ergo</strong></span> <span class='ocrx_word' id='word_1_116' title='bbox 749 1012 813 1053; x_wconf 93' lang='lat' dir='ltr'><strong>cum</strong></span> <span class='ocrx_word' id='word_1_117' title='bbox 871 1001 961 1056; x_wconf 79' lang='lat' dir='ltr'>nostri</span> <span class='ocrx_word' id='word_1_118' title='bbox 974 1002 1100 1057; x_wconf 91' lang='lat' dir='ltr'><strong>consocii</strong></span> <span class='ocrx_word' id='word_1_119' title='bbox 1112 1001 1154 1057; x_wconf 88' lang='lat' dir='ltr'><strong>vel</strong></span> <span class='ocrx_word' id='word_1_120' title='bbox 1171 1001 1279 1072; x_wconf 78' lang='lat' dir='ltr'><strong>fratris,</strong></span> <span class='ocrx_word' id='word_1_121' title='bbox 1293 1008 1322 1058; x_wconf 92' lang='lat' dir='ltr'><strong>et</strong></span> <span class='ocrx_word' id='word_1_122' title='bbox 1337 1003 1419 1073; x_wconf 89' lang='lat' dir='ltr'><strong>cupit</strong></span> <span class='ocrx_word' id='word_1_123' title='bbox 1433 1004 1458 1059; x_wconf 95' lang='lat' dir='ltr'><strong>ei</strong></span> <span class='ocrx_word' id='word_1_124' title='bbox 1472 1004 1613 1061; x_wconf 83' lang='lat' dir='ltr'><strong>aedillcare</strong></span> <span class='ocrx_word' id='word_1_125' title='bbox 1627 1019 1693 1062; x_wconf 89' lang='lat' dir='ltr'><strong>am-</strong></span> 
     </span>
     <span class='ocr_line' id='line_1_10' title="bbox 105 1085 1691 1166; baseline 0.006 -23"><span class='ocrx_word' id='word_1_126' title='bbox 105 1087 274 1143; x_wconf 84' lang='lat' dir='ltr'><strong>baesitarent</strong></span> <span class='ocrx_word' id='word_1_127' title='bbox 287 1101 351 1141; x_wconf 89' lang='lat' dir='ltr'><strong>curn</strong></span> <span class='ocrx_word' id='word_1_128' title='bbox 373 1100 416 1156; x_wconf 83' lang='lat' dir='ltr'><strong>eo,</strong></span> <span class='ocrx_word' id='word_1_129' title='bbox 431 1087 456 1140; x_wconf 90' lang='lat' dir='ltr'><strong>is</strong></span> <span class='ocrx_word' id='word_1_130' title='bbox 470 1087 519 1155; x_wconf 93' lang='lat' dir='ltr'><strong>qui</strong></span> <span class='ocrx_word' id='word_1_131' title='bbox 537 1085 726 1156; x_wconf 73' lang='lat' dir='ltr'><strong>quaerebatur,</strong></span> <span class='ocrx_word' id='word_1_132' title='bbox 748 1100 813 1143; x_wconf 93' lang='lat' dir='ltr'><strong>nus·</strong></span> <span class='ocrx_word' id='word_1_133' title='bbox 868 1087 970 1145; x_wconf 84' lang='lat' dir='ltr'><strong>bonam</strong></span> <span class='ocrx_word' id='word_1_134' title='bbox 983 1094 1012 1146; x_wconf 89' lang='lat' dir='ltr'><strong>et</strong></span> <span class='ocrx_word' id='word_1_135' title='bbox 1025 1090 1178 1161; x_wconf 86' lang='lat' dir='ltr'><strong>ciborium,</strong></span> <span class='ocrx_word' id='word_1_136' title='bbox 1194 1093 1271 1147; x_wconf 88' lang='lat' dir='ltr'><strong>sicut</strong></span> <span class='ocrx_word' id='word_1_137' title='bbox 1283 1097 1315 1147; x_wconf 92' lang='lat' dir='ltr'><strong>tu</strong></span> <span class='ocrx_word' id='word_1_138' title='bbox 1332 1091 1361 1147; x_wconf 93' lang='lat' dir='ltr'><strong>in</strong></span> <span class='ocrx_word' id='word_1_139' title='bbox 1379 1105 1439 1147; x_wconf 87' lang='lat' dir='ltr'><strong>rnea</strong></span> <span class='ocrx_word' id='word_1_140' title='bbox 1454 1094 1547 1150; x_wconf 92' lang='lat' dir='ltr'><strong>domo.</strong></span> <span class='ocrx_word' id='word_1_141' title='bbox 1566 1093 1691 1166; x_wconf 82' lang='lat' dir='ltr'><strong>Quapro</strong></span> 
     </span>
     <span class='ocr_line' id='line_1_11' title="bbox 93 1173 1697 1254; baseline 0.004 -24"><span class='ocrx_word' id='word_1_142' title='bbox 93 1174 303 1232; x_wconf 77' lang='lat' dir='ltr'>inveniebatur.</span> <span class='ocrx_word' id='word_1_143' title='bbox 334 1174 513 1231; x_wconf 81' lang='lat' dir='ltr'><strong>habitatores</strong></span> <span class='ocrx_word' id='word_1_144' title='bbox 536 1186 601 1229; x_wconf 88' lang='lat' dir='ltr'><strong>vero</strong></span> <span class='ocrx_word' id='word_1_145' title='bbox 626 1173 754 1230; x_wconf 88' lang='lat' dir='ltr'><strong>civitatis</strong></span> <span class='ocrx_word' id='word_1_146' title='bbox 768 1176 813 1231; x_wconf 88' lang='lat' dir='ltr'><strong>de·</strong></span> <span class='ocrx_word' id='word_1_147' title='bbox 868 1181 929 1246; x_wconf 87' lang='lat' dir='ltr'><strong>pter</strong></span> <span class='ocrx_word' id='word_1_148' title='bbox 941 1177 1021 1234; x_wconf 83' lang='lat' dir='ltr'>misit</span> <span class='ocrx_word' id='word_1_149' title='bbox 1032 1178 1177 1249; x_wconf 88' lang='lat' dir='ltr'><strong>navigium</strong></span> <span class='ocrx_word' id='word_1_150' title='bbox 1189 1192 1254 1234; x_wconf 89' lang='lat' dir='ltr'><strong>cum</strong></span> <span class='ocrx_word' id='word_1_151' title='bbox 1266 1179 1357 1235; x_wconf 89' lang='lat' dir='ltr'><strong>servis</strong></span> <span class='ocrx_word' id='word_1_152' title='bbox 1369 1180 1432 1235; x_wconf 88' lang='lat' dir='ltr'><strong>suis</strong></span> <span class='ocrx_word' id='word_1_153' title='bbox 1444 1180 1478 1235; x_wconf 92' lang='lat' dir='ltr'><strong>ad</strong></span> <span class='ocrx_word' id='word_1_154' title='bbox 1494 1187 1615 1239; x_wconf 90' lang='lat' dir='ltr'><strong>montem</strong></span> <span class='ocrx_word' id='word_1_155' title='bbox 1630 1199 1697 1254; x_wconf 93' lang='lat' dir='ltr'><strong>por.</strong></span> 
     </span>
     <span class='ocr_line' id='line_1_12' title="bbox 92 1260 1694 1335; baseline 0.007 -18"><span class='ocrx_word' id='word_1_156' title='bbox 92 1262 347 1332; x_wconf 84' lang='lat' dir='ltr'><strong>intepiscopumad</strong></span> <span class='ocrx_word' id='word_1_157' title='bbox 359 1262 491 1331; x_wconf 91' lang='lat' dir='ltr'><strong>martyris</strong></span> <span class='ocrx_word' id='word_1_158' title='bbox 501 1260 705 1316; x_wconf 84' lang='lat' dir='ltr'><strong>ecclesiamllt</strong></span> <span class='ocrx_word' id='word_1_159' title='bbox 716 1267 810 1318; x_wconf 76' lang='lat' dir='ltr'><strong>aumm</strong></span> <span class='ocrx_word' id='word_1_160' title='bbox 868 1265 1056 1335; x_wconf 81' lang='lat' dir='ltr'><strong>phyreticum.</strong></span> <span class='ocrx_word' id='word_1_161' title='bbox 1078 1269 1109 1320; x_wconf 93' lang='lat' dir='ltr'><strong>ut</strong></span> <span class='ocrx_word' id='word_1_162' title='bbox 1123 1271 1248 1321; x_wconf 79' lang='lat' dir='ltr'><strong>emerent</strong></span> <span class='ocrx_word' id='word_1_163' title='bbox 1262 1266 1288 1320; x_wconf 94' lang='lat' dir='ltr'><strong>ei</strong></span> <span class='ocrx_word' id='word_1_164' title='bbox 1304 1266 1452 1323; x_wconf 91' lang='lat' dir='ltr'><strong>columnas</strong></span> <span class='ocrx_word' id='word_1_165' title='bbox 1471 1272 1499 1323; x_wconf 89' lang='lat' dir='ltr'><strong>et</strong></span> <span class='ocrx_word' id='word_1_166' title='bbox 1513 1270 1625 1327; x_wconf 89' lang='lat' dir='ltr'><strong>tabulas</strong></span> <span class='ocrx_word' id='word_1_167' title='bbox 1643 1286 1694 1328; x_wconf 88' lang='lat' dir='ltr'><strong>sa-</strong></span> 
     </span>
     <span class='ocr_line' id='line_1_13' title="bbox 92 1349 1693 1426; baseline 0.006 -20"><span class='ocrx_word' id='word_1_168' title='bbox 92 1349 134 1423; x_wconf 82' lang='lat' dir='ltr'><strong>tt,</strong></span> <span class='ocrx_word' id='word_1_169' title='bbox 146 1351 244 1406; x_wconf 89' lang='lat' dir='ltr'><strong>statim</strong></span> <span class='ocrx_word' id='word_1_170' title='bbox 254 1364 283 1405; x_wconf 91' lang='lat' dir='ltr'><strong>se</strong></span> <span class='ocrx_word' id='word_1_171' title='bbox 295 1351 323 1404; x_wconf 94' lang='lat' dir='ltr'><strong>in</strong></span> <span class='ocrx_word' id='word_1_172' title='bbox 338 1350 493 1405; x_wconf 89' lang='lat' dir='ltr'><strong>orationem</strong></span> <span class='ocrx_word' id='word_1_173' title='bbox 508 1349 596 1405; x_wconf 86' lang='lat' dir='ltr'><strong>dedit.</strong></span> <span class='ocrx_word' id='word_1_174' title='bbox 608 1354 636 1404; x_wconf 90' lang='lat' dir='ltr'><strong>et</strong></span> <span class='ocrx_word' id='word_1_175' title='bbox 646 1349 813 1422; x_wconf 89' lang='lat' dir='ltr'><strong>laudesgra·</strong></span> <span class='ocrx_word' id='word_1_176' title='bbox 868 1352 906 1407; x_wconf 90' lang='lat' dir='ltr'><strong>tis</strong></span> <span class='ocrx_word' id='word_1_177' title='bbox 928 1352 1142 1422; x_wconf 91' lang='lat' dir='ltr'><strong>prophyreticas</strong></span> <span class='ocrx_word' id='word_1_178' title='bbox 1164 1354 1199 1408; x_wconf 90' lang='lat' dir='ltr'><strong>ad</strong></span> <span class='ocrx_word' id='word_1_179' title='bbox 1215 1367 1287 1423; x_wconf 92' lang='lat' dir='ltr'><strong>opus</strong></span> <span class='ocrx_word' id='word_1_180' title='bbox 1302 1355 1393 1409; x_wconf 90' lang='lat' dir='ltr'><strong>sancti</strong></span> <span class='ocrx_word' id='word_1_181' title='bbox 1419 1357 1552 1426; x_wconf 89' lang='lat' dir='ltr'><strong>martyris</strong></span> <span class='ocrx_word' id='word_1_182' title='bbox 1567 1358 1693 1417; x_wconf 87' lang='lat' dir='ltr'><strong>Victoris</strong></span> 
     </span>
     <span class='ocr_line' id='line_1_14' title="bbox 92 1438 1690 1517; baseline 0.006 -23"><span class='ocrx_word' id='word_1_183' title='bbox 92 1439 233 1495; x_wconf 72' lang='lat' dir='ltr'>salvatori</span> <span class='ocrx_word' id='word_1_184' title='bbox 248 1440 304 1494; x_wconf 91' lang='lat' dir='ltr'><strong>Deo</strong></span> <span class='ocrx_word' id='word_1_185' title='bbox 320 1438 439 1507; x_wconf 87' lang='lat' dir='ltr'><strong>retulit;</strong></span> <span class='ocrx_word' id='word_1_186' title='bbox 456 1444 484 1494; x_wconf 91' lang='lat' dir='ltr'><strong>et</strong></span> <span class='ocrx_word' id='word_1_187' title='bbox 496 1453 615 1510; x_wconf 82' lang='lat' dir='ltr'><strong>surgens</strong></span> <span class='ocrx_word' id='word_1_188' title='bbox 633 1452 747 1494; x_wconf 90' lang='lat' dir='ltr'><strong>sursum</strong></span> <span class='ocrx_word' id='word_1_189' title='bbox 767 1452 813 1493; x_wconf 83' lang='lat' dir='ltr'><strong>cx·</strong></span> <span class='ocrx_word' id='word_1_190' title='bbox 868 1439 1081 1507; x_wconf 91' lang='lat' dir='ltr'><strong>perlicleudum.</strong></span> <span class='ocrx_word' id='word_1_191' title='bbox 1097 1441 1149 1497; x_wconf 83' lang='lat' dir='ltr'><strong>Sed</strong></span> <span class='ocrx_word' id='word_1_192' title='bbox 1165 1441 1355 1497; x_wconf 78' lang='lat' dir='ltr'><strong>intercedente</strong></span> <span class='ocrx_word' id='word_1_193' title='bbox 1366 1443 1424 1511; x_wconf 86' lang='lat' dir='ltr'><strong>jam</strong></span> <span class='ocrx_word' id='word_1_194' title='bbox 1445 1449 1543 1501; x_wconf 87' lang='lat' dir='ltr'><strong>sancto</strong></span> <span class='ocrx_word' id='word_1_195' title='bbox 1559 1451 1690 1517; x_wconf 87' lang='lat' dir='ltr'><strong>martyre.</strong></span> 
     </span>
     <span class='ocr_line' id='line_1_15' title="bbox 92 1526 1690 1605; baseline 0.004 -21"><span class='ocrx_word' id='word_1_196' title='bbox 92 1527 231 1584; x_wconf 86' lang='lat' dir='ltr'><strong>manibus</strong></span> <span class='ocrx_word' id='word_1_197' title='bbox 245 1542 309 1583; x_wconf 91' lang='lat' dir='ltr'><strong>cum</strong></span> <span class='ocrx_word' id='word_1_198' title='bbox 323 1526 472 1583; x_wconf 90' lang='lat' dir='ltr'><strong>obtutibus</strong></span> <span class='ocrx_word' id='word_1_199' title='bbox 487 1528 647 1597; x_wconf 89' lang='lat' dir='ltr'><strong>oculorum,</strong></span> <span class='ocrx_word' id='word_1_200' title='bbox 660 1528 734 1583; x_wconf 81' lang='lat' dir='ltr'><strong>vidit</strong></span> <span class='ocrx_word' id='word_1_201' title='bbox 745 1528 814 1583; x_wconf 91' lang='lat' dir='ltr'><strong>ima·</strong></span> <span class='ocrx_word' id='word_1_202' title='bbox 866 1529 924 1597; x_wconf 86' lang='lat' dir='ltr'><strong>jam</strong></span> <span class='ocrx_word' id='word_1_203' title='bbox 944 1527 1090 1583; x_wconf 84' lang='lat' dir='ltr'><strong>adiuvenit</strong></span> <span class='ocrx_word' id='word_1_204' title='bbox 1113 1529 1266 1598; x_wconf 84' lang='lat' dir='ltr'><strong>praedictus</strong></span> <span class='ocrx_word' id='word_1_205' title='bbox 1278 1529 1430 1599; x_wconf 88' lang='lat' dir='ltr'><strong>episcopus</strong></span> <span class='ocrx_word' id='word_1_206' title='bbox 1446 1530 1521 1588; x_wconf 87' lang='lat' dir='ltr'><strong>intra</strong></span> <span class='ocrx_word' id='word_1_207' title='bbox 1535 1533 1690 1605; x_wconf 87' lang='lat' dir='ltr'><strong>civitatem,</strong></span> 
     </span>
     <span class='ocr_line' id='line_1_16' title="bbox 104 1615 1694 1687; baseline 0.004 -15"><span class='ocrx_word' id='word_1_208' title='bbox 104 1616 244 1672; x_wconf 85' lang='lat' dir='ltr'><strong>Demetrii</strong></span> <span class='ocrx_word' id='word_1_209' title='bbox 269 1615 402 1686; x_wconf 89' lang='lat' dir='ltr'><strong>martyris</strong></span> <span class='ocrx_word' id='word_1_210' title='bbox 421 1616 451 1671; x_wconf 91' lang='lat' dir='ltr'><strong>in</strong></span> <span class='ocrx_word' id='word_1_211' title='bbox 473 1615 572 1672; x_wconf 90' lang='lat' dir='ltr'><strong>habitu</strong></span> <span class='ocrx_word' id='word_1_212' title='bbox 594 1616 639 1671; x_wconf 93' lang='lat' dir='ltr'><strong>sui</strong></span> <span class='ocrx_word' id='word_1_213' title='bbox 657 1615 772 1671; x_wconf 91' lang='lat' dir='ltr'><strong>comitis</strong></span> <span class='ocrx_word' id='word_1_214' title='bbox 786 1620 815 1671; x_wconf 93' lang='lat' dir='ltr'><strong>et</strong></span> <span class='ocrx_word' id='word_1_215' title='bbox 870 1616 1018 1672; x_wconf 84' lang='lat' dir='ltr'><strong>columnas</strong></span> <span class='ocrx_word' id='word_1_216' title='bbox 1032 1621 1060 1672; x_wconf 89' lang='lat' dir='ltr'><strong>et</strong></span> <span class='ocrx_word' id='word_1_217' title='bbox 1074 1616 1186 1673; x_wconf 86' lang='lat' dir='ltr'><strong>tabulas</strong></span> <span class='ocrx_word' id='word_1_218' title='bbox 1208 1618 1421 1687; x_wconf 79' lang='lat' dir='ltr'><strong>porphyreticas</strong></span> <span class='ocrx_word' id='word_1_219' title='bbox 1438 1618 1511 1674; x_wconf 91' lang='lat' dir='ltr'><strong>miro</strong></span> <span class='ocrx_word' id='word_1_220' title='bbox 1528 1621 1629 1678; x_wconf 92' lang='lat' dir='ltr'><strong>ordine</strong></span> <span class='ocrx_word' id='word_1_221' title='bbox 1640 1623 1694 1678; x_wconf 90' lang='lat' dir='ltr'><strong>de-</strong></span> 
     </span>
     <span class='ocr_line' id='line_1_17' title="bbox 92 1675 1693 1779; baseline 0.002 -17"><span class='ocrx_word' id='word_1_222' title='bbox 92 1706 187 1762; x_wconf 65' lang='lat' dir='ltr'><strong>utaris.</strong></span> <span class='ocrx_word' id='word_1_223' title='bbox 212 1706 289 1761; x_wconf 87' lang='lat' dir='ltr'><strong>Tunc</strong></span> <span class='ocrx_word' id='word_1_224' title='bbox 306 1718 401 1760; x_wconf 90' lang='lat' dir='ltr'><strong>coram</strong></span> <span class='ocrx_word' id='word_1_225' title='bbox 421 1705 554 1761; x_wconf 91' lang='lat' dir='ltr'><strong>omnibus</strong></span> <span class='ocrx_word' id='word_1_226' title='bbox 571 1705 713 1772; x_wconf 89' lang='lat' dir='ltr'><strong>clamavit,</strong></span> <span class='ocrx_word' id='word_1_227' title='bbox 735 1703 815 1760; x_wconf 81' lang='lat' dir='ltr'><strong>aar·</strong></span> <span class='ocrx_word' id='word_1_228' title='bbox 829 1675 856 1736; x_wconf 81' lang='grc' dir='ltr'><strong>Β</strong></span> <span class='ocrx_word' id='word_1_229' title='bbox 872 1703 972 1774; x_wconf 91' lang='lat' dir='ltr'><strong>pictas,</strong></span> <span class='ocrx_word' id='word_1_230' title='bbox 998 1703 1028 1759; x_wconf 94' lang='lat' dir='ltr'><strong>in</strong></span> <span class='ocrx_word' id='word_1_231' title='bbox 1056 1709 1130 1760; x_wconf 90' lang='lat' dir='ltr'><strong>terra</strong></span> <span class='ocrx_word' id='word_1_232' title='bbox 1148 1705 1256 1761; x_wconf 93' lang='lat' dir='ltr'><strong>dudum</strong></span> <span class='ocrx_word' id='word_1_233' title='bbox 1282 1707 1430 1776; x_wconf 88' lang='lat' dir='ltr'><strong>repositas.</strong></span> <span class='ocrx_word' id='word_1_234' title='bbox 1458 1707 1608 1779; x_wconf 85' lang='lat' dir='ltr'><strong>Navigium</strong></span> <span class='ocrx_word' id='word_1_235' title='bbox 1628 1724 1693 1766; x_wconf 91' lang='lat' dir='ltr'><strong>cum</strong></span> 
     </span>
     <span class='ocr_line' id='line_1_18' title="bbox 92 1782 1696 1870; baseline 0.002 -19"><span class='ocrx_word' id='word_1_236' title='bbox 92 1792 195 1865; x_wconf 75' lang='lat' dir='ltr'><strong>riteque</strong></span> <span class='ocrx_word' id='word_1_237' title='bbox 209 1794 297 1850; x_wconf 88' lang='lat' dir='ltr'><strong>dubio</strong></span> <span class='ocrx_word' id='word_1_238' title='bbox 311 1793 405 1863; x_wconf 90' lang='lat' dir='ltr'><strong>ipsum</strong></span> <span class='ocrx_word' id='word_1_239' title='bbox 418 1808 479 1849; x_wconf 86' lang='lat' dir='ltr'><strong>esse</strong></span> <span class='ocrx_word' id='word_1_240' title='bbox 493 1794 678 1863; x_wconf 84' lang='lat' dir='ltr'><strong>Demetrium,</strong></span> <span class='ocrx_word' id='word_1_241' title='bbox 690 1792 740 1863; x_wconf 93' lang='lat' dir='ltr'><strong>qui</strong></span> <span class='ocrx_word' id='word_1_242' title='bbox 755 1793 814 1848; x_wconf 89' lang='lat' dir='ltr'><strong>du·</strong></span> <span class='ocrx_word' id='word_1_243' title='bbox 869 1793 1013 1850; x_wconf 89' lang='lat' dir='ltr'><strong>columnis</strong></span> <span class='ocrx_word' id='word_1_244' title='bbox 1024 1798 1052 1849; x_wconf 93' lang='lat' dir='ltr'><strong>et</strong></span> <span class='ocrx_word' id='word_1_245' title='bbox 1065 1793 1173 1850; x_wconf 91' lang='lat' dir='ltr'><strong>tabulis</strong></span> <span class='ocrx_word' id='word_1_246' title='bbox 1184 1782 1392 1864; x_wconf 80' lang='lat' dir='ltr'><strong>porphyreticis</strong></span> <span class='ocrx_word' id='word_1_247' title='bbox 1403 1796 1507 1864; x_wconf 91' lang='lat' dir='ltr'><strong>emptis</strong></span> <span class='ocrx_word' id='word_1_248' title='bbox 1523 1797 1585 1854; x_wconf 90' lang='lat' dir='ltr'><strong>suis</strong></span> <span class='ocrx_word' id='word_1_249' title='bbox 1597 1797 1696 1870; x_wconf 88' lang='lat' dir='ltr'><strong>legati·</strong></span> 
     </span>
     <span class='ocr_line' id='line_1_19' title="bbox 92 1880 1693 1953; baseline 0.001 -14"><span class='ocrx_word' id='word_1_250' title='bbox 92 1884 171 1953; x_wconf 79' lang='lat' dir='ltr'><strong>tque</strong></span> <span class='ocrx_word' id='word_1_251' title='bbox 196 1882 352 1938; x_wconf 79' lang='lat' dir='ltr'><strong>salvaverat</strong></span> <span class='ocrx_word' id='word_1_252' title='bbox 371 1895 455 1947; x_wconf 68' lang='lat' dir='ltr'><strong>eurng</strong></span> <span class='ocrx_word' id='word_1_253' title='bbox 479 1888 507 1936; x_wconf 93' lang='lat' dir='ltr'><strong>et</strong></span> <span class='ocrx_word' id='word_1_254' title='bbox 523 1880 594 1936; x_wconf 92' lang='lat' dir='ltr'><strong>hanc</strong></span> <span class='ocrx_word' id='word_1_255' title='bbox 619 1894 681 1936; x_wconf 87' lang='lat' dir='ltr'><strong>esse</strong></span> <span class='ocrx_word' id='word_1_256' title='bbox 697 1881 813 1937; x_wconf 77' lang='lat' dir='ltr'><strong>domun</strong></span> <span class='ocrx_word' id='word_1_257' title='bbox 869 1882 908 1936; x_wconf 92' lang='lat' dir='ltr'><strong>tis</strong></span> <span class='ocrx_word' id='word_1_258' title='bbox 921 1881 1028 1938; x_wconf 90' lang='lat' dir='ltr'><strong>Christi</strong></span> <span class='ocrx_word' id='word_1_259' title='bbox 1051 1886 1158 1952; x_wconf 82' lang='lat' dir='ltr'><strong>martyr</strong></span> <span class='ocrx_word' id='word_1_260' title='bbox 1172 1883 1344 1937; x_wconf 86' lang='lat' dir='ltr'><strong>transmittit</strong></span> <span class='ocrx_word' id='word_1_261' title='bbox 1357 1881 1450 1951; x_wconf 87' lang='lat' dir='ltr'><strong>nobis,</strong></span> <span class='ocrx_word' id='word_1_262' title='bbox 1467 1887 1542 1939; x_wconf 88' lang='lat' dir='ltr'><strong>utex</strong></span> <span class='ocrx_word' id='word_1_263' title='bbox 1556 1884 1584 1940; x_wconf 90' lang='lat' dir='ltr'><strong>ei</strong></span> <span class='ocrx_word' id='word_1_264' title='bbox 1603 1882 1693 1941; x_wconf 83' lang='lat' dir='ltr'><strong>iacias</strong></span> 
     </span>
     <span class='ocr_line' id='line_1_20' title="bbox 92 1967 1693 2043; baseline 0.001 -16"><span class='ocrx_word' id='word_1_265' title='bbox 92 1972 135 2043; x_wconf 79' lang='lat' dir='ltr'><strong>is,</strong></span> <span class='ocrx_word' id='word_1_266' title='bbox 150 1983 232 2041; x_wconf 92' lang='lat' dir='ltr'><strong>quam</strong></span> <span class='ocrx_word' id='word_1_267' title='bbox 249 1970 320 2025; x_wconf 93' lang='lat' dir='ltr'><strong>mihi</strong></span> <span class='ocrx_word' id='word_1_268' title='bbox 335 1983 474 2040; x_wconf 87' lang='lat' dir='ltr'><strong>apparens</strong></span> <span class='ocrx_word' id='word_1_269' title='bbox 485 1969 521 2025; x_wconf 91' lang='lat' dir='ltr'><strong>ab</strong></span> <span class='ocrx_word' id='word_1_270' title='bbox 548 1970 633 2026; x_wconf 93' lang='lat' dir='ltr'><strong>initio</strong></span> <span class='ocrx_word' id='word_1_271' title='bbox 653 1969 714 2039; x_wconf 89' lang='lat' dir='ltr'><strong>ipse</strong></span> <span class='ocrx_word' id='word_1_272' title='bbox 725 1968 813 2024; x_wconf 92' lang='lat' dir='ltr'><strong>mani-</strong></span> <span class='ocrx_word' id='word_1_273' title='bbox 868 1982 940 2039; x_wconf 92' lang='lat' dir='ltr'><strong>opus</strong></span> <span class='ocrx_word' id='word_1_274' title='bbox 955 1969 1029 2039; x_wconf 94' lang='lat' dir='ltr'><strong>quod</strong></span> <span class='ocrx_word' id='word_1_275' title='bbox 1052 1970 1125 2024; x_wconf 92' lang='lat' dir='ltr'><strong>mihi</strong></span> <span class='ocrx_word' id='word_1_276' title='bbox 1140 1967 1231 2024; x_wconf 90' lang='lat' dir='ltr'><strong>lacere</strong></span> <span class='ocrx_word' id='word_1_277' title='bbox 1249 1969 1342 2038; x_wconf 91' lang='lat' dir='ltr'><strong>cupis.</strong></span> <span class='ocrx_word' id='word_1_278' title='bbox 1359 1971 1521 2040; x_wconf 82' lang='lat' dir='ltr'><strong>Exsurgens</strong></span> <span class='ocrx_word' id='word_1_279' title='bbox 1538 1971 1693 2041; x_wconf 89' lang='lat' dir='ltr'><strong>deniquea</strong></span> 
     </span>
     <span class='ocr_line' id='line_1_21' title="bbox 92 2055 1693 2126; baseline -0.001 -10"><span class='ocrx_word' id='word_1_280' title='bbox 92 2063 109 2116; x_wconf 86' lang='lat' dir='ltr'><strong>t.</strong></span> <span class='ocrx_word' id='word_1_281' title='bbox 124 2059 203 2114; x_wconf 85' lang='lat' dir='ltr'><strong>&#39;lunc</strong></span> <span class='ocrx_word' id='word_1_282' title='bbox 218 2057 294 2112; x_wconf 92' lang='lat' dir='ltr'><strong>enim</strong></span> <span class='ocrx_word' id='word_1_283' title='bbox 306 2057 439 2126; x_wconf 89' lang='lat' dir='ltr'><strong>episcopo</strong></span> <span class='ocrx_word' id='word_1_284' title='bbox 449 2056 576 2112; x_wconf 89' lang='lat' dir='ltr'><strong>civitatis</strong></span> <span class='ocrx_word' id='word_1_285' title='bbox 591 2055 741 2126; x_wconf 78' lang='lat' dir='ltr'><strong>presentia</strong></span> <span class='ocrx_word' id='word_1_286' title='bbox 756 2055 812 2110; x_wconf 87' lang='lat' dir='ltr'><strong>viri</strong></span> <span class='ocrx_word' id='word_1_287' title='bbox 869 2056 1093 2126; x_wconf 82' lang='lat' dir='ltr'><strong>lectulopraesul,</strong></span> <span class='ocrx_word' id='word_1_288' title='bbox 1101 2056 1201 2112; x_wconf 92' lang='lat' dir='ltr'><strong>retulit</strong></span> <span class='ocrx_word' id='word_1_289' title='bbox 1211 2069 1261 2126; x_wconf 90' lang='lat' dir='ltr'><strong>per</strong></span> <span class='ocrx_word' id='word_1_290' title='bbox 1268 2057 1396 2112; x_wconf 91' lang='lat' dir='ltr'><strong>ordinem</strong></span> <span class='ocrx_word' id='word_1_291' title='bbox 1406 2056 1469 2113; x_wconf 92' lang='lat' dir='ltr'><strong>suls</strong></span> <span class='ocrx_word' id='word_1_292' title='bbox 1478 2057 1693 2115; x_wconf 86' lang='lat' dir='ltr'><strong>clericisvisio-</strong></span> 
     </span>
     <span class='ocr_line' id='line_1_22' title="bbox 92 2142 1688 2216; baseline 0.003 -18"><span class='ocrx_word' id='word_1_293' title='bbox 92 2145 189 2215; x_wconf 86' lang='lat' dir='ltr'><strong>latur,</strong></span> <span class='ocrx_word' id='word_1_294' title='bbox 202 2150 232 2199; x_wconf 93' lang='lat' dir='ltr'><strong>et</strong></span> <span class='ocrx_word' id='word_1_295' title='bbox 247 2158 309 2214; x_wconf 80' lang='lat' dir='ltr'><strong>qum</strong></span> <span class='ocrx_word' id='word_1_296' title='bbox 323 2143 367 2199; x_wconf 94' lang='lat' dir='ltr'><strong>illi</strong></span> <span class='ocrx_word' id='word_1_297' title='bbox 384 2144 546 2198; x_wconf 89' lang='lat' dir='ltr'><strong>acciderant</strong></span> <span class='ocrx_word' id='word_1_298' title='bbox 561 2149 627 2199; x_wconf 92' lang='lat' dir='ltr'><strong>nota</strong></span> <span class='ocrx_word' id='word_1_299' title='bbox 638 2142 811 2200; x_wconf 89' lang='lat' dir='ltr'><strong>elliciuntur.</strong></span> <span class='ocrx_word' id='word_1_300' title='bbox 868 2159 940 2201; x_wconf 90' lang='lat' dir='ltr'><strong>nem.</strong></span> <span class='ocrx_word' id='word_1_301' title='bbox 963 2145 1055 2215; x_wconf 74' lang='lat' dir='ltr'><strong>Hujus</strong></span> <span class='ocrx_word' id='word_1_302' title='bbox 1079 2145 1120 2200; x_wconf 91' lang='lat' dir='ltr'><strong>rei</strong></span> <span class='ocrx_word' id='word_1_303' title='bbox 1136 2145 1228 2216; x_wconf 90' lang='lat' dir='ltr'><strong>gratia</strong></span> <span class='ocrx_word' id='word_1_304' title='bbox 1248 2144 1388 2200; x_wconf 85' lang='lat' dir='ltr'><strong>misiteos</strong></span> <span class='ocrx_word' id='word_1_305' title='bbox 1408 2145 1442 2200; x_wconf 89' lang='lat' dir='ltr'><strong>ad</strong></span> <span class='ocrx_word' id='word_1_306' title='bbox 1457 2150 1568 2215; x_wconf 91' lang='lat' dir='ltr'><strong>portum</strong></span> <span class='ocrx_word' id='word_1_307' title='bbox 1592 2146 1688 2203; x_wconf 80' lang='lat' dir='ltr'><strong>maris</strong></span> 
     </span>
     <span class='ocr_line' id='line_1_23' title="bbox 92 2231 1690 2304; baseline -0.001 -13"><span class='ocrx_word' id='word_1_308' title='bbox 92 2232 152 2291; x_wconf 86' lang='lat' dir='ltr'><strong>tim</strong></span> <span class='ocrx_word' id='word_1_309' title='bbox 161 2231 597 2302; x_wconf 87' lang='lat' dir='ltr'><strong>susceptumcomministrumin</strong></span> <span class='ocrx_word' id='word_1_310' title='bbox 607 2231 812 2301; x_wconf 90' lang='lat' dir='ltr'><strong>episcopiosuo</strong></span> <span class='ocrx_word' id='word_1_311' title='bbox 867 2235 921 2304; x_wconf 90' lang='lat' dir='ltr'><strong>Qui</strong></span> <span class='ocrx_word' id='word_1_312' title='bbox 944 2247 1008 2290; x_wconf 91' lang='lat' dir='ltr'><strong>cum</strong></span> <span class='ocrx_word' id='word_1_313' title='bbox 1036 2233 1180 2304; x_wconf 91' lang='lat' dir='ltr'><strong>navigium</strong></span> <span class='ocrx_word' id='word_1_314' title='bbox 1204 2233 1390 2303; x_wconf 86' lang='lat' dir='ltr'><strong>invenissent,</strong></span> <span class='ocrx_word' id='word_1_315' title='bbox 1418 2237 1446 2288; x_wconf 90' lang='lat' dir='ltr'><strong>et</strong></span> <span class='ocrx_word' id='word_1_316' title='bbox 1468 2246 1534 2289; x_wconf 88' lang='lat' dir='ltr'><strong>curn</strong></span> <span class='ocrx_word' id='word_1_317' title='bbox 1555 2233 1690 2290; x_wconf 89' lang='lat' dir='ltr'><strong>nauclero</strong></span> 
     </span>
     <span class='ocr_line' id='line_1_24' title="bbox 94 2320 1693 2395; baseline -0.001 -17"><span class='ocrx_word' id='word_1_318' title='bbox 94 2364 105 2395; x_wconf 89' lang='lat'><strong>,</strong></span> <span class='ocrx_word' id='word_1_319' title='bbox 130 2327 161 2379; x_wconf 88' lang='lat' dir='ltr'><strong>et</strong></span> <span class='ocrx_word' id='word_1_320' title='bbox 183 2321 303 2394; x_wconf 91' lang='lat' dir='ltr'><strong>benigne</strong></span> <span class='ocrx_word' id='word_1_321' title='bbox 327 2320 466 2376; x_wconf 83' lang='lat' dir='ltr'><strong>tractabat</strong></span> <span class='ocrx_word' id='word_1_322' title='bbox 484 2335 558 2378; x_wconf 92' lang='lat' dir='ltr'><strong>eum.</strong></span> <span class='ocrx_word' id='word_1_323' title='bbox 573 2320 610 2375; x_wconf 82' lang='lat' dir='ltr'><strong>nt</strong></span> <span class='ocrx_word' id='word_1_324' title='bbox 633 2321 683 2376; x_wconf 88' lang='lat' dir='ltr'><strong>ille</strong></span> <span class='ocrx_word' id='word_1_325' title='bbox 712 2334 762 2376; x_wconf 91' lang='lat' dir='ltr'><strong>nec</strong></span> <span class='ocrx_word' id='word_1_326' title='bbox 776 2321 811 2376; x_wconf 91' lang='lat' dir='ltr'><strong>ad</strong></span> <span class='ocrx_word' id='word_1_327' title='bbox 869 2322 957 2378; x_wconf 89' lang='lat' dir='ltr'><strong>locuti</strong></span> <span class='ocrx_word' id='word_1_328' title='bbox 976 2320 1108 2390; x_wconf 89' lang='lat' dir='ltr'><strong>luissent,</strong></span> <span class='ocrx_word' id='word_1_329' title='bbox 1135 2325 1305 2392; x_wconf 89' lang='lat' dir='ltr'><strong>rogaverunt</strong></span> <span class='ocrx_word' id='word_1_330' title='bbox 1317 2324 1458 2390; x_wconf 91' lang='lat' dir='ltr'><strong>quatenus</strong></span> <span class='ocrx_word' id='word_1_331' title='bbox 1479 2320 1599 2391; x_wconf 87' lang='lat' dir='ltr'><strong>dignum</strong></span> <span class='ocrx_word' id='word_1_332' title='bbox 1624 2333 1693 2390; x_wconf 85' lang='lat' dir='ltr'><strong>pre-</strong></span> 
     </span>
     <span class='ocr_line' id='line_1_25' title="bbox 92 2407 1693 2483; baseline -0.002 -16"><span class='ocrx_word' id='word_1_333' title='bbox 92 2409 416 2483; x_wconf 77' lang='lat' dir='ltr'><strong>passusestabecclesia</strong></span> <span class='ocrx_word' id='word_1_334' title='bbox 431 2409 520 2464; x_wconf 90' lang='lat' dir='ltr'><strong>sancti</strong></span> <span class='ocrx_word' id='word_1_335' title='bbox 534 2409 809 2480; x_wconf 87' lang='lat' dir='ltr'><strong>martyrisseparari‚</strong></span> <span class='ocrx_word' id='word_1_336' title='bbox 866 2411 939 2466; x_wconf 92' lang='lat' dir='ltr'><strong>tium</strong></span> <span class='ocrx_word' id='word_1_337' title='bbox 970 2422 1022 2480; x_wconf 94' lang='lat' dir='ltr'><strong>pro</strong></span> <span class='ocrx_word' id='word_1_338' title='bbox 1044 2408 1188 2465; x_wconf 91' lang='lat' dir='ltr'><strong>columnis</strong></span> <span class='ocrx_word' id='word_1_339' title='bbox 1208 2414 1235 2463; x_wconf 89' lang='lat' dir='ltr'><strong>et</strong></span> <span class='ocrx_word' id='word_1_340' title='bbox 1258 2407 1425 2463; x_wconf 89' lang='lat' dir='ltr'><strong>marmoreis</strong></span> <span class='ocrx_word' id='word_1_341' title='bbox 1450 2407 1558 2464; x_wconf 90' lang='lat' dir='ltr'><strong>tabulis</strong></span> <span class='ocrx_word' id='word_1_342' title='bbox 1579 2409 1693 2478; x_wconf 87' lang='lat' dir='ltr'><strong>recipe-</strong></span> 
     </span>
     <span class='ocr_line' id='line_1_26' title="bbox 92 2495 1693 2568; baseline -0.003 -11"><span class='ocrx_word' id='word_1_343' title='bbox 92 2501 132 2557; x_wconf 84' lang='lat' dir='ltr'><strong>mi</strong></span> <span class='ocrx_word' id='word_1_344' title='bbox 152 2505 276 2568; x_wconf 89' lang='lat' dir='ltr'><strong>tempore</strong></span> <span class='ocrx_word' id='word_1_345' title='bbox 295 2511 352 2568; x_wconf 92' lang='lat' dir='ltr'><strong>quo</strong></span> <span class='ocrx_word' id='word_1_346' title='bbox 368 2497 398 2553; x_wconf 92' lang='lat' dir='ltr'><strong>in</strong></span> <span class='ocrx_word' id='word_1_347' title='bbox 414 2498 530 2552; x_wconf 88' lang='lat' dir='ltr'><strong>civitate</strong></span> <span class='ocrx_word' id='word_1_348' title='bbox 551 2498 665 2559; x_wconf 76' lang='lat' dir='ltr'><strong>mansit.</strong></span> <span class='ocrx_word' id='word_1_349' title='bbox 683 2510 812 2552; x_wconf 91' lang='lat' dir='ltr'><strong>commo-</strong></span> <span class='ocrx_word' id='word_1_350' title='bbox 867 2503 939 2563; x_wconf 82' lang='lat' dir='ltr'><strong>rent,</strong></span> <span class='ocrx_word' id='word_1_351' title='bbox 949 2498 1183 2567; x_wconf 72' lang='lat' dir='ltr'><strong>desideriumque</strong></span> <span class='ocrx_word' id='word_1_352' title='bbox 1196 2496 1323 2566; x_wconf 88' lang='lat' dir='ltr'><strong>episcopi</strong></span> <span class='ocrx_word' id='word_1_353' title='bbox 1338 2495 1538 2565; x_wconf 87' lang='lat' dir='ltr'><strong>adimplerent.</strong></span> <span class='ocrx_word' id='word_1_354' title='bbox 1549 2496 1601 2552; x_wconf 86' lang='lat' dir='ltr'><strong>Sed</strong></span> <span class='ocrx_word' id='word_1_355' title='bbox 1615 2509 1693 2553; x_wconf 62' lang='lat' dir='ltr'><strong>nau*</strong></span> 
     </span>
     <span class='ocr_line' id='line_1_27' title="bbox 92 2583 1691 2657; baseline -0.002 -13"><span class='ocrx_word' id='word_1_356' title='bbox 92 2589 169 2645; x_wconf 70' lang='lat' dir='ltr'><strong>stin</strong></span> <span class='ocrx_word' id='word_1_357' title='bbox 184 2589 280 2643; x_wconf 90' lang='lat' dir='ltr'><strong>eadem</strong></span> <span class='ocrx_word' id='word_1_358' title='bbox 300 2585 429 2643; x_wconf 88' lang='lat' dir='ltr'><strong>ecclesia.</strong></span> <span class='ocrx_word' id='word_1_359' title='bbox 445 2585 514 2640; x_wconf 86' lang='lat' dir='ltr'><strong>Cum</strong></span> <span class='ocrx_word' id='word_1_360' title='bbox 528 2584 590 2641; x_wconf 91' lang='lat' dir='ltr'><strong>lllic</strong></span> <span class='ocrx_word' id='word_1_361' title='bbox 604 2585 766 2657; x_wconf 85' lang='lat' dir='ltr'><strong>hiemasset,</strong></span> <span class='ocrx_word' id='word_1_362' title='bbox 785 2591 813 2642; x_wconf 90' lang='lat' dir='ltr'><strong>et</strong></span> <span class='ocrx_word' id='word_1_363' title='bbox 866 2588 961 2645; x_wconf 90' lang='lat' dir='ltr'><strong>clerus</strong></span> <span class='ocrx_word' id='word_1_364' title='bbox 987 2590 1016 2643; x_wconf 86' lang='lat' dir='ltr'><strong>et</strong></span> <span class='ocrx_word' id='word_1_365' title='bbox 1046 2587 1095 2657; x_wconf 89' lang='lat' dir='ltr'><strong>qui</strong></span> <span class='ocrx_word' id='word_1_366' title='bbox 1122 2598 1187 2642; x_wconf 91' lang='lat' dir='ltr'><strong>cum</strong></span> <span class='ocrx_word' id='word_1_367' title='bbox 1210 2599 1243 2641; x_wconf 89' lang='lat' dir='ltr'><strong>eo</strong></span> <span class='ocrx_word' id='word_1_368' title='bbox 1268 2589 1359 2655; x_wconf 86' lang='lat' dir='ltr'><strong>erant,</strong></span> <span class='ocrx_word' id='word_1_369' title='bbox 1386 2583 1572 2656; x_wconf 79' lang='lat' dir='ltr'><strong>abnegatores</strong></span> <span class='ocrx_word' id='word_1_370' title='bbox 1598 2583 1691 2641; x_wconf 79' lang='lat' dir='ltr'><strong>eflecti</strong></span> 
     </span>
     <span class='ocr_line' id='line_1_28' title="bbox 92 2671 1692 2746; baseline -0.003 -14"><span class='ocrx_word' id='word_1_371' title='bbox 92 2690 99 2733; x_wconf 81' lang='grc' dir='ltr'>ι</span> <span class='ocrx_word' id='word_1_372' title='bbox 119 2674 313 2746; x_wconf 89' lang='lat' dir='ltr'><strong>navigationis</strong></span> <span class='ocrx_word' id='word_1_373' title='bbox 336 2676 535 2742; x_wconf 81' lang='lat' dir='ltr'><strong>exspectasset,</strong></span> <span class='ocrx_word' id='word_1_374' title='bbox 557 2673 637 2728; x_wconf 92' lang='lat' dir='ltr'><strong>illico</strong></span> <span class='ocrx_word' id='word_1_375' title='bbox 657 2672 725 2728; x_wconf 92' lang='lat' dir='ltr'><strong>dum</strong></span> <span class='ocrx_word' id='word_1_376' title='bbox 747 2679 814 2728; x_wconf 82' lang='lat' dir='ltr'><strong>tem</strong></span> <span class='ocrx_word' id='word_1_377' title='bbox 867 2681 944 2745; x_wconf 89' lang='lat' dir='ltr'><strong>sunt,</strong></span> <span class='ocrx_word' id='word_1_378' title='bbox 968 2675 1042 2730; x_wconf 91' lang='lat' dir='ltr'><strong>nihil</strong></span> <span class='ocrx_word' id='word_1_379' title='bbox 1066 2675 1181 2744; x_wconf 90' lang='lat' dir='ltr'><strong>penitus</strong></span> <span class='ocrx_word' id='word_1_380' title='bbox 1204 2686 1301 2729; x_wconf 90' lang='lat' dir='ltr'><strong>eorum</strong></span> <span class='ocrx_word' id='word_1_381' title='bbox 1322 2676 1515 2729; x_wconf 85' lang='lat' dir='ltr'><strong>asseverantes</strong></span> <span class='ocrx_word' id='word_1_382' title='bbox 1538 2685 1568 2727; x_wconf 89' lang='lat' dir='ltr'><strong>se</strong></span> <span class='ocrx_word' id='word_1_383' title='bbox 1587 2671 1692 2728; x_wconf 87' lang='lat' dir='ltr'><strong>babere</strong></span> 
     </span>
     <span class='ocr_line' id='line_1_29' title="bbox 92 2759 1692 2834; baseline -0.003 -15"><span class='ocrx_word' id='word_1_384' title='bbox 92 2763 179 2831; x_wconf 83' lang='lat' dir='ltr'><strong>veuit,</strong></span> <span class='ocrx_word' id='word_1_385' title='bbox 195 2762 325 2818; x_wconf 90' lang='lat' dir='ltr'><strong>ascendit</strong></span> <span class='ocrx_word' id='word_1_386' title='bbox 348 2762 378 2818; x_wconf 93' lang='lat' dir='ltr'><strong>in</strong></span> <span class='ocrx_word' id='word_1_387' title='bbox 393 2761 487 2816; x_wconf 88' lang='lat' dir='ltr'><strong>navim</strong></span> <span class='ocrx_word' id='word_1_388' title='bbox 506 2766 618 2830; x_wconf 90' lang='lat' dir='ltr'><strong>sumpta</strong></span> <span class='ocrx_word' id='word_1_389' title='bbox 634 2774 727 2816; x_wconf 90' lang='lat' dir='ltr'><strong>secum</strong></span> <span class='ocrx_word' id='word_1_390' title='bbox 746 2761 814 2815; x_wconf 90' lang='lat' dir='ltr'><strong>ima·</strong></span> <span class='ocrx_word' id='word_1_391' title='bbox 868 2777 931 2834; x_wconf 83' lang='lat' dir='ltr'><strong>qua</strong></span> <span class='ocrx_word' id='word_1_392' title='bbox 955 2762 1164 2834; x_wconf 71' lang='lat' dir='ltr'><strong>querebantur.</strong></span> <span class='ocrx_word' id='word_1_393' title='bbox 1195 2761 1366 2817; x_wconf 84' lang='lat' dir='ltr'><strong>Nuntiantes</strong></span> <span class='ocrx_word' id='word_1_394' title='bbox 1386 2763 1480 2817; x_wconf 91' lang='lat' dir='ltr'><strong>autem</strong></span> <span class='ocrx_word' id='word_1_395' title='bbox 1504 2759 1602 2815; x_wconf 92' lang='lat' dir='ltr'><strong>clerici</strong></span> <span class='ocrx_word' id='word_1_396' title='bbox 1633 2759 1692 2816; x_wconf 80' lang='lat' dir='ltr'><strong>haec</strong></span> 
     </span>
     <span class='ocr_line' id='line_1_30' title="bbox 92 2846 1692 2922; baseline -0.004 -15"><span class='ocrx_word' id='word_1_397' title='bbox 92 2852 211 2922; x_wconf 75' lang='lat' dir='ltr'><strong>iartyris</strong></span> <span class='ocrx_word' id='word_1_398' title='bbox 234 2850 384 2920; x_wconf 87' lang='lat' dir='ltr'><strong>Demetrii,</strong></span> <span class='ocrx_word' id='word_1_399' title='bbox 410 2848 610 2920; x_wconf 81' lang='lat' dir='ltr'><strong>navigavitque</strong></span> <span class='ocrx_word' id='word_1_400' title='bbox 632 2862 765 2917; x_wconf 87' lang='lat' dir='ltr'><strong>prospere</strong></span> <span class='ocrx_word' id='word_1_401' title='bbox 776 2848 810 2904; x_wconf 90' lang='lat' dir='ltr'><strong>ad</strong></span> <span class='ocrx_word' id='word_1_402' title='bbox 867 2852 917 2921; x_wconf 95' lang='lat' dir='ltr'><strong>qui</strong></span> <span class='ocrx_word' id='word_1_403' title='bbox 945 2850 1026 2907; x_wconf 91' lang='lat' dir='ltr'><strong>missi</strong></span> <span class='ocrx_word' id='word_1_404' title='bbox 1049 2848 1162 2906; x_wconf 78' lang='lat' dir='ltr'><strong>fuerant</strong></span> <span class='ocrx_word' id='word_1_405' title='bbox 1176 2862 1229 2905; x_wconf 92' lang='lat' dir='ltr'><strong>suo</strong></span> <span class='ocrx_word' id='word_1_406' title='bbox 1250 2848 1394 2918; x_wconf 86' lang='lat' dir='ltr'><strong>episcopo,</strong></span> <span class='ocrx_word' id='word_1_407' title='bbox 1408 2847 1519 2903; x_wconf 90' lang='lat' dir='ltr'><strong>tristem</strong></span> <span class='ocrx_word' id='word_1_408' title='bbox 1541 2859 1605 2902; x_wconf 90' lang='lat' dir='ltr'><strong>eum</strong></span> <span class='ocrx_word' id='word_1_409' title='bbox 1625 2846 1692 2902; x_wconf 88' lang='lat' dir='ltr'><strong>lude</strong></span> 
     </span>
     <span class='ocr_line' id='line_1_31' title="bbox 98 2933 1693 3008; baseline -0.005 -11"><span class='ocrx_word' id='word_1_410' title='bbox 98 2938 396 3008; x_wconf 61' lang='lat' dir='ltr'><strong>Constantinopolim</strong></span> <span class='ocrx_word' id='word_1_411' title='bbox 413 2943 440 2993; x_wconf 91' lang='lat' dir='ltr'><strong>et</strong></span> <span class='ocrx_word' id='word_1_412' title='bbox 456 2938 703 3007; x_wconf 89' lang='lat' dir='ltr'><strong>negotiosuoapte</strong></span> <span class='ocrx_word' id='word_1_413' title='bbox 715 2938 813 3008; x_wconf 89' lang='lat' dir='ltr'><strong>dispo·</strong></span> <span class='ocrx_word' id='word_1_414' title='bbox 868 2939 1062 3007; x_wconf 90' lang='lat' dir='ltr'><strong>reddiderunt,</strong></span> <span class='ocrx_word' id='word_1_415' title='bbox 1079 2941 1107 2993; x_wconf 89' lang='lat' dir='ltr'><strong>et</strong></span> <span class='ocrx_word' id='word_1_416' title='bbox 1122 2950 1240 2993; x_wconf 83' lang='lat' dir='ltr'><strong>marens</strong></span> <span class='ocrx_word' id='word_1_417' title='bbox 1255 2936 1403 2992; x_wconf 84' lang='lat' dir='ltr'><strong>incedebat</strong></span> <span class='ocrx_word' id='word_1_418' title='bbox 1423 2933 1579 2990; x_wconf 80' lang='lat' dir='ltr'><strong>frustratus</strong></span> <span class='ocrx_word' id='word_1_419' title='bbox 1590 2934 1693 2990; x_wconf 88' lang='lat' dir='ltr'><strong>consi-</strong></span> 
     </span>
     <span class='ocr_line' id='line_1_32' title="bbox 92 2997 1692 3098; baseline -0.006 -13"><span class='ocrx_word' id='word_1_420' title='bbox 92 3033 237 3098; x_wconf 72' lang='lat' dir='ltr'><strong>»operante</strong></span> <span class='ocrx_word' id='word_1_421' title='bbox 256 3027 495 3083; x_wconf 90' lang='lat' dir='ltr'><strong>victoriosissimo</strong></span> <span class='ocrx_word' id='word_1_422' title='bbox 517 3033 639 3097; x_wconf 89' lang='lat' dir='ltr'><strong>martyre</strong></span> <span class='ocrx_word' id='word_1_423' title='bbox 657 3027 810 3098; x_wconf 87' lang='lat' dir='ltr'><strong>Demetrio,</strong></span> <span class='ocrx_word' id='word_1_424' title='bbox 829 2997 917 3095; x_wconf 73' lang='lat' dir='ltr'><strong>Clio,</strong></span> <span class='ocrx_word' id='word_1_425' title='bbox 928 3027 1031 3081; x_wconf 89' lang='lat' dir='ltr'><strong>lterum</strong></span> <span class='ocrx_word' id='word_1_426' title='bbox 1042 3037 1163 3094; x_wconf 91' lang='lat' dir='ltr'><strong>namque</strong></span> <span class='ocrx_word' id='word_1_427' title='bbox 1174 3029 1280 3093; x_wconf 89' lang='lat' dir='ltr'><strong>martyr</strong></span> <span class='ocrx_word' id='word_1_428' title='bbox 1295 3026 1411 3079; x_wconf 89' lang='lat' dir='ltr'><strong>sanctus</strong></span> <span class='ocrx_word' id='word_1_429' title='bbox 1425 3021 1586 3077; x_wconf 89' lang='lat' dir='ltr'><strong>Demetrius</strong></span> <span class='ocrx_word' id='word_1_430' title='bbox 1599 3035 1692 3092; x_wconf 87' lang='lat' dir='ltr'><strong>appa-</strong></span> 
     </span>
     <span class='ocr_line' id='line_1_33' title="bbox 98 3109 1691 3189; baseline -0.006 -17"><span class='ocrx_word' id='word_1_431' title='bbox 98 3116 211 3189; x_wconf 85' lang='lat' dir='ltr'><strong>regioni</strong></span> <span class='ocrx_word' id='word_1_432' title='bbox 222 3123 250 3172; x_wconf 95' lang='lat' dir='ltr'><strong>et</strong></span> <span class='ocrx_word' id='word_1_433' title='bbox 264 3117 341 3188; x_wconf 87' lang='lat' dir='ltr'><strong>gregi</strong></span> <span class='ocrx_word' id='word_1_434' title='bbox 358 3117 461 3171; x_wconf 88' lang='lat' dir='ltr'><strong>deinde</strong></span> <span class='ocrx_word' id='word_1_435' title='bbox 473 3129 601 3171; x_wconf 88' lang='lat' dir='ltr'><strong>remeans</strong></span> <span class='ocrx_word' id='word_1_436' title='bbox 613 3116 701 3184; x_wconf 88' lang='lat' dir='ltr'><strong>dedit,</strong></span> <span class='ocrx_word' id='word_1_437' title='bbox 717 3116 810 3186; x_wconf 81' lang='lat' dir='ltr'><strong>copio</strong></span> <span class='ocrx_word' id='word_1_438' title='bbox 866 3114 926 3170; x_wconf 95' lang='lat' dir='ltr'><strong>ruit</strong></span> <span class='ocrx_word' id='word_1_439' title='bbox 942 3113 968 3168; x_wconf 93' lang='lat' dir='ltr'><strong>ei</strong></span> <span class='ocrx_word' id='word_1_440' title='bbox 982 3112 1012 3168; x_wconf 93' lang='lat' dir='ltr'><strong>in</strong></span> <span class='ocrx_word' id='word_1_441' title='bbox 1027 3112 1148 3182; x_wconf 86' lang='lat' dir='ltr'><strong>risione,</strong></span> <span class='ocrx_word' id='word_1_442' title='bbox 1168 3111 1284 3166; x_wconf 84' lang='lat' dir='ltr'><strong>dicens:</strong></span> <span class='ocrx_word' id='word_1_443' title='bbox 1309 3111 1382 3165; x_wconf 78' lang='lat' dir='ltr'><strong>Vade</strong></span> <span class='ocrx_word' id='word_1_444' title='bbox 1400 3114 1432 3165; x_wconf 93' lang='lat' dir='ltr'><strong>tu</strong></span> <span class='ocrx_word' id='word_1_445' title='bbox 1446 3109 1507 3178; x_wconf 93' lang='lat' dir='ltr'><strong>ipse</strong></span> <span class='ocrx_word' id='word_1_446' title='bbox 1520 3109 1555 3164; x_wconf 87' lang='lat' dir='ltr'><strong>ad</strong></span> <span class='ocrx_word' id='word_1_447' title='bbox 1581 3109 1691 3178; x_wconf 82' lang='lat' dir='ltr'><strong>praedi-</strong></span> 
     </span>
     <span class='ocr_line' id='line_1_34' title="bbox 92 3193 1689 3275; baseline -0.008 -14"><span class='ocrx_word' id='word_1_448' title='bbox 92 3204 161 3261; x_wconf 82' lang='lat' dir='ltr'><strong>:his</strong></span> <span class='ocrx_word' id='word_1_449' title='bbox 173 3219 236 3275; x_wconf 84' lang='lat' dir='ltr'><strong>quae</strong></span> <span class='ocrx_word' id='word_1_450' title='bbox 251 3205 414 3260; x_wconf 89' lang='lat' dir='ltr'><strong>acciderant</strong></span> <span class='ocrx_word' id='word_1_451' title='bbox 435 3204 603 3273; x_wconf 89' lang='lat' dir='ltr'><strong>promittens</strong></span> <span class='ocrx_word' id='word_1_452' title='bbox 623 3205 740 3274; x_wconf 87' lang='lat' dir='ltr'><strong>martyri</strong></span> <span class='ocrx_word' id='word_1_453' title='bbox 754 3204 813 3260; x_wconf 90' lang='lat' dir='ltr'><strong>cul·</strong></span> <span class='ocrx_word' id='word_1_454' title='bbox 866 3205 943 3255; x_wconf 91' lang='lat' dir='ltr'><strong>ctum</strong></span> <span class='ocrx_word' id='word_1_455' title='bbox 963 3197 1138 3264; x_wconf 87' lang='lat' dir='ltr'><strong>nauclerum,</strong></span> <span class='ocrx_word' id='word_1_456' title='bbox 1163 3200 1191 3252; x_wconf 89' lang='lat' dir='ltr'><strong>et</strong></span> <span class='ocrx_word' id='word_1_457' title='bbox 1211 3196 1258 3251; x_wconf 91' lang='lat' dir='ltr'><strong>dic</strong></span> <span class='ocrx_word' id='word_1_458' title='bbox 1277 3196 1323 3250; x_wconf 91' lang='lat' dir='ltr'><strong>ei:</strong></span> <span class='ocrx_word' id='word_1_459' title='bbox 1347 3194 1412 3250; x_wconf 91' lang='lat' dir='ltr'><strong>Noli</strong></span> <span class='ocrx_word' id='word_1_460' title='bbox 1431 3206 1493 3249; x_wconf 88' lang='lat' dir='ltr'><strong>esse</strong></span> <span class='ocrx_word' id='word_1_461' title='bbox 1507 3193 1689 3263; x_wconf 78' lang='lat' dir='ltr'><strong>menda13in</strong></span> 
     </span>
     <span class='ocr_line' id='line_1_35' title="bbox 92 3281 1689 3362; baseline -0.007 -12"><span class='ocrx_word' id='word_1_462' title='bbox 92 3299 165 3350; x_wconf 81' lang='lat' dir='ltr'><strong>&#39;orro</strong></span> <span class='ocrx_word' id='word_1_463' title='bbox 187 3293 320 3348; x_wconf 85' lang='lat' dir='ltr'><strong>talionem</strong></span> <span class='ocrx_word' id='word_1_464' title='bbox 340 3293 406 3347; x_wconf 90' lang='lat' dir='ltr'><strong>inde</strong></span> <span class='ocrx_word' id='word_1_465' title='bbox 426 3293 541 3348; x_wconf 88' lang='lat' dir='ltr'><strong>reddere</strong></span> <span class='ocrx_word' id='word_1_466' title='bbox 560 3292 699 3362; x_wconf 90' lang='lat' dir='ltr'><strong>cogitans,</strong></span> <span class='ocrx_word' id='word_1_467' title='bbox 716 3296 744 3347; x_wconf 91' lang='lat' dir='ltr'><strong>et</strong></span> <span class='ocrx_word' id='word_1_468' title='bbox 761 3305 812 3360; x_wconf 92' lang='lat' dir='ltr'><strong>pro</strong></span> <span class='ocrx_word' id='word_1_469' title='bbox 868 3286 983 3358; x_wconf 84' lang='lat' dir='ltr'><strong>propria</strong></span> <span class='ocrx_word' id='word_1_470' title='bbox 1007 3285 1082 3340; x_wconf 93' lang='lat' dir='ltr'><strong>enim</strong></span> <span class='ocrx_word' id='word_1_471' title='bbox 1108 3284 1171 3339; x_wconf 92' lang='lat' dir='ltr'><strong>navi</strong></span> <span class='ocrx_word' id='word_1_472' title='bbox 1197 3282 1282 3338; x_wconf 89' lang='lat' dir='ltr'><strong>habes</strong></span> <span class='ocrx_word' id='word_1_473' title='bbox 1306 3282 1474 3352; x_wconf 90' lang='lat' dir='ltr'><strong>instipatum</strong></span> <span class='ocrx_word' id='word_1_474' title='bbox 1497 3281 1645 3337; x_wconf 90' lang='lat' dir='ltr'><strong>ambonem</strong></span> <span class='ocrx_word' id='word_1_475' title='bbox 1660 3285 1689 3339; x_wconf 90' lang='lat' dir='ltr'><strong>et</strong></span> 
     </span>
     <span class='ocr_line' id='line_1_36' title="bbox 92 3368 1685 3453; baseline -0.008 -14"><span class='ocrx_word' id='word_1_476' title='bbox 92 3385 121 3439; x_wconf 84' lang='lat' dir='ltr'><strong>te</strong></span> <span class='ocrx_word' id='word_1_477' title='bbox 140 3381 261 3453; x_wconf 88' lang='lat' dir='ltr'><strong>gmtiam</strong></span> <span class='ocrx_word' id='word_1_478' title='bbox 278 3381 402 3436; x_wconf 91' lang='lat' dir='ltr'><strong>tribuere</strong></span> <span class='ocrx_word' id='word_1_479' title='bbox 421 3387 560 3453; x_wconf 85' lang='lat' dir='ltr'><strong>satagens,</strong></span> <span class='ocrx_word' id='word_1_480' title='bbox 577 3381 713 3450; x_wconf 90' lang='lat' dir='ltr'><strong>templum</strong></span> <span class='ocrx_word' id='word_1_481' title='bbox 732 3381 809 3441; x_wconf 83' lang='lat' dir='ltr'><strong>dedi.</strong></span> <span class='ocrx_word' id='word_1_482' title='bbox 868 3379 979 3448; x_wconf 89' lang='lat' dir='ltr'><strong>reliqua</strong></span> <span class='ocrx_word' id='word_1_483' title='bbox 1007 3386 1148 3429; x_wconf 90' lang='lat' dir='ltr'><strong>marmora</strong></span> <span class='ocrx_word' id='word_1_484' title='bbox 1167 3371 1314 3428; x_wconf 89' lang='lat' dir='ltr'><strong>absconsa.</strong></span> <span class='ocrx_word' id='word_1_485' title='bbox 1339 3368 1419 3424; x_wconf 90' lang='lat' dir='ltr'><strong>Nihil</strong></span> <span class='ocrx_word' id='word_1_486' title='bbox 1434 3382 1500 3424; x_wconf 81' lang='lat' dir='ltr'><strong>vero</strong></span> <span class='ocrx_word' id='word_1_487' title='bbox 1520 3368 1636 3426; x_wconf 88' lang='lat' dir='ltr'><strong>dubites</strong></span> <span class='ocrx_word' id='word_1_488' title='bbox 1650 3371 1685 3427; x_wconf 90' lang='lat' dir='ltr'><strong>ad</strong></span> 
     </span>
     <span class='ocr_line' id='line_1_37' title="bbox 107 3457 1686 3540; baseline -0.008 -14"><span class='ocrx_word' id='word_1_489' title='bbox 107 3470 225 3527; x_wconf 88' lang='lat' dir='ltr'><strong>civitate</strong></span> <span class='ocrx_word' id='word_1_490' title='bbox 237 3483 288 3525; x_wconf 93' lang='lat' dir='ltr'><strong>sua</strong></span> <span class='ocrx_word' id='word_1_491' title='bbox 300 3468 414 3540; x_wconf 76' lang='lat' dir='ltr'><strong>collegae</strong></span> <span class='ocrx_word' id='word_1_492' title='bbox 429 3483 481 3525; x_wconf 93' lang='lat' dir='ltr'><strong>suo</strong></span> <span class='ocrx_word' id='word_1_493' title='bbox 491 3475 519 3524; x_wconf 92' lang='lat' dir='ltr'><strong>et</strong></span> <span class='ocrx_word' id='word_1_494' title='bbox 535 3469 650 3539; x_wconf 88' lang='lat' dir='ltr'><strong>martyri</strong></span> <span class='ocrx_word' id='word_1_495' title='bbox 671 3471 813 3527; x_wconf 90' lang='lat' dir='ltr'><strong>Demetrio</strong></span> <span class='ocrx_word' id='word_1_496' title='bbox 868 3468 928 3523; x_wconf 73' lang='lat' dir='ltr'><strong>haec</strong></span> <span class='ocrx_word' id='word_1_497' title='bbox 939 3464 1011 3520; x_wconf 92' lang='lat' dir='ltr'><strong>mihi</strong></span> <span class='ocrx_word' id='word_1_498' title='bbox 1027 3463 1188 3531; x_wconf 87' lang='lat' dir='ltr'><strong>tribuenda,</strong></span> <span class='ocrx_word' id='word_1_499' title='bbox 1203 3464 1317 3530; x_wconf 91' lang='lat' dir='ltr'><strong>propter</strong></span> <span class='ocrx_word' id='word_1_500' title='bbox 1331 3458 1495 3527; x_wconf 90' lang='lat' dir='ltr'><strong>episcopum</strong></span> <span class='ocrx_word' id='word_1_501' title='bbox 1506 3457 1555 3527; x_wconf 92' lang='lat' dir='ltr'><strong>qui</strong></span> <span class='ocrx_word' id='word_1_502' title='bbox 1568 3457 1649 3512; x_wconf 90' lang='lat' dir='ltr'><strong>misit</strong></span> <span class='ocrx_word' id='word_1_503' title='bbox 1659 3463 1686 3514; x_wconf 91' lang='lat' dir='ltr'><strong>te</strong></span> 
     </span>
     <span class='ocr_line' id='line_1_38' title="bbox 108 3545 1686 3623; baseline -0.009 -8"><span class='ocrx_word' id='word_1_504' title='bbox 108 3558 289 3615; x_wconf 86' lang='lat' dir='ltr'><strong>Desiderium</strong></span> <span class='ocrx_word' id='word_1_505' title='bbox 310 3563 403 3612; x_wconf 92' lang='lat' dir='ltr'><strong>autem</strong></span> <span class='ocrx_word' id='word_1_506' title='bbox 422 3555 542 3612; x_wconf 88' lang='lat' dir='ltr'><strong>habebat</strong></span> <span class='ocrx_word' id='word_1_507' title='bbox 560 3557 655 3612; x_wconf 88' lang='lat' dir='ltr'><strong>simile</strong></span> <span class='ocrx_word' id='word_1_508' title='bbox 670 3557 812 3615; x_wconf 91' lang='lat' dir='ltr'><strong>ciborium</strong></span> <span class='ocrx_word' id='word_1_509' title='bbox 867 3557 901 3611; x_wconf 89' lang='lat' dir='ltr'><strong>ad</strong></span> <span class='ocrx_word' id='word_1_510' title='bbox 919 3556 976 3610; x_wconf 70' lang='lat' dir='ltr'><strong>haec</strong></span> <span class='ocrx_word' id='word_1_511' title='bbox 997 3552 1196 3623; x_wconf 91' lang='lat' dir='ltr'><strong>perquirenda.</strong></span> <span class='ocrx_word' id='word_1_512' title='bbox 1220 3551 1315 3604; x_wconf 85' lang='lat' dir='ltr'><strong>Frater</strong></span> <span class='ocrx_word' id='word_1_513' title='bbox 1333 3547 1409 3602; x_wconf 92' lang='lat' dir='ltr'><strong>enim</strong></span> <span class='ocrx_word' id='word_1_514' title='bbox 1430 3559 1509 3601; x_wconf 90' lang='lat' dir='ltr'><strong>meus</strong></span> <span class='ocrx_word' id='word_1_515' title='bbox 1531 3545 1641 3601; x_wconf 90' lang='lat' dir='ltr'><strong>invenlt</strong></span> <span class='ocrx_word' id='word_1_516' title='bbox 1656 3546 1686 3601; x_wconf 89' lang='lat' dir='ltr'><strong>in</strong></span> 
     </span>
     <span class='ocr_line' id='line_1_39' title="bbox 92 3633 1687 3716; baseline -0.009 -12"><span class='ocrx_word' id='word_1_517' title='bbox 92 3645 153 3704; x_wconf 90' lang='lat' dir='ltr'><strong>lem</strong></span> <span class='ocrx_word' id='word_1_518' title='bbox 176 3646 333 3714; x_wconf 90' lang='lat' dir='ltr'><strong>ambonem,</strong></span> <span class='ocrx_word' id='word_1_519' title='bbox 351 3659 434 3716; x_wconf 91' lang='lat' dir='ltr'><strong>quern</strong></span> <span class='ocrx_word' id='word_1_520' title='bbox 452 3645 535 3714; x_wconf 87' lang='lat' dir='ltr'><strong>vidit,</strong></span> <span class='ocrx_word' id='word_1_521' title='bbox 560 3653 724 3701; x_wconf 87' lang='lat' dir='ltr'><strong>construere</strong></span> <span class='ocrx_word' id='word_1_522' title='bbox 747 3660 812 3702; x_wconf 91' lang='lat' dir='ltr'><strong>cum</strong></span> <span class='ocrx_word' id='word_1_523' title='bbox 866 3645 983 3701; x_wconf 81' lang='lat' dir='ltr'><strong>civitate</strong></span> <span class='ocrx_word' id='word_1_524' title='bbox 998 3641 1125 3698; x_wconf 90' lang='lat' dir='ltr'><strong>llassilia</strong></span> <span class='ocrx_word' id='word_1_525' title='bbox 1135 3639 1259 3710; x_wconf 90' lang='lat' dir='ltr'><strong>qualiter</strong></span> <span class='ocrx_word' id='word_1_526' title='bbox 1272 3635 1381 3707; x_wconf 92' lang='lat' dir='ltr'><strong>proprii</strong></span> <span class='ocrx_word' id='word_1_527' title='bbox 1395 3635 1513 3690; x_wconf 89' lang='lat' dir='ltr'><strong>oratorii</strong></span> <span class='ocrx_word' id='word_1_528' title='bbox 1524 3633 1687 3703; x_wconf 87' lang='lat' dir='ltr'><strong>perlicietur</strong></span> 
     </span>
     <span class='ocr_line' id='line_1_40' title="bbox 92 3722 1688 3801; baseline -0.006 -13"><span class='ocrx_word' id='word_1_529' title='bbox 92 3733 158 3791; x_wconf 65' lang='lat' dir='ltr'><strong>orele</strong></span> <span class='ocrx_word' id='word_1_530' title='bbox 168 3733 319 3800; x_wconf 82' lang='lat' dir='ltr'><strong>columnis,</strong></span> <span class='ocrx_word' id='word_1_531' title='bbox 338 3733 366 3787; x_wconf 94' lang='lat' dir='ltr'><strong>in</strong></span> <span class='ocrx_word' id='word_1_532' title='bbox 378 3733 485 3789; x_wconf 89' lang='lat' dir='ltr'><strong>honore</strong></span> <span class='ocrx_word' id='word_1_533' title='bbox 494 3734 583 3789; x_wconf 90' lang='lat' dir='ltr'><strong>sancti</strong></span> <span class='ocrx_word' id='word_1_534' title='bbox 594 3735 730 3790; x_wconf 89' lang='lat' dir='ltr'><strong>Demetrii</strong></span> <span class='ocrx_word' id='word_1_535' title='bbox 743 3748 814 3790; x_wconf 91' lang='lat' dir='ltr'><strong>mar·</strong></span> <span class='ocrx_word' id='word_1_536' title='bbox 866 3746 947 3801; x_wconf 88' lang='lat' dir='ltr'><strong>opus.</strong></span> <span class='ocrx_word' id='word_1_537' title='bbox 960 3732 1087 3801; x_wconf 84' lang='lat' dir='ltr'><strong>Cumque</strong></span> <span class='ocrx_word' id='word_1_538' title='bbox 1094 3729 1202 3784; x_wconf 87' lang='lat' dir='ltr'><strong>abisset</strong></span> <span class='ocrx_word' id='word_1_539' title='bbox 1210 3726 1371 3796; x_wconf 87' lang='lat' dir='ltr'><strong>episcopus,</strong></span> <span class='ocrx_word' id='word_1_540' title='bbox 1385 3727 1413 3777; x_wconf 92' lang='lat' dir='ltr'><strong>et</strong></span> <span class='ocrx_word' id='word_1_541' title='bbox 1422 3722 1479 3777; x_wconf 82' lang='lat' dir='ltr'><strong>haec</strong></span> <span class='ocrx_word' id='word_1_542' title='bbox 1488 3722 1610 3777; x_wconf 81' lang='lat' dir='ltr'><strong>dixisset</strong></span> <span class='ocrx_word' id='word_1_543' title='bbox 1620 3735 1688 3778; x_wconf 92' lang='lat' dir='ltr'><strong>nau·</strong></span> 
     </span>
     <span class='ocr_line' id='line_1_41' title="bbox 92 3810 1687 3894; baseline -0.009 -14"><span class='ocrx_word' id='word_1_544' title='bbox 92 3823 154 3880; x_wconf 91' lang='lat' dir='ltr'><strong>lude</strong></span> <span class='ocrx_word' id='word_1_545' title='bbox 170 3826 229 3877; x_wconf 88' lang='lat' dir='ltr'><strong>erat</strong></span> <span class='ocrx_word' id='word_1_546' title='bbox 253 3823 333 3877; x_wconf 89' lang='lat' dir='ltr'><strong>valde</strong></span> <span class='ocrx_word' id='word_1_547' title='bbox 357 3822 512 3891; x_wconf 88' lang='lat' dir='ltr'><strong>sollicitus,</strong></span> <span class='ocrx_word' id='word_1_548' title='bbox 530 3821 596 3891; x_wconf 91' lang='lat' dir='ltr'><strong>quia</strong></span> <span class='ocrx_word' id='word_1_549' title='bbox 611 3823 712 3878; x_wconf 92' lang='lat' dir='ltr'><strong>horum</strong></span> <span class='ocrx_word' id='word_1_550' title='bbox 730 3836 813 3894; x_wconf 89' lang='lat' dir='ltr'><strong>appa.</strong></span> <span class='ocrx_word' id='word_1_551' title='bbox 867 3821 952 3889; x_wconf 88' lang='lat' dir='ltr'><strong>clero,</strong></span> <span class='ocrx_word' id='word_1_552' title='bbox 968 3824 997 3876; x_wconf 94' lang='lat' dir='ltr'><strong>et</strong></span> <span class='ocrx_word' id='word_1_553' title='bbox 1011 3819 1153 3874; x_wconf 88' lang='lat' dir='ltr'><strong>narrasset</strong></span> <span class='ocrx_word' id='word_1_554' title='bbox 1168 3815 1219 3871; x_wconf 86' lang='lat' dir='ltr'><strong>has</strong></span> <span class='ocrx_word' id='word_1_555' title='bbox 1232 3811 1378 3869; x_wconf 88' lang='lat' dir='ltr'><strong>mirabiles</strong></span> <span class='ocrx_word' id='word_1_556' title='bbox 1391 3810 1527 3877; x_wconf 89' lang='lat' dir='ltr'><strong>visiones,</strong></span> <span class='ocrx_word' id='word_1_557' title='bbox 1543 3810 1687 3878; x_wconf 88' lang='lat' dir='ltr'><strong>persuasit</strong></span> 
     </span>
     <span class='ocr_line' id='line_1_42' title="bbox 92 3898 1688 3983; baseline -0.01 -14"><span class='ocrx_word' id='word_1_558' title='bbox 92 3912 238 3983; x_wconf 41' lang='lat' dir='ltr'><strong>,qualiter</strong></span> <span class='ocrx_word' id='word_1_559' title='bbox 260 3917 287 3966; x_wconf 90' lang='lat' dir='ltr'><strong>et</strong></span> <span class='ocrx_word' id='word_1_560' title='bbox 304 3911 377 3966; x_wconf 92' lang='lat' dir='ltr'><strong>unde</strong></span> <span class='ocrx_word' id='word_1_561' title='bbox 401 3910 452 3965; x_wconf 90' lang='lat' dir='ltr'><strong>hoc</strong></span> <span class='ocrx_word' id='word_1_562' title='bbox 477 3909 589 3980; x_wconf 88' lang='lat' dir='ltr'><strong>laceret,</strong></span> <span class='ocrx_word' id='word_1_563' title='bbox 611 3911 703 3967; x_wconf 93' lang='lat' dir='ltr'><strong>modis</strong></span> <span class='ocrx_word' id='word_1_564' title='bbox 722 3913 813 3968; x_wconf 91' lang='lat' dir='ltr'><strong>omni·</strong></span> <span class='ocrx_word' id='word_1_565' title='bbox 866 3912 893 3967; x_wconf 89' lang='lat' dir='ltr'><strong>ei</strong></span> <span class='ocrx_word' id='word_1_566' title='bbox 909 3916 1047 3981; x_wconf 85' lang='lat' dir='ltr'><strong>quatenus</strong></span> <span class='ocrx_word' id='word_1_567' title='bbox 1062 3906 1185 3977; x_wconf 91' lang='lat' dir='ltr'><strong>pretium</strong></span> <span class='ocrx_word' id='word_1_568' title='bbox 1202 3917 1252 3974; x_wconf 88' lang='lat' dir='ltr'><strong>pro</strong></span> <span class='ocrx_word' id='word_1_569' title='bbox 1265 3898 1564 3975; x_wconf 24' lang='lat' dir='ltr'><strong>marmoribus-datum</strong></span> <span class='ocrx_word' id='word_1_570' title='bbox 1574 3898 1688 3968; x_wconf 91' lang='lat' dir='ltr'><strong>recipe-</strong></span> 
     </span>
     <span class='ocr_line' id='line_1_43' title="bbox 92 3985 1688 4069; baseline -0.011 -12"><span class='ocrx_word' id='word_1_571' title='bbox 92 3998 218 4057; x_wconf 90' lang='lat' dir='ltr'><strong>uorabat.</strong></span> <span class='ocrx_word' id='word_1_572' title='bbox 242 3999 366 4068; x_wconf 86' lang='lat' dir='ltr'><strong>Quadam</strong></span> <span class='ocrx_word' id='word_1_573' title='bbox 395 4000 519 4069; x_wconf 87' lang='lat' dir='ltr'><strong>denique</strong></span> <span class='ocrx_word' id='word_1_574' title='bbox 543 4006 634 4068; x_wconf 72' lang='lat' dir='ltr'><strong>nocte,</strong></span> <span class='ocrx_word' id='word_1_575' title='bbox 660 4013 724 4055; x_wconf 93' lang='lat' dir='ltr'><strong>cum</strong></span> <span class='ocrx_word' id='word_1_576' title='bbox 749 3999 812 4055; x_wconf 86' lang='lat' dir='ltr'><strong>lati·</strong></span> <span class='ocrx_word' id='word_1_577' title='bbox 866 4006 909 4055; x_wconf 91' lang='lat' dir='ltr'><strong>ret</strong></span> <span class='ocrx_word' id='word_1_578' title='bbox 920 4000 1008 4054; x_wconf 88' lang='lat' dir='ltr'><strong>abeo.</strong></span> <span class='ocrx_word' id='word_1_579' title='bbox 1024 3999 1058 4051; x_wconf 88' lang='lat' dir='ltr'><strong>Et</strong></span> <span class='ocrx_word' id='word_1_580' title='bbox 1072 3996 1112 4051; x_wconf 88' lang='lat' dir='ltr'><strong>ita</strong></span> <span class='ocrx_word' id='word_1_581' title='bbox 1128 3993 1233 4049; x_wconf 87' lang='lat' dir='ltr'><strong>lactum</strong></span> <span class='ocrx_word' id='word_1_582' title='bbox 1248 3994 1299 4047; x_wconf 87' lang='lat' dir='ltr'><strong>est.</strong></span> <span class='ocrx_word' id='word_1_583' title='bbox 1311 3985 1559 4057; x_wconf 83' lang='lat' dir='ltr'><strong>Dedicavitigitur</strong></span> <span class='ocrx_word' id='word_1_584' title='bbox 1572 3985 1688 4054; x_wconf 90' lang='lat' dir='ltr'><strong>episco-</strong></span> 
     </span>
     <span class='ocr_line' id='line_1_44' title="bbox 94 4073 1688 4159; baseline -0.012 -14"><span class='ocrx_word' id='word_1_585' title='bbox 94 4095 170 4145; x_wconf 85' lang='lat' dir='ltr'><strong>esset</strong></span> <span class='ocrx_word' id='word_1_586' title='bbox 194 4088 229 4144; x_wconf 92' lang='lat' dir='ltr'><strong>ob</strong></span> <span class='ocrx_word' id='word_1_587' title='bbox 245 4089 362 4144; x_wconf 91' lang='lat' dir='ltr'><strong>nimiam</strong></span> <span class='ocrx_word' id='word_1_588' title='bbox 387 4089 579 4144; x_wconf 87' lang='lat' dir='ltr'><strong>incursionem</strong></span> <span class='ocrx_word' id='word_1_589' title='bbox 604 4089 810 4159; x_wconf 88' lang='lat' dir='ltr'><strong>cogitationum</strong></span> <span class='ocrx_word' id='word_1_590' title='bbox 867 4102 920 4157; x_wconf 92' lang='lat' dir='ltr'><strong>pus</strong></span> <span class='ocrx_word' id='word_1_591' title='bbox 940 4084 1086 4155; x_wconf 88' lang='lat' dir='ltr'><strong>templum,</strong></span> <span class='ocrx_word' id='word_1_592' title='bbox 1107 4081 1181 4152; x_wconf 93' lang='lat' dir='ltr'><strong>quod</strong></span> <span class='ocrx_word' id='word_1_593' title='bbox 1200 4082 1298 4135; x_wconf 89' lang='lat' dir='ltr'><strong>sancto</strong></span> <span class='ocrx_word' id='word_1_594' title='bbox 1314 4075 1435 4145; x_wconf 91' lang='lat' dir='ltr'><strong>martyri</strong></span> <span class='ocrx_word' id='word_1_595' title='bbox 1458 4073 1601 4128; x_wconf 90' lang='lat' dir='ltr'><strong>Demetrio</strong></span> <span class='ocrx_word' id='word_1_596' title='bbox 1615 4085 1688 4128; x_wconf 93' lang='lat' dir='ltr'><strong>con-</strong></span> 
     </span>
     <span class='ocr_line' id='line_1_45' title="bbox 92 4159 1689 4249; baseline -0.013 -15"><span class='ocrx_word' id='word_1_597' title='bbox 92 4192 154 4249; x_wconf 86' lang='lat' dir='ltr'><strong>pus,</strong></span> <span class='ocrx_word' id='word_1_598' title='bbox 177 4190 261 4246; x_wconf 90' lang='lat' dir='ltr'><strong>sopor</strong></span> <span class='ocrx_word' id='word_1_599' title='bbox 275 4177 379 4232; x_wconf 87' lang='lat' dir='ltr'><strong>invasit</strong></span> <span class='ocrx_word' id='word_1_600' title='bbox 398 4192 462 4232; x_wconf 91' lang='lat' dir='ltr'><strong>eum</strong></span> <span class='ocrx_word' id='word_1_601' title='bbox 477 4182 505 4232; x_wconf 90' lang='lat' dir='ltr'><strong>ct</strong></span> <span class='ocrx_word' id='word_1_602' title='bbox 520 4178 655 4233; x_wconf 91' lang='lat' dir='ltr'><strong>continuo</strong></span> <span class='ocrx_word' id='word_1_603' title='bbox 671 4177 812 4233; x_wconf 91' lang='lat' dir='ltr'><strong>obdormi·</strong></span> <span class='ocrx_word' id='word_1_604' title='bbox 867 4175 984 4244; x_wconf 86' lang='lat' dir='ltr'><strong>struxit,</strong></span> <span class='ocrx_word' id='word_1_605' title='bbox 998 4185 1062 4229; x_wconf 91' lang='lat' dir='ltr'><strong>cum</strong></span> <span class='ocrx_word' id='word_1_606' title='bbox 1072 4169 1190 4226; x_wconf 90' lang='lat' dir='ltr'><strong>ambone</strong></span> <span class='ocrx_word' id='word_1_607' title='bbox 1204 4174 1232 4222; x_wconf 87' lang='lat' dir='ltr'><strong>et</strong></span> <span class='ocrx_word' id='word_1_608' title='bbox 1241 4166 1352 4222; x_wconf 90' lang='lat' dir='ltr'><strong>ciborio</strong></span> <span class='ocrx_word' id='word_1_609' title='bbox 1366 4163 1401 4219; x_wconf 90' lang='lat' dir='ltr'><strong>ad</strong></span> <span class='ocrx_word' id='word_1_610' title='bbox 1417 4161 1528 4218; x_wconf 89' lang='lat' dir='ltr'><strong>laudem</strong></span> <span class='ocrx_word' id='word_1_611' title='bbox 1540 4159 1647 4215; x_wconf 85' lang='lat' dir='ltr'><strong>curisti</strong></span> <span class='ocrx_word' id='word_1_612' title='bbox 1659 4164 1689 4215; x_wconf 89' lang='lat' dir='ltr'><strong>et</strong></span> 
     </span>
     <span class='ocr_line' id='line_1_46' title="bbox 104 4248 1686 4336; baseline -0.013 -14"><span class='ocrx_word' id='word_1_613' title='bbox 104 4279 168 4322; x_wconf 88' lang='lat' dir='ltr'><strong>ecce</strong></span> <span class='ocrx_word' id='word_1_614' title='bbox 187 4266 281 4320; x_wconf 90' lang='lat' dir='ltr'><strong>astitit</strong></span> <span class='ocrx_word' id='word_1_615' title='bbox 295 4270 359 4319; x_wconf 87' lang='lat' dir='ltr'><strong>autc</strong></span> <span class='ocrx_word' id='word_1_616' title='bbox 374 4279 437 4321; x_wconf 91' lang='lat' dir='ltr'><strong>eum</strong></span> <span class='ocrx_word' id='word_1_617' title='bbox 460 4271 575 4321; x_wconf 89' lang='lat' dir='ltr'><strong>sauctus</strong></span> <span class='ocrx_word' id='word_1_618' title='bbox 592 4271 697 4336; x_wconf 87' lang='lat' dir='ltr'><strong>martyr</strong></span> <span class='ocrx_word' id='word_1_619' title='bbox 710 4267 813 4321; x_wconf 89' lang='lat' dir='ltr'><strong>Deme-</strong></span> <span class='ocrx_word' id='word_1_620' title='bbox 868 4263 988 4336; x_wconf 82' lang='lat' dir='ltr'><strong>gloriam</strong></span> <span class='ocrx_word' id='word_1_621' title='bbox 1007 4259 1141 4330; x_wconf 89' lang='lat' dir='ltr'><strong>martyris</strong></span> <span class='ocrx_word' id='word_1_622' title='bbox 1154 4269 1227 4326; x_wconf 81' lang='lat' dir='ltr'><strong>saepe</strong></span> <span class='ocrx_word' id='word_1_623' title='bbox 1249 4253 1331 4310; x_wconf 90' lang='lat' dir='ltr'><strong>dicti.</strong></span> <span class='ocrx_word' id='word_1_624' title='bbox 1347 4253 1400 4307; x_wconf 91' lang='lat' dir='ltr'><strong>Per</strong></span> <span class='ocrx_word' id='word_1_625' title='bbox 1419 4250 1564 4306; x_wconf 89' lang='lat' dir='ltr'><strong>orationes</strong></span> <span class='ocrx_word' id='word_1_626' title='bbox 1583 4249 1646 4317; x_wconf 73' lang='lat' dir='ltr'><strong>ejus</strong></span> <span class='ocrx_word' id='word_1_627' title='bbox 1660 4248 1686 4302; x_wconf 89' lang='lat' dir='ltr'><strong>si</strong></span> 
     </span>
     <span class='ocr_line' id='line_1_47' title="bbox 92 4331 1688 4423; baseline -0.012 -13"><span class='ocrx_word' id='word_1_628' title='bbox 92 4353 194 4410; x_wconf 91' lang='lat' dir='ltr'><strong>dicens</strong></span> <span class='ocrx_word' id='word_1_629' title='bbox 210 4353 253 4409; x_wconf 92' lang='lat' dir='ltr'><strong>illi</strong></span> <span class='ocrx_word' id='word_1_630' title='bbox 269 4373 274 4408; x_wconf 96' lang='lat'><strong>:</strong></span> <span class='ocrx_word' id='word_1_631' title='bbox 295 4353 388 4422; x_wconf 86' lang='lat' dir='ltr'><strong>Quare</strong></span> <span class='ocrx_word' id='word_1_632' title='bbox 406 4355 597 4422; x_wconf 83' lang='lat' dir='ltr'><strong>contristaris,</strong></span> <span class='ocrx_word' id='word_1_633' title='bbox 614 4353 701 4410; x_wconf 88' lang='lat' dir='ltr'><strong>irater</strong></span> <span class='ocrx_word' id='word_1_634' title='bbox 712 4354 726 4407; x_wconf 81' lang='lat' dir='ltr'><strong>‘l</strong></span> <span class='ocrx_word' id='word_1_635' title='bbox 738 4366 813 4410; x_wconf 84' lang='lat' dir='ltr'><strong>non·</strong></span> <span class='ocrx_word' id='word_1_636' title='bbox 828 4331 855 4392; x_wconf 83' lang='grc' dir='ltr'><strong>Ῑ)</strong></span> <span class='ocrx_word' id='word_1_637' title='bbox 869 4354 935 4423; x_wconf 90' lang='lat' dir='ltr'><strong>quis</strong></span> <span class='ocrx_word' id='word_1_638' title='bbox 950 4351 1081 4407; x_wconf 80' lang='lat' dir='ltr'><strong>infirmus</strong></span> <span class='ocrx_word' id='word_1_639' title='bbox 1092 4348 1120 4403; x_wconf 93' lang='lat' dir='ltr'><strong>in</strong></span> <span class='ocrx_word' id='word_1_640' title='bbox 1134 4346 1230 4402; x_wconf 89' lang='lat' dir='ltr'><strong>eodem</strong></span> <span class='ocrx_word' id='word_1_641' title='bbox 1245 4341 1349 4409; x_wconf 92' lang='lat' dir='ltr'><strong>templo</strong></span> <span class='ocrx_word' id='word_1_642' title='bbox 1363 4341 1481 4396; x_wconf 87' lang='lat' dir='ltr'><strong>devotus</strong></span> <span class='ocrx_word' id='word_1_643' title='bbox 1494 4336 1649 4407; x_wconf 89' lang='lat' dir='ltr'><strong>advenerit,</strong></span> <span class='ocrx_word' id='word_1_644' title='bbox 1662 4335 1688 4391; x_wconf 93' lang='lat' dir='ltr'><strong>sl</strong></span> 
     </span>
     <span class='ocr_line' id='line_1_48' title="bbox 92 4422 1692 4513; baseline -0.012 -17"><span class='ocrx_word' id='word_1_645' title='bbox 92 4443 146 4500; x_wconf 63' lang='lat' dir='ltr'><strong>,isti</strong></span> <span class='ocrx_word' id='word_1_646' title='bbox 157 4444 408 4499; x_wconf 87' lang='lat' dir='ltr'><strong>Dominumtesum</strong></span> <span class='ocrx_word' id='word_1_647' title='bbox 420 4445 559 4499; x_wconf 88' lang='lat' dir='ltr'><strong>dicentem</strong></span> <span class='ocrx_word' id='word_1_648' title='bbox 570 4443 724 4513; x_wconf 86' lang='lat' dir='ltr'><strong>discipulis</strong></span> <span class='ocrx_word' id='word_1_649' title='bbox 734 4444 808 4499; x_wconf 90' lang='lat' dir='ltr'><strong>suis:</strong></span> <span class='ocrx_word' id='word_1_650' title='bbox 867 4445 1022 4511; x_wconf 88' lang='lat' dir='ltr'><strong>perunctus</strong></span> <span class='ocrx_word' id='word_1_651' title='bbox 1031 4437 1119 4494; x_wconf 87' lang='lat' dir='ltr'><strong>luerit</strong></span> <span class='ocrx_word' id='word_1_652' title='bbox 1129 4435 1164 4490; x_wconf 89' lang='lat' dir='ltr'><strong>de</strong></span> <span class='ocrx_word' id='word_1_653' title='bbox 1176 4434 1237 4490; x_wconf 90' lang='lat' dir='ltr'><strong>oleo</strong></span> <span class='ocrx_word' id='word_1_654' title='bbox 1250 4429 1469 4500; x_wconf 86' lang='lat' dir='ltr'><strong>lampadiscy&#39;us,</strong></span> <span class='ocrx_word' id='word_1_655' title='bbox 1481 4424 1560 4482; x_wconf 91' lang='lat' dir='ltr'><strong>illico</strong></span> <span class='ocrx_word' id='word_1_656' title='bbox 1570 4422 1692 4480; x_wconf 86' lang='lat' dir='ltr'><strong>sanabi-</strong></span> 
     </span>
     <span class='ocr_line' id='line_1_49' title="bbox 99 4510 1689 4599; baseline -0.013 -15"><span class='ocrx_word' id='word_1_657' title='bbox 99 4531 159 4585; x_wconf 86' lang='lat' dir='ltr'><strong>dico</strong></span> <span class='ocrx_word' id='word_1_658' title='bbox 173 4532 257 4592; x_wconf 74' lang='lat' dir='ltr'><strong>nobb,</strong></span> <span class='ocrx_word' id='word_1_659' title='bbox 274 4533 298 4584; x_wconf 81' lang='lat' dir='ltr'><strong>si</strong></span> <span class='ocrx_word' id='word_1_660' title='bbox 310 4533 371 4599; x_wconf 80' lang='lat' dir='ltr'><strong>qais</strong></span> <span class='ocrx_word' id='word_1_661' title='bbox 384 4531 486 4584; x_wconf 80' lang='lat' dir='ltr'><strong>dicerit</strong></span> <span class='ocrx_word' id='word_1_662' title='bbox 500 4531 562 4584; x_wconf 83' lang='lat' dir='ltr'><strong>huic</strong></span> <span class='ocrx_word' id='word_1_663' title='bbox 576 4533 679 4584; x_wconf 86' lang='lat' dir='ltr'><strong>monti:</strong></span> <span class='ocrx_word' id='word_1_664' title='bbox 698 4532 810 4594; x_wconf 81' lang='lat' dir='ltr'><strong>Tollere,</strong></span> <span class='ocrx_word' id='word_1_665' title='bbox 867 4535 916 4585; x_wconf 93' lang='lat' dir='ltr'><strong>tur</strong></span> <span class='ocrx_word' id='word_1_666' title='bbox 926 4534 972 4596; x_wconf 70' lang='lat' dir='ltr'><strong>pei</strong></span> <span class='ocrx_word' id='word_1_667' title='bbox 978 4527 1129 4583; x_wconf 91' lang='lat' dir='ltr'><strong>Dominum</strong></span> <span class='ocrx_word' id='word_1_668' title='bbox 1142 4526 1270 4579; x_wconf 89' lang='lat' dir='ltr'><strong>nostrum</strong></span> <span class='ocrx_word' id='word_1_669' title='bbox 1282 4520 1375 4574; x_wconf 83' lang='lat' dir='ltr'><strong>lesum</strong></span> <span class='ocrx_word' id='word_1_670' title='bbox 1383 4515 1540 4583; x_wconf 87' lang='lat' dir='ltr'><strong>Christum,</strong></span> <span class='ocrx_word' id='word_1_671' title='bbox 1552 4511 1602 4582; x_wconf 93' lang='lat' dir='ltr'><strong>qui</strong></span> <span class='ocrx_word' id='word_1_672' title='bbox 1616 4510 1689 4566; x_wconf 87' lang='lat' dir='ltr'><strong>vivit</strong></span> 
     </span>
     <span class='ocr_line' id='line_1_50' title="bbox 92 4603 1473 4688; baseline -0.012 -15"><span class='ocrx_word' id='word_1_673' title='bbox 92 4632 134 4673; x_wconf 80' lang='lat' dir='ltr'><strong>eve</strong></span> <span class='ocrx_word' id='word_1_674' title='bbox 155 4621 186 4672; x_wconf 79' lang='lat' dir='ltr'><strong>in</strong></span> <span class='ocrx_word' id='word_1_675' title='bbox 205 4635 290 4680; x_wconf 77' lang='lat' dir='ltr'><strong>incre,</strong></span> <span class='ocrx_word' id='word_1_676' title='bbox 310 4624 335 4672; x_wconf 80' lang='lat' dir='ltr'><strong>et</strong></span> <span class='ocrx_word' id='word_1_677' title='bbox 358 4635 411 4672; x_wconf 77' lang='lat' dir='ltr'><strong>noir</strong></span> <span class='ocrx_word' id='word_1_678' title='bbox 424 4619 588 4673; x_wconf 79' lang='lat' dir='ltr'><strong>hesitaverit</strong></span> <span class='ocrx_word' id='word_1_679' title='bbox 610 4621 639 4672; x_wconf 84' lang='lat' dir='ltr'><strong>in</strong></span> <span class='ocrx_word' id='word_1_680' title='bbox 663 4619 811 4681; x_wconf 70' lang='lat' dir='ltr'><strong>corticano,</strong></span> <span class='ocrx_word' id='word_1_681' title='bbox 866 4622 895 4674; x_wconf 90' lang='lat' dir='ltr'><strong>et</strong></span> <span class='ocrx_word' id='word_1_682' title='bbox 909 4614 1049 4688; x_wconf 83' lang='lat' dir='ltr'><strong>regnatis</strong></span> <span class='ocrx_word' id='word_1_683' title='bbox 1065 4611 1168 4668; x_wconf 78' lang='lat' dir='ltr'><strong>saecula</strong></span> <span class='ocrx_word' id='word_1_684' title='bbox 1183 4609 1362 4665; x_wconf 77' lang='lat' dir='ltr'><strong>seculorum.</strong></span> <span class='ocrx_word' id='word_1_685' title='bbox 1376 4603 1473 4660; x_wconf 80' lang='lat' dir='ltr'><strong>Amen.</strong></span> 
     </span>
    </p>

    <p class='ocr_par' dir='ltr' id='par_1_3' title="bbox 92 4706 813 4777">
     <span class='ocr_line' id='line_1_51' title="bbox 92 4706 813 4777; baseline -0.001 -15"><span class='ocrx_word' id='word_1_686' title='bbox 92 4706 211 4762; x_wconf 77' lang='lat' dir='ltr'><strong>ediderit</strong></span> <span class='ocrx_word' id='word_1_687' title='bbox 226 4709 292 4776; x_wconf 83' lang='lat' dir='ltr'><strong>quio</strong></span> <span class='ocrx_word' id='word_1_688' title='bbox 313 4708 491 4777; x_wconf 81' lang='lat' dir='ltr'><strong>qaodcunque</strong></span> <span class='ocrx_word' id='word_1_689' title='bbox 506 4707 607 4762; x_wconf 64' lang='lat' dir='ltr'><strong>diseat</strong></span> <span class='ocrx_word' id='word_1_690' title='bbox 626 4710 684 4777; x_wconf 68' lang='lat' dir='ltr'><strong>flat,</strong></span> <span class='ocrx_word' id='word_1_691' title='bbox 698 4710 744 4777; x_wconf 68' lang='lat' dir='ltr'><strong>flet</strong></span> <span class='ocrx_word' id='word_1_692' title='bbox 764 4709 789 4759; x_wconf 85' lang='lat' dir='ltr'><strong>ei</strong></span> <span class='ocrx_word' id='word_1_693' title='bbox 798 4710 813 4761; x_wconf 68' lang='grc' dir='ltr'><em>Ρ</em></span> 
     </span>
    </p>
   </div>
   <div class='ocr_carea' id='block_1_3' title="bbox 0 0 1944 6084">
    <p class='ocr_par' dir='ltr' id='par_1_4' title="bbox 0 0 1944 6084">
     <span class='ocr_line' id='line_1_52' title="bbox 0 0 1944 6084; baseline 0 0"><span class='ocrx_word' id='word_1_694' title='bbox 0 0 1944 6084; x_wconf 95' lang='lat' dir='ltr'><strong> </strong></span> 
     </span>
    </p>
   </div>
  </div>
 </body>
</html>
