3876 6090
173 191 226 251 iet
866 191 1032 248 scaenam
1051 189 1147 245 esem
1167 187 1188 240 v
1822 171 1875 230 ves

174 312 308 379 praestare
327 308 429 364 valeas.
449 308 511 378 Quo
531 308 622 380 igitur
638 312 744 380 pactoa
758 309 815 365 Deo
833 306 998 378 largituses
1011 302 1188 372 Apropbetis
1211 304 1277 357 aab
1296 303 1379 356 nolite
1401 301 1551 368 malitium
1571 298 1657 369 (Pill-
1679 295 1743 367 CIl)-
1760 295 1824 350 ΗΜ
1841 295 1876 351 de

173 394 389 453 nobisterrenis
402 396 487 452 rebus
498 411 627 467 praesse,
639 398 678 454 ita
693 398 778 453 etiam
793 411 845 452 nos
858 409 906 466 per
922 393 999 463 prin·
1052 389 1187 446 omnibus
1206 390 1403 446 sacerdotibus
1424 390 1503 445 dicta
1518 393 1594 443 sunt.
1621 388 1677 442 Deo
1697 392 1724 440 te
1738 382 1875 454 aequalem

173 483 265 553 cipem
297 485 410 540 Petrum
436 485 641 554 spiritualibus
657 486 742 542 rebus
764 487 839 541 Deus
860 480 996 554 praefecit.
1054 476 1134 561 lacis,
1152 479 1201 550 qui
1223 480 1286 549 ejus
1307 478 1423 550 angelos
1440 478 1571 548 judicare
1592 475 1691 531 audes.
1707 472 1788 528 Dicit
1801 472 1877 528 enim

172 569 287 642 accipe,
312 586 407 643 quaeso
430 578 467 641 te,
491 573 613 646 benigna
627 573 720 630 tronte
740 587 804 644 qum
825 575 995 643 sequuntur.
1054 568 1205 637 propheta:
1230 568 1315 622 lobio
1338 568 1486 622 sucerdotis
1515 566 1660 635 loquentur
1680 563 1878 633 judiciamet

173 661 275 715 Datum
291 667 335 716 est
345 660 399 716 tibi
411 675 521 732 curare,
537 669 569 717 ut
584 667 769 734 tyrannorum
783 660 956 731 impietatem
971 662 998 713 et
1054 656 1138 724 lepem
1151 659 1293 725 acquirent
1306 656 1338 710 cle
1350 672 1394 709 ore
1407 656 1483 724 ejas:
1499 655 1611 721 capetus
1626 655 1697 707 oraim
1716 655 1757 705 cst
1773 651 1879 704 Domini

175 746 314 803 toritatem
327 749 568 821 gladiopotentiae
580 751 769 816 consideant
786 748 931 819 justitiam
948 746 1000 802 mi·
1054 746 1243 814 omnipotentis
1274 744 1384 813 (Molos.
1411 741 1451 814 n).
1485 741 1632 811 Quomodo
1652 737 1803 809 judicabis
1830 750 1879 793 sa-

175 836 282 892 nistres
296 837 424 893 subditis
433 838 503 909 tuis,
519 843 552 908 ut
565 839 640 910 leges
650 839 764 895 condas.
782 843 814 894 ut
826 842 902 894 terra
917 835 1001 891 mari·
1053 834 1242 904 cerdotesqui
1254 833 1346 889 solius
1356 833 1406 888 Dei
1415 831 1562 887 sententia
1571 829 1782 898 subiiciuntur,
1791 832 1820 880 et
1829 825 1877 896 qui

176 939 231 997 qne
251 925 393 982 militares
418 927 515 996 copias
533 927 680 996 disponas.
704 929 767 983 llaec
790 935 834 983 est
855 924 1000 995 precipuo
1054 921 1109 977 soli
1125 920 1288 977 facultatem
1305 920 1409 977 habent
1422 920 1531 991 ligandi
1545 925 1631 990 atque
1643 914 1797 973 solvendi?
1812 914 1880 969 Vide

177 1027 245 1070 cura
271 1014 404 1084 potentiae
420 1019 448 1070 et
472 1015 653 1084 principatus
667 1016 721 1070 tui.
738 1015 840 1086 Gregis
852 1026 920 1069 cura
934 1023 1000 1067 vero
1053 1009 1087 1066 ad
1102 1011 1244 1079 quoduam
1261 1008 1435 1080 protundum
1455 1014 1481 1064 te
1496 1007 1671 1079 praecipitem
1684 1003 1806 1060 dedisti.
1819 1002 1881 1058 bn-

178 1102 261 1158 nobis
277 1102 429 1158 commissa
446 1107 489 1158 est
509 1106 587 1158 tanto
601 1102 783 1173 praestantior
797 1106 936 1173 quantum
950 1099 1001 1155 di-
1054 1098 1104 1154 dio
1120 1098 1148 1153 in
1160 1104 1197 1169 te,
1210 1098 1492 1169 magnificentissime
1503 1097 1666 1167 imperator,
1679 1092 1795 1149 laudari
1807 1104 1882 1146 man·

177 1195 255 1246 stant
268 1204 283 1246 a
296 1190 369 1247 coelo
388 1204 420 1247 ea
435 1205 498 1261 quac
514 1191 543 1247 in
561 1192 647 1247 terris
662 1197 739 1247 sunt.
757 1190 832 1246 Audi
848 1189 999 1245 Dominum
1056 1188 1249 1259 suetudinem,
1265 1194 1293 1244 et
1308 1188 1475 1258 patientiam
1496 1187 1565 1242 lob:
1592 1186 1768 1255 quapropter
1782 1179 1880 1236 mirari

177 1276 319 1334 dicentem
337 1280 437 1334 Petro:
457 1279 497 1332 To
519 1295 545 1333 es
558 1281 664 1343 Petrus,
678 1285 703 1334 et
715 1295 797 1349 super
811 1279 881 1332 hooc
892 1281 1000 1347 petrum
1056 1277 1127 1332 satis
1150 1290 1205 1332 non
1221 1291 1336 1347 possum
1355 1277 1496 1347 quomodo
1512 1276 1552 1330 ita
1567 1274 1693 1343 turpiter
1709 1273 1812 1343 lapsus
1831 1270 1880 1326 sis.

176 1366 472 1435 aeditcoboEcclesiom
483 1384 579 1431 mecm,
591 1373 710 1439 etporlae
727 1369 811 1436 inseri
823 1381 876 1420 non
886 1380 998 1436 prauo·
1055 1365 1206 1437 Scripsisti
1232 1360 1314 1422 illum
1339 1379 1395 1422 non
1408 1379 1469 1421 esse
1490 1364 1665 1434 episcopum.
1683 1360 1834 1430 Quomodo
1855 1359 1882 1416 id

177 1456 269 1510 lebant
281 1454 412 1510 adversus
426 1472 485 1511 eom
499 1456 606 1525 (Mottb.
622 1458 716 1527 avru)⁴
733 1458 771 1512 De
787 1459 924 1526 potestate
935 1466 1001 1508 vero
1058 1456 1134 1512 nosti
1147 1455 1162 1509 i
1173 1455 1202 1510 Si
1224 1469 1290 1512 vero
1306 1454 1335 1511 id
1356 1456 1482 1526 ignoras,
1498 1452 1639 1525 quomodo
1655 1452 1696 1508 ita
1710 1463 1839 1522 praeceps
1855 1449 1885 1505 in

177 1548 206 1599 et
219 1542 340 1614 imperio
355 1543 485 1615 tuoqnid
506 1545 677 1603 aittNolite
691 1544 855 1600 tirnmeillos
868 1543 1003 1612 quiooci-
1058 1557 1122 1600 eum
1135 1545 1305 1600 senentiam
1319 1543 1440 1599 tulistii
1455 1544 1553 1614 blagna
1569 1541 1685 1612 quidem
1706 1543 1752 1597 est
1765 1539 1887 1610 pontiti-

178 1632 248 1686 duot
275 1648 382 1702 corpus,
413 1634 533 1688 ocimum
568 1650 630 1689 nero
654 1650 709 1689 oon
742 1637 860 1704 possunt
883 1617 1122 1690 occideresscum
1147 1632 1282 1703 putentia.
1305 1634 1366 1689 Non
1390 1638 1417 1688 te
1434 1632 1523 1687 latent
1536 1645 1581 1687 res
1595 1629 1671 1685 beati
1683 1627 1845 1696 Ambrosii,
1859 1633 1889 1683 et

178 1719 286 1790 (dietih.
306 1723 345 1791 x).
362 1722 396 1777 Et
411 1721 516 1779 iterum
530 1723 566 1778 de
578 1722 742 1779 ministerio
755 1721 838 1778 nohis
850 1720 1003 1777 commisso
1059 1720 1128 1791 quid
1144 1721 1204 1791 ipse
1217 1720 1458 1777 ieceritadversus
1469 1719 1659 1775 Theodosium
1671 1717 1887 1788 imperatorem.

178 1808 238 1866 ait:
256 1810 318 1863 ilbi
331 1809 402 1863 dabo
423 1811 512 1865 clooes
528 1815 607 1880 requi
625 1813 751 1866 colorum
762 1810 871 1880 (Moab.
887 1810 960 1880 avr),
976 1813 1005 1864 et
1058 1809 1228 1880 Quicunque
1242 1810 1345 1866 dicunt
1356 1809 1499 1864 blarinum
1514 1806 1605 1864 tuisse
1619 1812 1701 1863 antea
1717 1806 1885 1876 episcopum

181 1903 422 1968 quaesequumur.
434 1899 491 1957 Oro
508 1901 604 1971 itaque
614 1901 747 1972 pietatem
762 1906 853 1974 tuam,
870 1904 902 1958 ut
917 1899 1003 1955 inhte·
1058 1913 1091 1957 ac
1108 1899 1227 1969 proinde
1243 1912 1297 1954 non
1316 1898 1443 1969 potuisse
1455 1899 1489 1953 ad
1503 1897 1589 1952 aliam
1605 1896 1699 1951 sedem
1721 1891 1884 1966 transferri,

182 1999 244 2042 reas
275 1986 399 2043 decretis
429 1989 595 2059 principum
621 1989 826 2060 apostolorum,
848 1994 881 2047 ut
902 2001 1002 2045 nomen
1059 1988 1210 2045 ostendant
1221 1987 1303 2042 illiid
1315 1994 1420 2057 aperte.
1433 1986 1633 2057 Scito,dilecte
1645 1989 1673 2040 et
1685 1984 1766 2040 omni
1781 1983 1884 2040 honore

144 2079 145 2082 ’
180 2088 278 2133 eorum
311 2077 434 2134 honores
456 2082 485 2135 et
509 2079 689 2151 dignitatem.
712 2080 861 2137 institutio
884 2079 1003 2135 enimet
1058 2076 1145 2149 digne
1183 2076 1346 2148 imperator,
1367 2076 1443 2146 quod
1464 2074 1604 2146 objicitur
1623 2075 1659 2129 de
1678 2086 1799 2143 canone,
1823 2085 1882 2130 cun

183 2165 373 2223 sacerdotium
387 2167 515 2224 omnium
531 2181 596 2239 quae
610 2169 641 2223 in
652 2167 720 2224 orbe
732 2173 800 2226 sunt
811 2167 1005 2225 Ecclesiarum
1060 2171 1154 2223 nmen
1168 2165 1197 2222 id
1211 2178 1356 2236 nunquam
1373 2163 1479 2220 tuerit:
1498 2164 1653 2220 multitudo
1670 2167 1766 2219 tamen
1779 2168 1884 2220 sancto

182 2269 198 2311 a
214 2255 344 2326 principe
358 2256 440 2312 Petro
454 2263 549 2314 ortum
564 2258 683 2328 accepit,
696 2271 840 2329 perquem
853 2255 939 2313 etiam
955 2268 1007 2312 nos
1062 2271 1126 2313 rum
1134 2257 1251 2312 Patrnm
1262 2258 1290 2311 et
1302 2254 1419 2311 illorum
1430 2255 1624 2310 auctoritaset
1631 2252 1778 2323 judicium
1795 2253 1884 2325 potnit

183 2343 379 2401 sincerissima
398 2348 427 2401 et
442 2346 738 2415 purissimadoctrina
753 2359 900 2403 monemus
910 2357 1008 2401 omnes
1063 2344 1148 2401 illum
1160 2343 1335 2399 constituere
1356 2343 1387 2399 in
1401 2343 1493 2412 primo
1506 2343 1605 2415 gradu.
1625 2343 1658 2397 Et
1670 2341 1772 2397 divina
1797 2340 1884 2411 provi·

184 2437 211 2488 et
234 2432 377 2488 docemus.
401 2435 529 2505 Regnum
549 2448 614 2490 vero
638 2439 719 2490 tuum
744 2448 799 2490 non
822 2434 1007 2489 minimarum
1063 2433 1159 2490 dentia
1179 2446 1356 2503 praenoscens
1370 2432 1503 2488 Ecclesia
1521 2432 1571 2487 Dei
1588 2431 1755 2500 utilitatem,
1779 2430 1885 2486 insede

185 2533 280 2575 rerum
313 2528 482 2592 argumento
507 2522 541 2577 ad
573 2536 605 2579 ea
634 2537 697 2594 qnae
721 2522 919 2592 prestantium
941 2526 1008 2577 sunt
1066 2522 1207 2592 principis
1231 2521 1425 2590 apostolorum
1445 2522 1519 2578 Petri
1536 2521 1619 2578 illum
1637 2520 1801 2577 collocavit.
1815 2518 1884 2588 Quid

183 2609 339 2665 scrutanda
352 2622 382 2665 se
405 2611 506 2683 erigat,
527 2613 575 2668 sed
591 2612 799 2669 animadvertat
808 2624 863 2683 qua
876 2609 1010 2667 auctori-
1065 2624 1131 2667 vero
1147 2624 1266 2682 magnus
1282 2609 1331 2665 ilie
1343 2597 1499 2682 Gregorius
1512 2615 1697 2682 cognomento
1715 2606 1887 2681 theologus?

184 2699 243 2753 tate
257 2696 316 2752 haec
328 2695 603 2770 lacereaggreditur.
620 2699 670 2755 lile
683 2699 798 2770 quidem
807 2699 857 2769 qui
871 2698 1008 2754 adversus
1067 2711 1161 2756 nonne
1180 2699 1320 2755 Nazianzo
1334 2700 1492 2756 translatus
1509 2702 1561 2770 est,
1582 2702 1611 2755 et
1630 2698 1764 2754 blelctius
1776 2697 1888 2754 Sebaste

186 2785 401 2843 sanctissimum
416 2787 558 2844 blarinum
574 2801 671 2844 sacras
681 2801 766 2844 aures
778 2793 844 2844 tuas
856 2791 1008 2844 contume-
1066 2787 1259 2857 Antiochiam,
1273 2795 1301 2844 ct
1323 2787 1478 2844 Dositheus
1492 2788 1620 2844 Seleucia
1632 2788 1753 2844 Tarsum
1767 2787 1887 2857 Cilicia,

186 2874 237 2931 liis
257 2875 420 2946 maculavit,
444 2876 580 2932 adversus
600 2876 752 2932 Dominum
768 2881 897 2932 nostrum
911 2876 1006 2932 lesum
1066 2880 1093 2931 et
1108 2876 1292 2932 Reverentius
1313 2875 1533 2945 hrchipbuenice
1547 2877 1662 2946 Tyrum,
1677 2877 1802 2931 loannes
1816 2876 1890 2933 Gor-

185 2963 343 3033 Christum,
354 2964 404 3035 qui
416 2969 489 3021 nutu
502 2980 554 3021 sno
564 2966 730 3021 universum
741 2964 837 3021 orbem
853 2966 937 3036 regit,
951 2965 1009 3021 bla-
1065 2964 1143 3020 dolia
1157 2967 1377 3036 Proconnesum,
1393 2964 1558 3022 Theodorus
1569 2966 1689 3035 ripamea
1701 2964 1890 3036 selymbriam

187 3052 331 3123 sphemins
342 3051 456 3108 etiutire
467 3053 564 3123 procul
581 3053 671 3110 dubio
686 3066 744 3111 non
755 3053 908 3111 dubitavit.
925 3053 1008 3135 Quis,
1023 3039 1048 3103 C
1064 3053 1224 3111 Alexander
1250 3055 1427 3126 Cappadocia
1454 3053 1652 3124 llierapolimi
1672 3058 1701 3109 et
1724 3052 1810 3110 multi
1839 3054 1888 3110 alii

188 3140 316 3211 inquam,
341 3140 391 3197 ille
413 3139 533 3212 luitqui
554 3140 925 3199 adversnslmmacnlatum
946 3143 1012 3211 ejus
1063 3141 1188 3199 diversis
1211 3142 1241 3198 in
1269 3141 1343 3200 locis
1370 3143 1502 3201 translati
1526 3147 1593 3199 sunt
1607 3157 1622 3198 c
1636 3142 1700 3199 suis
1722 3141 1843 3199 sedibus
1856 3142 1889 3199 ad

188 3242 324 3299 sponsum
348 3234 376 3285 et
402 3231 586 3301 sacerdotem,
602 3236 631 3285 et
653 3230 790 3287 adversus
812 3235 929 3287 matrem
945 3244 1011 3286 orn-
1064 3230 1293 3312 alienasiDicat
1315 3233 1457 3289 celsitudo
1477 3237 1526 3288 tua
1543 3230 1650 3302 quibus
1671 3231 1891 3289 accusatoribus

188 3317 476 3375 ninm‘Ecclesiarnm
486 3317 720 3376 talladicereest
734 3318 847 3377 ansusi
860 3319 1010 3390 Decipitur
1064 3320 1093 3375 et
1117 3319 1222 3390 qulbus
1244 3319 1367 3376 testibus
1384 3318 1592 3377 affirmantibus
1612 3318 1728 3375 beatum
1746 3319 1889 3376 biarinum

187 3405 313 3477 proiecto
329 3406 495 3478 quicunque
509 3413 590 3477 putat
604 3408 678 3479 quod
689 3407 854 3478 discipulus
868 3408 907 3464 sit
922 3421 1009 3477 supra
1065 3406 1276 3478 iecisseqnaetn
1288 3408 1374 3479 dicis,
1386 3408 1469 3464 illum
1481 3408 1696 3464 condemnasti?
1705 3408 1748 3463 lin
1762 3409 1888 3481 ignoras,

187 3497 366 3569 magistrum,
380 3501 407 3551 et
423 3510 521 3551 servus
533 3509 620 3566 supra
634 3497 782 3552 dominum
795 3510 878 3552 snum
898 3495 1007 3565 (notro.
1065 3495 1095 3550 ln
1112 3496 1202 3565 prima
1217 3497 1331 3552 Nicaena
1347 3499 1453 3567 synodo
1464 3497 1539 3567 quod
1552 3496 1651 3553 beatus
1665 3496 1804 3553 silvester
1819 3511 1889 3568 papa

186 3588 260 3656 xrs).
277 3583 513 3653 Obstupescimus
527 3595 605 3650 sane,
627 3585 695 3639 dum
711 3597 796 3654 qnam
816 3582 966 3654 perlectam
982 3587 1011 3638 et
1066 3585 1281 3653 proclamaverit
1294 3599 1344 3656 per
1359 3586 1475 3658 legatos,
1493 3591 1629 3657 praesente
1651 3586 1760 3643 ibidem
1773 3591 1891 3643 saucto-

114 3695 119 3703 ’
189 3673 363 3730 illustratam
382 3670 562 3753 prudentiam
576 3670 721 3726 seductam
737 3671 878 3741 videmus,
893 3677 925 3727 ut
940 3671 1009 3726 talia
1063 3673 1268 3730 Constantino:
1293 3675 1329 3730 ilt
1346 3675 1438 3745 prima
1454 3675 1534 3731 sedes
1558 3688 1574 3730 a
1599 3676 1713 3730 nemine
1729 3675 1887 3744 judicetur.

186 3767 287 3818 contra
297 3764 426 3815 sanctum
438 3757 520 3813 illum
533 3757 626 3813 virum
636 3757 813 3829 cogitaverit.
825 3759 1008 3828 Qualisenim
1063 3761 1137 3832 Quid
1148 3762 1273 3833 deliquit
1286 3769 1383 3819 sancta
1395 3764 1585 3820 liomanorum
1598 3764 1736 3836 Ecclesia,
1748 3768 1782 3821 ut
1796 3765 1892 3820 adver·

187 3848 239 3904 ille
260 3847 358 3918 luerit,
381 3845 449 3901 licet
464 3859 515 3901 nos
529 3845 647 3901 silentio
666 3848 875 3916 praetereamus.
900 3846 1010 3917 lapides
1064 3865 1114 3906 sus
1126 3864 1186 3906 eam
1199 3850 1326 3924 linguam
1340 3852 1537 3909 tuamvihrare
1549 3858 1577 3908 et
1595 3853 1740 3909 concitare
1757 3853 1891 3909 seductor

186 3936 236 3993 isti
270 3932 449 3990 clamabunt:
478 3936 555 3988 liuto
578 3937 647 4004 pont
679 3935 753 3988 lolio
770 3934 863 3990 dolosa
886 3952 947 4006 quae
966 3937 1010 3990 lo-
1065 3939 1307 3996 isteinduxerit‘l
1330 3944 1413 4012 Num,
1436 3943 1519 4011 juxta
1542 3942 1694 4014 antiquum
1717 3955 1836 4013 morem,
1855 3941 1891 3998 de

186 4027 309 4094 quantur
336 4023 466 4078 aduersus
489 4025 573 4077 Deum
591 4024 774 4093 iniquitatem,
802 4026 845 4079 ocl
879 4026 1010 4080 adversus
1065 4029 1432 4101 synodoconsmntinopoti
1453 4030 1580 4087 habenda
1603 4031 1639 4086 ad
1654 4036 1683 4087 te
1704 4030 1821 4087 litteras
1834 4042 1888 4088 uon

181 4113 290 4183 justam
304 4111 388 4182 (Psoi.
403 4112 475 4184 xxv)
484 4113 514 4168 Si
531 4112 591 4168 ovis
603 4112 653 4168 Dei
663 4112 765 4169 existis
779 4112 863 4184 (quod
879 4114 954 4170 votis
965 4115 1012 4170 ha·
1064 4118 1167 4174 dediti
1180 4121 1253 4175 Num
1274 4134 1325 4189 pro
1339 4120 1435 4176 eadem
1458 4119 1564 4190 synodo
1586 4132 1684 4176 curam
1705 4132 1763 4176 non
1780 4117 1890 4192 gessit?

186 4200 306 4275 miuus),
319 4214 353 4256 ne
366 4201 589 4274 transgrediaris
602 4201 710 4257 limites
724 4202 887 4272 principum
900 4209 1011 4273 aposto
1065 4208 1158 4264 Petoa
1173 4214 1217 4264 te:
1235 4209 1354 4264 Cninam
1370 4208 1508 4265 scriberet
1529 4209 1722 4265 Romanorum
1738 4208 1889 4266 Ecclesia?

186 4290 289 4347 lorum.
303 4289 366 4361 Dte,
381 4304 476 4361 queso
490 4294 516 4347 te
528 4308 534 4344 :
547 4291 614 4362 quis
630 4294 657 4346 te
669 4290 793 4361 seduxit,
804 4297 837 4347 ut
847 4293 1008 4362 pontificem
1066 4295 1138 4354 laico
1153 4297 1265 4354 scilicet
1275 4297 1400 4353 Photioi
1413 4297 1442 4352 Si
1459 4297 1535 4353 enim
1550 4297 1668 4353 haberes
1680 4296 1888 4368 Patriarcham,

185 4381 394 4438 oecumenicum
412 4381 520 4437 comico
543 4394 620 4437 morc
635 4379 841 4437 scommatibus
857 4381 1010 4441 lacesseres
1027 4362 1245 4458 Dfrequentius
1260 4391 1356 4443 nostra
1370 4386 1496 4442 Ecclesia
1513 4386 1594 4442 illum
1618 4384 1727 4442 litteris
1743 4385 1886 4442 visitaret.

184 4477 214 4528 et
228 4485 337 4528 sacram
357 4471 548 4527 Romanorum
566 4469 721 4525 Ecclesiam
737 4470 897 4527 maledictis
914 4472 1011 4529 inces-
1064 4475 1115 4531 Sed
1130 4475 1176 4531 hei
1192 4474 1276 4545 mihi,
1292 4476 1367 4546 quod
1385 4474 1441 4530 ista
1451 4474 1576 4546 gloriosa
1595 4479 1650 4531 eta
1672 4474 1889 4532 Deocnstodita

184 4573 272 4630 seres,
288 4559 336 4615 cui
353 4572 418 4615 cum
440 4558 518 4614 omni
534 4557 716 4614 veneratione
730 4558 866 4617 subditus
880 4575 941 4617 esse
957 4563 1011 4618 de-
1064 4564 1166 4619 civitas
1182 4563 1446 4634 Constantinopolis
1460 4564 1584 4635 pastoris
1596 4563 1702 4620 solatio
1718 4568 1762 4619 est
1777 4563 1886 4635 orbata,

184 4647 236 4703 bes
248 4647 263 4702 i
277 4647 318 4703 dn
344 4647 459 4719 ignoras
481 4645 555 4718 quod
580 4645 639 4702 haec
665 4649 795 4704 omnium
816 4649 1008 4706 Ecclesiarum
1063 4656 1091 4708 et
1103 4651 1163 4709 sola
1176 4652 1253 4724 regia
1270 4658 1318 4708 tua
1334 4653 1459 4723 potentia
1473 4652 1655 4710 illustratur:
1678 4658 1718 4720 et,
1735 4652 1796 4709 nisi
1811 4665 1890 4709 amor

87 4731 90 4735 ’
185 4735 319 4807 princeps
326 4735 447 4791 existit?
461 4735 533 4805 Quis
545 4739 573 4791 te
585 4735 753 4806 pontillcum
763 4738 889 4807 judicem
905 4739 1009 4795 consti·
1064 4740 1593 4812 quoteprosequimurcohibuissetut
1603 4740 1888 4811 terremusinluriam

184 4824 242 4882 tuit
252 4837 374 4896 quorum
387 4824 723 4896 sacrisdoctrinisdirigi
733 4825 829 4896 debes,
840 4827 1008 4898 etaqnibus
1063 4836 1167 4887 nostrae
1179 4830 1313 4887 Ecclesia
1333 4830 1456 4898 illatam,
1469 4831 1561 4887 coacti
1580 4829 1738 4887 fuissemus
1752 4831 1890 4887 adversus

183 4926 282 4985 preces
305 4927 356 4984 pro
380 4918 408 4969 te
431 4914 487 4970 Deo
510 4912 696 4971 oileruntnr‘l
718 4915 780 4972 Scis
801 4929 913 4972 sacrum
932 4917 1006 4974 illud
1062 4920 1306 4990 prevaricatorem
1336 4919 1479 4990 Photium,
1505 4919 1555 4990 qni
1576 4923 1675 4976 contra
1699 4932 1751 4975 nos
1777 4919 1890 4990 impura

183 5002 320 5075 elogium,
333 5003 408 5073 quod
418 5002 478 5058 ait:
494 5004 582 5060 Nolite
593 5008 703 5072 trroqero
718 5005 832 5059 christos
843 5022 925 5070 meos,
941 5012 967 5061 et
977 5009 1006 5061 in
1062 5007 1292 5078 evomuitverba,
1306 5008 1451 5081 graviores
1466 5021 1564 5078 poenas
1579 5007 1710 5080 indigere
1722 5021 1809 5079 quam
1824 5020 1891 5079 pra·

182 5164 293 5221 riorum
314 5162 439 5233 ejnsdem
455 5163 550 5219 Photii
578 5163 609 5218 in
630 5163 752 5221 obscuro
772 5171 823 5221 est.
848 5169 917 5221 Nam
939 5183 1004 5224 curn
1061 5169 1202 5241 ignatium
1227 5173 1255 5226 et
1273 5170 1408 5226 Photium
1432 5175 1574 5226 transacta
1595 5175 1677 5226 erant
1701 5168 1821 5227 silentio
1836 5169 1890 5226 ob-

182 5231 437 5293 scirentomnibus
457 5234 517 5289 illis
539 5235 731 5290 monumentis
747 5251 810 5305 qum
831 5250 881 5306 pro
895 5239 1004 5309 ignatio
1060 5241 1168 5297 ruenda
1189 5255 1251 5297 esse
1274 5255 1329 5297 non
1358 5247 1469 5297 tantum
1499 5246 1647 5311 putarunt,
1678 5255 1778 5296 verum
1804 5241 1887 5298 etiam

180 5306 317 5364 adversus
339 5305 472 5361 Photium
494 5305 654 5373 posteritati
680 5305 777 5361 relicta
803 5315 893 5373 erant,
912 5311 1006 5382 magi-
1059 5312 1249 5368 anathematis
1270 5312 1422 5380 sententia,
1436 5326 1499 5383 qua
1520 5317 1613 5367 exstat
1634 5311 1764 5367 sessione
1784 5310 1889 5368 ticon-

181 5382 273 5435 strom
289 5389 372 5433 suum
386 5375 467 5431 valde
485 5375 649 5446 perstringi,
665 5375 839 5448 puderetque
856 5393 905 5435 eos
919 5381 1004 5437 talem
1060 5383 1123 5439 cilii
1136 5383 1305 5454 Florentini,
1323 5384 1358 5440 de
1370 5381 1445 5441 tacto
1459 5382 1599 5440 exsecrati
1614 5381 1741 5439 inerunt

182 5448 347 5529 schismatis
367 5451 511 5504 auctorem
533 5447 626 5518 sequi,
649 5459 681 5502 ea
709 5449 805 5506 omnia
839 5465 900 5521 qua
930 5451 1005 5509 inter
1679 5454 1734 5509 sav
1754 5454 1816 5510 Dm.
