3876 6090
41 240 100 298 809
558 239 741 306 EPISTOLAE,
761 237 956 293 blntoithht
976 238 1022 292 ΕΤ
1041 239 1246 296 Phltitnnbt.
1698 241 1753 303 840

42 372 73 424 ει
103 366 282 435 adjutorium
312 365 454 436 praedictae
480 366 557 423 sedis
581 371 684 421 nostra
713 364 742 419 iu
768 364 875 418 honore
888 363 1043 440 Asideant
1056 365 1184 422 decimas
1200 365 1329 435 praedicti
1342 368 1482 438 episcopii
1498 372 1657 440 contraius
1672 386 1754 430 cano·

45 456 141 513 sancti
166 455 242 511 Petri
266 455 389 525 apostoli
412 455 549 511 dedicata
573 455 735 525 episcopus,
760 453 875 508 nomine
931 454 1039 517 uicum,
1061 459 1090 510 et
1112 455 1187 525 quod
1216 455 1341 525 primum
1364 456 1393 512 iu
1420 455 1604 514 fundamento
1627 460 1753 528 ejusdem

43 545 211 612 Goswinus,
234 544 366 614 prabuit,
388 544 428 599 ita
444 550 476 600 ut
493 557 656 600 mucronem
672 543 753 599 abeo
770 542 877 597 violen-
930 543 1064 599 Ecclesiae
1088 557 1104 599 a
1128 542 1245 614 praefato
1268 557 1368 617 magno
1392 544 1502 618 carolo,
1528 547 1705 617 coepiscopis
1727 553 1756 605 et
1846 529 1848 532 Α

45 638 92 690 ter
111 635 173 703 ipse
193 634 376 705 discingeret.
398 633 468 690 Cum
487 639 581 689 autem
603 649 706 689 rursus
726 647 760 689 cx
779 632 875 687 eadem
931 632 1069 688 canonico
1105 633 1219 689 decreto
1258 638 1319 689 erat
1361 637 1515 703 statutum,
1561 639 1593 690 ut
1630 639 1757 691 maneret

44 722 191 794 custodia,
207 724 263 778 lieo
278 722 398 794 volente,
417 723 657 792 peradjutorium
676 722 729 778 filii
752 723 814 791 ejus
830 720 878 775 ho
932 726 1041 792 ratum,
1079 722 1131 778 boc
1169 723 1242 779 miro
1274 728 1302 780 et
1336 722 1500 780 detestabili
1534 723 1627 794 modo,
1664 724 1756 795 quali-

47 811 175 881 monymi
188 810 326 867 ludovici
338 825 403 867 curu
415 811 523 867 honore
536 810 570 866 ad
583 824 700 882 reguum
712 812 874 877 remeasset,
932 814 975 867 ter
991 825 1007 866 a
1022 811 1251 883 llagontiacense
1271 812 1393 869 alterius
1407 812 1542 869 diaecesis
1558 812 1679 883 presule
1697 811 1758 870 fore

45 901 206 971 praedictus
229 900 391 971 episcopus,
417 914 475 956 suar
499 900 624 970 perndie
645 906 673 955 et
696 897 877 955 infidelitatis
932 904 1018 971 queat
1034 901 1161 972 irritum,
1181 902 1356 974 ignoramus.
1379 903 1458 958 Unde
1476 915 1512 957 an
1529 902 1582 958 hoc
1596 902 1672 972 quod
1693 915 1758 959 con·

44 990 194 1060 conscius,
215 989 248 1046 ad
270 990 432 1048 coenobium
452 989 595 1046 Vuldense
618 988 796 1062 confugiens,
821 1001 878 1044 ruo
932 990 1055 1046 trarium
1068 990 1213 1046 canonica
1225 991 1391 1047 auctoritati
1406 991 1528 1061 videtur,
1543 1004 1579 1047 an
1593 990 1666 1047 illud
1680 992 1756 1063 quod

47 1080 194 1138 uasticum
207 1078 337 1135 habitum
348 1080 515 1151 assumpsit,
527 1084 555 1135 et
566 1079 651 1135 semel
665 1079 780 1134 inauno
792 1078 879 1134 laten·
933 1078 1104 1151 regulariter
1123 1093 1157 1135 ex
1178 1080 1299 1136 decimis
1320 1081 1402 1151 prins
1420 1085 1560 1138 statutum
1579 1085 1632 1152 est,
1652 1085 1759 1137 restan-

48 1172 96 1226 ter
107 1169 202 1239 ipsius
212 1168 395 1239 episcopatus
406 1169 499 1225 locum
512 1169 635 1224 invisere
646 1167 763 1224 solebat.
775 1167 878 1237 sicque
933 1169 1022 1225 raudo
1039 1168 1200 1241 roboretur,
1215 1184 1265 1226 ros
1277 1170 1416 1241 judicate,
1432 1171 1547 1227 domine
1560 1170 1642 1226 Pater
1656 1170 1759 1226 beatis·

47 1258 226 1332 episcopalis
239 1273 307 1315 cura
330 1259 393 1315 sine
412 1258 533 1329 praesule
554 1263 582 1315 et
598 1262 706 1315 rectore
722 1271 753 1314 ea
778 1261 880 1327 tempe
933 1259 1014 1315 sime.
1038 1260 1147 1314 Interea
1165 1259 1325 1328 supradicti
1346 1265 1536 1328 accusatores,
1555 1259 1605 1331 qni
1626 1273 1680 1318 me.
1701 1272 1758 1316 non

49 1354 125 1406 state
135 1347 308 1405 remanebat.
320 1347 462 1404 lnterima
474 1348 574 1404 multis
586 1348 741 1419 invaditur,
756 1346 877 1417 rapitur,
934 1352 1027 1404 tamen
1047 1349 1076 1404 in
1094 1349 1254 1418 praesentia,
1274 1349 1309 1405 de
1327 1349 1496 1406 infidelitate
1515 1349 1591 1422 regis
1611 1362 1759 1405 accusave-

49 1438 232 1510 dispergitur
242 1442 271 1493 et
280 1437 450 1507 dissipatur,
462 1437 561 1500 donoc,
578 1442 640 1506 post
651 1435 799 1491 mitissimi
813 1449 880 1505 praa
936 1442 1014 1508 runt,
1028 1443 1187 1494 asserentes
1200 1453 1243 1495 me
1255 1438 1307 1494 boc
1319 1438 1391 1495 velle
1400 1439 1547 1495 destruere
1560 1439 1635 1510 quod
1648 1438 1759 1509 priores

50 1526 105 1584 fati
128 1526 265 1583 Ludorici
292 1527 433 1597 principis
457 1540 614 1598 excessum,
644 1539 708 1582 cum
733 1524 827 1580 valida
852 1529 880 1580 et
934 1527 1058 1599 Augusti
1072 1527 1115 1582 vel
1129 1541 1208 1599 reges
1221 1531 1389 1600 sanxerunt,
1403 1528 1437 1583 ad
1452 1528 1590 1585 rationem
1605 1541 1648 1584 me
1660 1527 1758 1584 venire

52 1617 217 1688 periculosa
232 1629 310 1688 regn.
322 1615 494 1685 disceptatio
509 1616 583 1671 inter
594 1622 651 1671 tres
663 1615 738 1670 filios
751 1613 881 1669 immine·
935 1615 1146 1688 compulerunt,
1157 1616 1226 1672 dum
1236 1630 1331 1673 coram
1342 1614 1462 1672 drnulfo
1474 1617 1605 1687 principe
1616 1616 1760 1687 etepiscn-

51 1708 106 1775 ret,
129 1709 159 1760 et
180 1705 232 1760 uni
255 1719 288 1760 ex
311 1704 367 1775 his,
393 1703 505 1760 scilicet
526 1705 589 1774 eius
612 1703 766 1774 aequivoco,
793 1700 919 1770 hujusB
936 1705 981 1775 pis
1001 1717 1109 1776 norem,
1131 1717 1252 1775 quorum
1274 1705 1333 1761 haec
1355 1710 1423 1762 sunt
1445 1705 1571 1778 nomina,
1592 1704 1760 1762 williberto

51 1793 163 1850 divisio
179 1794 208 1848 iu
225 1797 329 1849 sortem
340 1792 460 1863 cederet,
475 1793 592 1864 quidam
605 1794 668 1863 eius
680 1792 775 1848 fidelis
787 1803 881 1846 comes
935 1793 1100 1866 Agrippinae
1122 1793 1246 1849 Coloniae
1265 1794 1491 1867 archiepiscopo,
1513 1793 1572 1849 hrn
1591 1794 1762 1850 Wircibur-

51 1882 232 1953 ditissimus,
247 1881 341 1937 Cobbo
357 1887 550 1952 nuncupatus,
571 1883 606 1938 de
621 1881 756 1952 praedicto
775 1880 882 1951 episco·
936 1895 1030 1954 gense,
1046 1881 1199 1938 odilbaldo
1213 1883 1372 1952 Trectense,
1388 1883 1519 1955 Drogone
1533 1882 1692 1955 Mindeuse,
1708 1883 1761 1939 Go-

53 1977 123 2044 patu
140 1972 284 2043 quidquid
301 1970 393 2028 voluit
412 1985 494 2043 agere
508 1972 639 2042 adeptus,
657 1984 790 2043 germano
805 1971 878 2041 ejus,
937 1971 1058 2026 dethanc
1077 1971 1219 2042 Spirense,
1239 1970 1388 2027 Wicberto
1400 1971 1676 2043 llildensummense,
1696 1970 1760 2026 Wi-

55 2060 173 2117 nomiue
187 2060 301 2131 Werin,
319 2061 348 2115 in
364 2059 537 2116 monasterio
552 2060 716 2116 Huxiliensi
731 2063 800 2116 tunc
815 2063 882 2115 tem·
938 2059 1018 2116 berto
1032 2060 1180 2131 Ferdense,
1193 2059 1295 2117 livulfo
1305 2060 1580 2130 Holmorsteddense,
1592 2061 1695 2119 bisone
1703 2060 1761 2114 Pa-

57 2150 139 2223 poris
157 2149 270 2221 abbate,
285 2156 314 2207 et
332 2164 427 2207 serore
441 2151 504 2219 ejus
524 2151 553 2206 iu
572 2150 733 2221 puellarum
752 2149 882 2206 coenobio
938 2150 1157 2221 tharburnense,
1176 2163 1291 2207 causam
1308 2150 1506 2220 hujuscemodi
1525 2149 1633 2222 negotii
1650 2150 1679 2206 in
1698 2162 1761 2205 me-

56 2239 262 2297 ilerirordensi
277 2240 422 2296 abbatissa
436 2240 617 2312 degentibus.
634 2244 773 2310 qnantum
792 2238 885 2295 voluit
938 2240 988 2296 dio
1009 2238 1175 2312 proferrem,
1197 2239 1313 2296 obnixis
1332 2240 1466 2310 precibus
1487 2240 1517 2295 in
1536 2252 1631 2295 amore
1654 2236 1759 2296 summi

56 2330 94 2386 de
115 2330 238 2386 decimis
257 2343 321 2400 quar
336 2330 370 2385 ad
392 2330 522 2386 eumdem
546 2331 741 2400 episcopatum
765 2329 886 2399 pertine
939 2330 1064 2399 pastoris
1079 2334 1108 2385 et
1123 2329 1268 2399 pontiacis
1282 2330 1348 2385 Jesu
1359 2329 1468 2385 Christi
1483 2330 1567 2400 cujus
1583 2329 1686 2385 vicarii
1698 2343 1762 2386 esse

58 2417 139 2488 bant,
162 2419 238 2475 tradi
263 2417 330 2474 fecit
348 2418 382 2474 ad
405 2419 501 2474 eadem
525 2417 696 2473 monasteria
717 2418 746 2472 in
764 2417 885 2473 alterins
939 2421 1106 2489 creduntur,
1125 2424 1153 2475 et
1169 2420 1197 2475 S.
1214 2419 1290 2476 Petri
1305 2419 1428 2490 apostoli
1446 2419 1632 2491 omniumque
1647 2425 1762 2476 sancto-
1831 2464 1834 2468 .

58 2507 198 2581 parochia
210 2508 515 2579 alteriusquedioecesi
526 2508 694 2572 constituta,
710 2512 811 2577 praeter
823 2522 886 2577 syn·
941 2524 1004 2565 rum
1027 2508 1136 2565 honore
1159 2508 1300 2579 postulavi
1326 2514 1358 2565 ut
1378 2510 1535 2565 secundum
1556 2509 1764 2580 couscriptum,

63 2598 152 2655 odurn
171 2601 201 2654 et
218 2598 423 2654 conscientiam
444 2596 652 2667 episcoporum.
676 2598 746 2652 Cum
769 2595 885 2651 iuterim
941 2599 1015 2670 qrrod
1027 2611 1122 2654 coram
1134 2598 1176 2654 eis
1187 2599 1242 2670 logi
1258 2597 1311 2654 feci
1323 2598 1436 2670 etquod
1452 2611 1538 2669 penes
1551 2611 1602 2654 nos
1614 2598 1761 2668 babemus,

58 2686 221 2744 Gozbertus
240 2686 392 2756 episcopus
409 2687 445 2742 de
464 2692 546 2758 gente
560 2685 703 2741 Sueonum
723 2683 790 2756 (quo
811 2682 888 2740 ordi·
941 2692 969 2745 et
977 2690 1054 2758 iusta
1065 2688 1177 2758 judicia
1191 2692 1220 2743 et
1231 2688 1369 2744 canonica
1382 2688 1465 2759 scita,
1477 2694 1551 2744 recte
1561 2689 1596 2745 de
1609 2687 1662 2744 hoc
1675 2700 1766 2761 nego-

59 2779 148 2832 natus
168 2775 238 2848 erat)
261 2775 457 2845 persecutione
478 2775 586 2844 ejectus
608 2779 690 2843 esset,
718 2772 887 2829 necessitate
942 2776 1765 2848 tiorespondendodeceruerent.Atilli,scientesvolunta-

58 2863 229 2935 compulsus
252 2862 419 2934 pradictum
438 2862 597 2919 Cobbouem
618 2863 701 2931 adiit,
723 2876 780 2933 quo
802 2862 888 2931 impe-
943 2871 998 2922 tem
1013 2865 1155 2935 principis
1176 2870 1204 2920 et
1221 2866 1410 2937 quorumdam
1430 2865 1579 2938 comitum,
1600 2870 1629 2922 et
1648 2878 1682 2922 ne
1700 2879 1765 2922 eum

60 2957 168 3024 trante,
189 2958 218 3009 et
239 2966 303 3024 rege
322 2952 502 3022 concedente,
529 2952 656 3022 suscepit
679 2950 888 3023 gratulabunde
943 2952 1117 3010 offenderent
1132 2954 1299 3023 renitentes,
1314 2954 1355 3009 nil
1371 2954 1406 3009 de
1419 2968 1504 3010 eausa
1521 2954 1629 3024 prolata
1644 2969 1766 3026 respon-

60 3044 193 3099 eumdem
216 3042 424 3112 episcopatum,
453 3042 584 3111 decimis,
608 3040 683 3097 unde
709 3039 888 3096 solummodo
902 3025 927 3088 C
942 3042 1008 3098 dere
1025 3047 1278 3113 praesumpserunt,
1298 3042 1345 3098 sed
1365 3042 1480 3112 penitus
1498 3056 1564 3100 cum
1581 3043 1766 3113 responsione
1821 3024 1829 3035 ’

62 3132 243 3190 constitutus
256 3138 308 3203 est,
330 3132 452 3186 maxima
467 3144 502 3186 ex
521 3135 600 3201 parte
617 3136 778 3200 vacuatum,
799 3142 888 3199 coque
943 3131 1081 3187 canonica
1094 3130 1124 3185 in
1139 3144 1235 3187 amore
1247 3132 1297 3187 Dei
1311 3131 1399 3201 petita
1409 3131 1527 3200 justitia
1541 3131 1614 3187 mibi
1629 3132 1767 3204 denegata

62 3218 177 3277 favente
197 3225 225 3276 et
240 3221 359 3276 timente
378 3232 413 3275 ne
435 3218 507 3275 forte
529 3220 566 3291 ei,
585 3220 619 3274 ad
642 3219 716 3290 quod
737 3217 889 3274 ordinatus
944 3225 995 3275 est.
1012 3220 1116 3290 sicque
1129 3220 1273 3276 adulando
1289 3220 1425 3290 principi,
1444 3222 1545 3289 jussus
1561 3234 1625 3276 sum
1640 3220 1675 3276 ab
1692 3233 1725 3276 eo
1740 3219 1765 3277 si

61 3321 121 3365 non
136 3314 208 3380 erat,
226 3308 399 3379 auferretur,
422 3323 475 3365 suo
491 3313 616 3378 tempore
633 3308 695 3363 sine
709 3306 807 3377 aliqua
826 3319 891 3361 con·
944 3310 1007 3379 ejus
1025 3308 1146 3378 gratiam
1164 3308 1264 3364 vellem
1277 3307 1380 3365 habere
1396 3309 1560 3379 propitiam,
1576 3309 1696 3379 ejusque
1712 3321 1767 3379 po-

62 3397 238 3454 tradictione
260 3399 299 3454 ita
322 3398 488 3468 permansit.
514 3397 677 3469 Egilbertus
699 3410 764 3452 vero
789 3396 892 3466 prande
946 3397 1040 3454 testati
1054 3410 1109 3453 non
1122 3398 1305 3469 contrairem,
1320 3402 1352 3453 ut
1362 3398 1421 3453 haee
1434 3397 1463 3452 in
1476 3397 1597 3453 decimis
1607 3400 1635 3452 et
1645 3396 1769 3467 reliquis

63 3500 162 3543 cessor
174 3493 203 3543 et
215 3488 402 3558 coepiscopus
415 3490 510 3543 noster
522 3485 622 3542 crebro
635 3500 686 3554 pro
700 3486 763 3556 ipso
777 3484 890 3557 negotio
947 3486 1144 3556 huiuscemodi
1156 3486 1280 3558 negotiis
1292 3485 1455 3557 querulosis
1467 3485 1563 3541 omnia
1575 3484 1767 3555 permitterem

62 3572 892 3646 GunthariumetWillibertumarchiepiscoposinterpel·
946 3575 1006 3632 fore
1030 3577 1107 3632 sicut
1131 3576 1238 3647 inveni,
1262 3589 1381 3647 namque
1402 3574 1547 3644 compulsa
1572 3571 1767 3643 interpellatio

64 3663 147 3738 lavit,
161 3671 190 3721 et
205 3665 295 3721 variis
309 3665 560 3735 occupationibus,
577 3665 685 3735 cluibus
699 3670 796 3720 sancta
811 3676 892 3734 syno
947 3670 1056 3721 cassata
1073 3670 1125 3720 est.
1144 3665 1196 3720 Sed
1211 3679 1246 3720 ne
1262 3665 1315 3720 hoc
1329 3664 1480 3734 impetrare
1492 3663 1583 3734 quiri,
1603 3667 1635 3719 ut
1646 3675 1769 3719 accusa-

63 3755 120 3811 dus
134 3755 280 3827 perlonga
294 3758 436 3811 transacta
449 3760 576 3824 tempora
590 3767 644 3810 non
656 3760 699 3811 est
711 3757 890 3826 congregata,
947 3760 1022 3811 tores
1041 3754 1069 3809 iu
1085 3754 1235 3823 praesentia
1248 3753 1453 3809 exhiberentur
1465 3759 1493 3809 et
1509 3765 1596 3809 causa
1610 3756 1684 3807 recte
1696 3764 1769 3808 exa-
1809 3741 1816 3753 “

64 3845 261 3916 obstantibus,
289 3858 375 3901 causa
396 3843 537 3902 lirretenus
556 3858 612 3900 non
631 3848 674 3901 est
692 3843 889 3900 determinata.
948 3844 1116 3899 minaretur.
1130 3844 1164 3898 Et
1178 3847 1273 3912 patres
1285 3842 1497 3914 benignissimi,
1510 3842 1567 3897 nisi
1581 3855 1669 3911 snper
1681 3840 1769 3910 hujus

63 3935 99 3992 ht
113 3949 182 3991 vero
192 3947 257 3990 eum
272 3934 345 3990 mibi
360 3934 479 4005 indigno
489 3933 616 4003 eiusdem
629 3934 811 4003 episcopatus
823 3943 892 3985 cura
948 3933 1150 3989 controversiae
1161 3933 1501 4003 quaerimoniadexteram
1511 3931 1634 4001 iustitiae
1644 3930 1772 4002 porriga-

65 4024 171 4082 luisset
191 4024 331 4093 injuncta,
352 4027 380 4078 et
396 4024 470 4079 inter
487 4022 581 4078 varias
597 4022 797 4094 negligentias,
821 4033 893 4093 quas
948 4023 996 4094 tis,
1018 4036 1068 4077 nec
1090 4021 1251 4091 episcopale
1272 4020 1466 4077 ministerium
1486 4020 1520 4075 ad
1540 4017 1771 4075 Christianitatis

66 4117 237 4187 perlongum
257 4117 300 4168 est
314 4113 474 4174 enucleare,
496 4111 592 4181 plures
611 4111 747 4167 ecclesias
767 4112 894 4167 inconse·
947 4110 1156 4168 observantiam
1173 4109 1291 4180 quimus
1306 4123 1445 4180 exercere,
1463 4123 1512 4165 nec
1527 4109 1653 4166 claustra
1670 4121 1772 4165 mona-

66 4209 172 4272 cratas,
188 4202 353 4273 aliquantas
368 4200 454 4256 etiam
475 4200 643 4256 homicidiis
663 4201 832 4271 perpetratis
852 4199 894 4255 in·
948 4199 1040 4270 sterii,
1065 4213 1127 4270 quae
1141 4211 1192 4254 nec
1208 4197 1307 4268 aliqua
1327 4197 1424 4253 inveni
1442 4202 1556 4268 propter
1575 4197 1723 4268 penuriam
1744 4200 1773 4253 et

67 4291 167 4364 fectas,
190 4291 338 4361 variisque
353 4289 504 4360 spurcitiis
519 4296 547 4344 et
561 4290 682 4361 flagitiis
697 4290 814 4345 minime
830 4303 894 4358 pur·
947 4288 1122 4344 decimarum
1148 4287 1379 4358 abstractionem,
1399 4288 1558 4357 emundare,
1580 4301 1643 4358 quae
1663 4299 1773 4356 nuper-

67 4388 149 4456 gatas
164 4380 344 4450 reperissem,
362 4380 390 4434 in
407 4379 513 4451 quibus
533 4378 734 4449 predictorum
755 4376 933 4438 monaste-D
949 4376 1020 4433 rime
1030 4377 1170 4447 coepimus
1182 4380 1355 4447 construere,
1373 4389 1464 4446 neque
1475 4376 1584 4432 clerum
1596 4376 1631 4432 ad
1645 4375 1694 4431 Dei
1708 4388 1773 4431 ser-

68 4473 180 4529 riorum
196 4470 344 4542 subiugati
359 4469 394 4525 de
415 4470 496 4541 plaga
516 4469 692 4525 occidentali
711 4468 893 4524 advenientes
949 4467 1052 4523 vitium
1073 4479 1186 4536 pascere
1201 4465 1357 4522 velebimus
1374 4470 1402 4522 et
1416 4466 1529 4537 vestire,
1548 4466 1595 4521 sed
1613 4465 1771 4537 cogendum

69 4559 228 4631 presbyteri
246 4558 349 4631 ignoti,
365 4559 399 4614 de
413 4573 535 4630 quorum
551 4558 763 4614 consecratione
775 4556 894 4629 ambigi·
949 4556 1184 4612 variisaerumnis
1194 4554 1322 4627 dispergi
1332 4555 1495 4613 dolebimus
1505 4569 1561 4611 non
1573 4568 1654 4624 posse
1669 4568 1771 4611 rursus

71 4664 144 4716 mus,
168 4647 261 4705 officia
283 4646 436 4719 celebrant,
460 4662 495 4704 ne
520 4646 561 4702 ibi
582 4647 681 4703 divina
704 4647 838 4717 mysteria
859 4645 894 4700 ab
948 4644 1213 4717 congregariilcce,
1228 4646 1324 4700 Patres
1338 4644 1457 4716 egregii,
1471 4648 1512 4701 tot
1522 4643 1606 4700 aunis
1619 4642 1772 4700 transactis

72 4739 145 4811 ipsis
158 4736 373 4794 celebrarentur
389 4737 546 4793 inhibendo
562 4735 710 4806 interdixi,
731 4735 819 4791 donec
833 4749 892 4805 vos,
949 4738 1074 4803 ternpore
1094 4733 1331 4803 predecessorum
1357 4748 1483 4790 meorum
1505 4732 1628 4805 praefatae
1646 4732 1773 4789 eeclesiae

71 4826 250 4885 venerabiles
263 4828 360 4882 Patres
374 4830 402 4882 et
417 4827 569 4899 magistros
583 4839 670 4896 super
686 4826 737 4881 hae
753 4839 782 4880 re
795 4838 896 4881 cousu-
951 4823 1152 4879 incousecratae
1168 4822 1306 4878 hactenus
1318 4826 1492 4894 permanent,
1510 4827 1539 4879 et
1553 4825 1652 4879 contra
1667 4822 1773 4878 voluu-

76 4918 173 4975 lerem.
189 4915 280 4986 Quam
299 4916 335 4973 ob
350 4930 463 4973 causam
480 4916 560 4972 illico
576 4914 704 4985 predicti
722 4912 852 4969 monachi
867 4917 896 4969 et
950 4917 1035 4969 tatem
1048 4916 1183 4984 nostram,
1193 4911 1262 4983 qnia
1271 4911 1439 4981 prohibetur
1447 4912 1477 4967 in
1487 4910 1772 4981 canonibusjubente

73 5006 175 5077 puellae
186 5005 315 5061 adaures
326 5004 467 5075 principis
482 5003 593 5059 Arnulfl
611 5003 820 5060 accusationem
832 5015 896 5057 con·
951 5002 1011 5074 lege
1026 5001 1135 5072 divina,
1159 5001 1311 5057 urissarnm
1328 4999 1420 5057 officia
1442 5000 1516 5056 inibi
1537 5000 1719 5057 celebrantur
1735 4998 1771 5054 ab

73 5101 114 5152 tra
134 5094 275 5151 canoniea
295 5095 404 5150 sancita
422 5094 597 5163 detulerunt,
617 5092 775 5150 deferentes
797 5093 897 5164 praece·
951 5089 998 5145 his
1020 5090 1056 5145 de
1077 5104 1198 5161 quorum
1221 5090 1403 5146 ordinatione
1426 5089 1586 5147 dubitatur.
1612 5089 1734 5147 llecimae
1756 5097 1774 5140 a

74 5191 163 5256 ptum,
182 5187 215 5238 ut
229 5183 323 5251 aiunt,
343 5196 359 5239 a
375 5182 518 5238 ludovico
535 5196 600 5253 rege
613 5187 642 5238 et
655 5183 770 5239 ltabano
785 5185 897 5255 lingon·
951 5181 1035 5236 nobis
1051 5181 1203 5249 tolluntur,
1220 5180 1346 5249 parvitas
1363 5184 1459 5237 nostra
1477 5193 1534 5236 non
1548 5180 1729 5237 mediocriter
1742 5177 1771 5232 in

74 5275 200 5330 tianense
222 5271 343 5327 alterius
367 5272 500 5341 pontifice
522 5271 655 5327 dioecesis
675 5276 824 5341 statutum,
848 5271 895 5328 sed
951 5270 1085 5329 omnibus
1104 5270 1264 5342 quaedigna
1277 5273 1345 5325 sunt
1359 5270 1556 5327 emendatione
1568 5266 1771 5334 contemnitur,

76 5375 129 5418 non
154 5358 246 5416 certis
271 5359 524 5415 testificationibus
549 5360 616 5415 fidei
642 5360 894 5431 accommodatum,
952 5360 1020 5431 quia
1037 5360 1077 5414 ibi
1089 5373 1177 5415 uuum
1191 5358 1342 5416 foraminis
1357 5360 1466 5418 aditum
1481 5358 1619 5415 iuimicus
1633 5352 1772 5412 invenerit

76 5450 143 5521 qnia
160 5447 361 5504 fraudulenter
377 5449 488 5504 dicitur
511 5449 546 5505 ab
568 5449 641 5519 ipsis
661 5449 767 5520 fictum,
789 5454 820 5505 ut
840 5448 896 5520 ipsi
953 5447 1278 5505 intrandiofiendensad
1292 5450 1390 5506 caulas
1402 5450 1497 5505 ovium
1509 5438 1770 5503 bostcsexbibebit.

75 5539 136 5595 sine
150 5542 251 5596 nostra
267 5536 395 5593 dictione
414 5537 456 5592 vel
475 5538 574 5609 aliqua
593 5538 821 5594 contradictione
837 5552 897 5608 pos
950 5538 1030 5595 Unde
1040 5550 1090 5594 vos
1104 5552 1221 5594 summae
1233 5538 1311 5596 sedis
1323 5536 1486 5607 apostolicae
1496 5540 1651 5602 auctorem,
1662 5541 1714 5584 eeu
1725 5528 1773 5583 to—

256 5654 372 5710 rrrror.
394 5653 520 5710 cxxix.
1597 5644 1634 5704 26
