3876 6090
186 288 251 349 4044
468 283 614 342 ΑΡΡΕΝΙ).
646 283 694 341 ΑΙ)
712 281 792 341 sud.
813 284 862 341 xl.
881 312 918 325 —
935 283 1099 343 subruunt.
1120 280 1167 339 llll
1185 282 1327 340 SCRIPTA
1345 281 1478 341 PONTIF.
1514 281 1599 341 nott.
1824 279 1890 340 4044

576 409 620 466 lll.
1023 411 1052 472 A
1069 421 1119 478 per
1133 413 1256 466 montem
1271 407 1306 466 ad
1322 421 1422 482 agrum
1438 410 1489 480 qui
1505 408 1616 467 dieitur
1633 406 1786 479 Roscium,
1808 409 1890 478 atque

282 534 464 583 anrvrtsermt
485 531 537 576 rao
555 530 680 574 crurrnrr
701 526 914 572 rmsmnusnsr.
1066 497 1169 554 deinde
1183 497 1331 555 (4θὸ4441044
1346 499 1480 569 perulam
1497 512 1560 570 ‹1¹¹ae
1576 498 1669 571 leigii
1684 497 1716 600 ¹¹}
1739 507 1889 566 marmora,

507 623 599 696 (aa
616 621 693 696 ⁸⁵⁸³
1066 585 1419 734 illinamus
1440 584 1890 751 llltliltdilititit

376 730 468 810 444414
485 731 607 804 [44444440
627 730 711 786 mna
725 726 825 800 sm]
1067 764 1272 833 praenominata
1294 777 1434 823 marmora
1447 779 1480 822 ac
1495 779 1545 836 per
1558 766 1701 822 decursus
1712 765 1775 835 jam
1789 776 1891 834 supra·

225 864 256 920 ln
279 859 395 918 nomine
416 858 449 912 l).
471 860 500 912 et
524 854 679 911 salvatoris
703 855 769 910 lesu
791 849 911 919 Christi,
936 857 1012 903 4440
1065 851 1411 911 dictiduriideuurritin
1421 856 1598 925 iamdictam
1614 854 1763 911 civitatem
1776 853 1891 910 Teran-

188 953 224 1010 ab
251 954 340 1008 lucar.
371 946 498 1017 ejusdem
527 944 559 998 4).
587 940 799 998 mundasti
824 935 887 1008 857,
917 947 1012 991 menso
1066 954 1191 998 nensem.
1208 941 1284 999 lnira
1299 943 1430 1001 bosvero
1445 942 1773 1015 buesatquerocabulu
1790 954 1891 1000 44044-

186 1041 266 1112 44444,
283 1037 384 1096 indict.
400 1032 427 1092 6.
1063 1031 1162 1088 dimus
1175 1031 1266 1104 vobis,
1282 1033 1443 1105 uestrisque
1455 1033 1618 1090 haeredibus
1631 1038 1660 1090 et
1673 1031 1890 1090 suecessoribus

217 1131 373 1188 lionestum
405 1121 503 1193 nimis,
528 1124 557 1178 44
586 1119 779 1176 necessarium
807 1118 922 1177 videtur
947 1131 1009 1177 esse
1064 1119 1273 1191 inperpetuum
1286 1122 1400 1193 castris,
1415 1120 1655 1194 muris,aiiisqne
1669 1120 1819 1190 adificiis,
1833 1124 1889 1176 ter-

182 1218 328 1292 negotium
332 1255 386 1270 .....
414 1210 529 1281 assequi
559 1207 677 1266 servitia
704 1222 754 1280 pro
780 1207 1008 1266 remuneratione
1062 1207 1114 1281 ris,
1140 1208 1243 1280 vineis,
1267 1209 1370 1282 pomis,
1394 1209 1521 1282 aliisque
1541 1209 1708 1280 arboribus,
1728 1206 1890 1266 fructiferis

183 1306 229 1364 sui
246 1303 364 1371 laboris,
382 1315 416 1358 ex
429 1299 536 1355 nostris
553 1297 649 1366 rebus,
664 1310 697 1353 ac
712 1296 839 1368 publicis
853 1297 950 1355 causis
964 1297 1008 1355 eis
1061 1300 1090 1352 et
1104 1295 1306 1369 infructiferis,
1328 1299 1532 1371 montibusque
1546 1313 1611 1355 cum
1625 1298 1768 1371 vallibus,
1784 1297 1889 1354 cultum

182 1393 367 1452 concedimus
381 1395 409 1446 et
423 1388 626 1444 condonamus.
642 1386 778 1442 Divinum
794 1398 916 1458 namque
931 1398 1008 1458 pra-
1061 1389 1091 1441 et
1103 1385 1256 1458 incultum,
1272 1386 1367 1458 aquis,
1387 1387 1617 1459 decursibusque
1633 1400 1748 1460 44444,
1764 1400 1830 1444 cum
1844 1385 1892 1442 iu·

181 1488 295 1557 ceptum
310 1483 354 1537 est
368 1484 401 1536 ut
415 1478 553 1549 sequatur
574 1478 637 1531 rota
658 1473 797 1546 fidelium,
820 1473 946 1531 fructum
961 1476 1009 1529 44-
1062 1473 1153 1531 troitu
1172 1478 1202 1531 et
1219 1475 1304 1533 exitu
1323 1488 1376 1532 suo
1397 1489 1463 1532 cum
1485 1475 1630 1546 omnibus,
1650 1481 1680 1532 et
1694 1476 1726 1532 in
1747 1473 1888 1543 omnibus,

183 1586 247 1630 men
268 1569 399 1628 laborum
417 1579 450 1622 ac
472 1563 631 1635 praemium,
652 1576 709 1635 qua
728 1563 899 1620 auctoritate
916 1563 949 1618 b.
971 1562 1005 1617 N.
1063 1569 1201 1635 quantum
1227 1562 1303 1621 infra
1321 1569 1351 1622 et
1369 1579 1455 1637 super
1474 1578 1504 1622 44
1524 1564 1629 1622 babere
1648 1565 1778 1637 ridetur,
1799 1562 1844 1621 rel
1861 1563 1890 1621 in

181 1664 204 1719 l.
225 1658 334 1718 christi
353 1652 518 1725 saluatoris,
540 1657 627 1723 atquc
645 1653 674 1707 B.
695 1653 792 1709 itariae
811 1665 922 1723 semper
941 1649 1009 1707 Vir-
1062 1656 1145 1708 antea
1166 1652 1265 1710 baberi
1286 1666 1422 1724 apparere
1441 1653 1571 1718 babetur,
1595 1654 1630 1710 ad
1653 1653 1792 1711 bonorem
1810 1653 1843 1708 lt.
1857 1653 1889 1709 ri.

182 1750 272 1826 ginis,
287 1751 509 1815 sanctorumque
523 1741 719 1812 apostolurum
734 1741 877 1813 principis
889 1741 964 1797 Petri
980 1742 1009 1796 et
1024 1741 1128 1818 glesu
1151 1741 1270 1810 Christi,
1292 1746 1320 1800 44
1341 1744 1369 1798 44.
1398 1744 1493 1800 llariae
1510 1756 1621 1815 semper
1644 1742 1790 1816 Virginis,
1811 1748 1840 1798 et
1860 1741 1888 1796 44

182 1838 276 1910 Ρ4444,
296 1836 482 1904 omniumque
501 1830 588 1888 simul
608 1833 782 1900 sanctorum,
803 1832 899 1904 egoi).
918 1830 1009 1886 Bene-
1062 1829 1138 1887 Petri
1153 1830 1348 1901 apostolorum
1364 1832 1517 1903 principis,
1533 1832 1569 1889 ad
1586 1831 1747 1889 utilitatem
1762 1844 1830 1888 rero
1842 1843 1891 1887 re-

182 1929 280 1987 dictus
303 1926 350 1996 lll,
376 1935 458 1994 papa,
481 1933 515 1977 ac
540 1919 714 1993 gubernator
738 1919 765 1976 S.
791 1922 819 1975 et
843 1917 1008 1990 apostolica
1062 1925 1161 1991 stram,
1178 1935 1434 1993 successorumque
1452 1927 1658 1980 4444444044...
1675 1935 1747 1978 saue
1760 1919 1891 1978 videlicet

183 2017 272 2090 sedis,
297 2014 445 2085 totiusque
472 2009 607 2067 Ecclesiae
636 2009 802 2066 universum
826 2022 876 2080 per
898 2007 1006 2079 orbem,
1062 2010 1173 2067 ratione
1191 2013 1220 2066 et
1237 2010 1437 2068 convenientia
1455 2012 1642 2069 concedimus
1661 2010 1749 2068 robis
1764 2010 1825 2081 jam
1839 2022 1891 2065 sa-

181 2109 218 2165 de
241 2103 375 2179 praesenti
399 2100 457 2171 die,
481 2097 597 2155 Domini
620 2097 790 2156 concedente
808 2097 902 2172 gratia
921 2100 1008 2169 atque
1062 2097 1889 2172 044444444444444ιί440444444444444404444444444441

182 2197 246 2268 elus
259 2192 359 2251 diuina
372 2188 540 2261 auspicante
559 2185 721 2259 clementia,
742 2186 888 2259 simulque
901 2198 1008 2259 sugge-
1063 2189 1502 2260 perpetuum,quiainomnibus
1511 2202 1623 2260 semper
1633 2188 1890 2247 nobisobcdientes

183 2290 263 2342 rente
278 2279 404 2355 gmtuita
419 2276 535 2350 pietate,
551 2275 654 2332 damus
664 2279 693 2332 et
708 2274 892 2332 concedimus
905 2279 1009 2332 aucto-
1063 2275 1173 2349 fuistis,
1184 2276 1308 2349 atquein
1318 2277 1473 2335 utilitatem
1484 2278 1695 2350 seruitiumque
1707 2283 1891 2347 nostrumpa·

64 2398 68 2404 ·
183 2360 1010 2430 ritateliomlnisalvatorisrobishabitatoribusciritatis
1064 2367 1118 2422 rati
1131 2365 1212 2436 estis,
1223 2371 1252 2423 44
1262 2366 1292 2423 44
1303 2364 1432 2424 futurum
1443 2371 1598 2439 spontanee
1610 2366 1891 2439 promittitisadim-

183 2457 392 2524 Teramnensis,
422 2453 524 2524 majori
551 2458 580 2510 et
604 2453 709 2509 minori
737 2458 816 2525 natu,
848 2452 1009 2522 rastrisque
1064 2455 1152 2528 plere,
1165 2456 1195 2512 iu
1211 2461 1308 2513 sancta
1321 2470 1490 2529 summaque
1502 2457 1568 2514 sede
1579 2458 1741 2530 apostolica
1755 2456 1890 2514 confirmo

184 2546 356 2617 haeredibus,
379 2549 407 2600 et
429 2541 645 2599 successoribus
666 2540 696 2597 in
719 2544 898 2613 perpetuum,
919 2540 1010 2596 idest
1065 2544 1169 2603 babere
1192 2559 1251 2615 uos,
1274 2558 1308 2602 ac
1328 2546 1473 2617 possidere
1496 2560 1546 2604 ros
1563 2552 1735 2619 restrosque
1756 2545 1890 2616 baeredrs,

182 2634 340 2705 toraniam
352 2633 458 2689 dictam
471 2631 627 2698 civitatem,
642 2642 707 2686 cum
722 2629 864 2700 muris,et
877 2628 1010 2685 aedificiis
1063 2633 1107 2690 rel
1123 2647 1303 2692 successores
1323 2635 1351 2691 44
1369 2640 1536 2707 perpetuum
1554 2649 1619 2692 eum
1639 2635 1756 2692 Domini
1772 2633 1890 2692 benedi-

182 2723 354 2784 docursibus
376 2732 527 2792 aquarum,
548 2724 576 2774 et
590 2717 689 2788 alueis,
709 2732 742 2774 ac
759 2717 949 2791 marginibus,
969 2717 1011 2774 in·
1064 2722 1169 2793 ctione,
1186 2726 1340 2796 nostraque
1356 2728 1578 2796 nostrorumque
1592 2737 1795 2782 successorum
1809 2723 1890 2780 iusu-

182 2816 274 2887 deque
293 2808 543 2879 concurrentibus,
563 2813 670 2864 etcum
688 2812 746 2864 tota
765 2822 817 2864 sua
836 2804 1010 2879 pertinentia
1065 2825 1114 2883 per
1126 2810 1222 2885 obligo
1234 2812 1480 2884 atquecondrmo.
1495 2813 1524 2870 Si
1542 2813 1729 2886 quisautem,
1745 2812 1891 2870 4444444·

181 2917 247 2962 cum
262 2899 397 2969 vallibus,
414 2896 548 2967 collibus,
570 2896 725 2954 montibus.
743 2910 776 2954 44
792 2895 925 2968 planitiis
939 2893 1011 2953 fun·
1065 2900 1160 2956 rarius
1191 2900 1220 2957 iu
1253 2901 1353 2973 aliquo
1386 2901 1545 2972 molestare,
1572 2906 1623 2959 aut
1656 2901 1832 2974 inquietare,
1859 2913 1889 2957 ac

182 2993 266 3066 dura,
291 3002 325 3046 ac
348 2985 487 3046 vocabula
513 2985 739 3059 circumquaque
763 2985 866 3058 posita.
889 2986 1010 3055 iusuper
1063 2986 1178 3060 litigare
1190 3001 1240 3059 per
1251 2988 1400 3060 quodlibet
1415 2989 1563 3062 ingenium
1579 2989 1716 3060 uoluerit,
1730 2995 1784 3047 aut
1794 2994 1887 3046 contra

181 3078 366 3140 concedimus
389 3073 472 3132 vobis
497 3073 571 3131 allas
595 3087 641 3130 res
670 3087 720 3144 per
745 3074 798 3131 bos
824 3072 904 3145 0444,
931 3074 1009 3131 sieut
1024 3093 1049 3157 c
1064 3075 1137 3132 banc
1152 3082 1256 3133 nostrae
1270 3077 1467 3134 concessionis
1480 3076 1641 3134 chartulam
1657 3078 1888 3136 contrariuser-

180 3168 305 3228 transire
329 3165 444 3222 uidetur
465 3178 515 3234 per
537 3162 663 3220 stradam
687 3163 858 3234 Domnitam,
881 3167 910 3220 44
929 3163 1009 3220 exire
1062 3164 1181 3238 stiterit,
1202 3165 1252 3222 dat
1269 3164 1431 3237 anatbcma,
1452 3171 1482 3223 et
1501 3167 1683 3223 anathemata
1705 3167 1827 3238 insuper
1844 3166 1887 3222 tat

179 3259 295 3316 ridetur
310 3267 359 3328 per
374 3256 483 3325 portam
500 3267 563 3325 quae
576 3252 687 3309 dicitur
701 3252 836 3322 llomana,
849 3257 878 3309 44
890 3265 940 3323 per
953 3265 1009 3309 an·
1061 3254 1237 3324 compositor
1253 3254 1281 3310 44
1297 3267 1409 3311 44444
1424 3258 1452 3312 44
1466 3254 1625 3325 apostolica
1645 3256 1715 3314 sede
1728 3269 1744 3311 4
1757 3255 1812 3313 lib.
1827 3255 1885 3314 auri

179 3349 295 3420 tiquam
310 3347 423 3416 pontem
438 3341 589 3413 subiitque
604 3341 634 3397 in
647 3340 721 3398 colle
734 3341 784 3414 qui
800 3346 918 3398 vocator
929 3340 1009 3397 Alti—
1061 3342 1165 3413 optimi
1176 3360 1184 3413 3
1195 3342 1290 3400 soluta
1305 3357 1371 3401 uero
1384 3356 1478 3415 poeua,
1493 3344 1552 3400 baec
1566 3343 1701 3402 chartula
1716 3358 1831 3416 semper
1843 3344 1886 3401 fiat

179 3436 302 3507 itanum,
317 3436 346 3490 et
361 3445 411 3504 per
422 3433 480 3502 ianr
495 3431 605 3488 dictum
622 3430 723 3487 collem
739 3430 887 3487 descendit
902 3430 932 3486 in
946 3429 1009 3487 ios-
1062 3429 1178 3486 stabilis
1191 3431 1221 3487 in
1235 3437 1414 3502 perpetuum.
1429 3432 1551 3489 loannes
1563 3445 1652 3504 nepos
1663 3432 1780 3490 domiui
1795 3433 1885 3505 ponti-

180 3529 274 3583 44404
300 3521 375 3594 quod
395 3518 508 3592 uulgari
532 3518 648 3575 nomine
665 3518 776 3575 dicitur
793 3519 881 3578 cuda.
903 3517 1008 3575 deinde
1062 3518 1134 3590 licis,
1148 3517 1315 3576 Gualterlus
1327 3519 1465 3577 similiter
1477 3534 1566 3592 nepos
1579 3522 1653 3592 eius,
1668 3524 1759 3578 testes
1770 3522 1880 3593 qsumo,

180 3612 274 3686 pergit
297 3611 328 3666 in
350 3608 435 3680 lagia,
458 3610 487 3663 et
506 3619 556 3677 per
578 3605 718 3662 decursus
735 3606 794 3675 jam
817 3605 902 3662 dietae
925 3605 1008 3678 lagia
1060 3620 1155 3664 comes
1164 3607 1878 3682 Rayueriusdciosepb,ddamdelilbertc,testes

180 3699 329 3760 descendit
344 3697 373 3752 in
389 3695 498 3752 furcam
515 3707 578 3766 qum
592 3698 711 3750 vocetur
725 3695 807 3750 Petra
821 3694 856 3750 de
869 3693 1005 3766 coniinio,
1096 3696 1154 3768 Ego
1166 3697 1276 3761 Petrus,
1288 3696 1462 3754 scriniarius
1475 3698 1503 3754 S.
1520 3697 1553 3755 ll.
1566 3699 1611 3768 lt,
1626 3698 1706 3756 bunc
1719 3703 1879 3770 praeceptum

179 3788 283 3846 deinde
304 3784 384 3842 subit
404 3796 454 3853 per
473 3784 596 3837 montem
618 3779 668 3837 ubi
690 3781 801 3839 dicitur
821 3781 908 3855 nque
924 3783 1005 3857 vira,
1061 3784 1290 3855 periussionem
1314 3788 1347 3842 ll.
1369 3785 1518 3844 Benedicti
1536 3788 1583 3858 lli,
1607 3800 1700 3860 papae,
1722 3801 1811 3846 mann
1830 3797 1879 3843 444

181 3881 267 3948 atque
280 3873 316 3929 de
335 3870 404 3927 hine
416 3868 547 3925 aseendit
563 3868 593 3925 ln
609 3871 732 3924 montem
754 3868 805 3941 qui
820 3869 930 3927 dicitur
944 3871 1007 3928 lia-
1060 3872 1231 3944 subscripsi.

180 3972 254 4033 tum,
268 3974 300 4018 ac
313 3972 364 4032 pro
383 3957 527 4016 montanis
548 3955 729 4032 vallibusque
750 3958 874 4016 transire
891 3958 1007 4016 uidetur

986 4301 1072 4404 lx.

744 4549 1220 4673 NICOLAUS
1265 4553 1317 4674 I.

582 4933 602 4988 l.
1019 4933 1224 5006 oscitamus,
1239 4938 1269 4991 et
1281 4935 1415 5006 pertein
1430 4935 1528 4993 codem
1540 4934 1701 4994 venerabili
1716 4933 1879 4997 monasterio

259 5051 438 5095 rnrvrtrormr
460 5051 568 5095 urcounr
589 5052 664 5095 4444
685 5052 736 5094 ano
755 5053 927 5097 uounsrruro
1059 5023 1330 5096 successoribus(1¹¹⁶
1347 5024 1407 5082 41148
1424 5023 1589 5096 4003444044
1608 5024 1832 5098 inperpetuum.

429 5123 596 5166 sntvnronrs
612 5123 755 5166 44444444.
1093 5111 1233 5182 Quoniam
1255 5126 1367 5184 semper
1386 5117 1456 5171 sunt
1474 5113 1657 5172 concedenda
1674 5129 1742 5187 quae
1760 5115 1881 5175 4444444·

502 5215 592 5287 (pun,
613 5213 687 5288 854)
1059 5200 1170 5259 bilibus
1190 5208 1354 5274 congruunt
1371 5202 1537 5274 desideriis,
1554 5208 1669 5275 oportet
1686 5209 1723 5263 ut
1744 5200 1880 5265 deuotioni

519 5337 575 5394 od
601 5338 659 5393 Μ
768 5339 797 5393 ld
1010 5345 1014 5353 ,
1058 5291 1882 5369 conditorispiaeconsiructionisauctoriiasiuprirllcqlit

370 5335 504 5414 [brouls
540 5354 583 5392 ⁰·
621 5354 711 5409 mom.
725 5342 765 5396 ¹³²¹
800 5335 818 5414 ’4
1060 5380 1230 5449 praestandis
1249 5380 1368 5439 minime
1385 5381 1552 5455 denegatur.
1570 5381 1678 5455 lqitur,
1695 5383 1770 5457 quia
1788 5386 1882 5459 potiu-

216 5470 355 5527 Nicotaus
371 5465 533 5537 episcopus,
553 5476 652 5519 servus
670 5477 816 5521 serrorum
833 5467 896 5538 Del,
912 5469 1008 5522 Tano-
1060 5467 1127 5524 lasti
1147 5468 1266 5526 anobis
1289 5473 1433 5540 quatenus
1455 5469 1664 5536 monasterium
1683 5470 1882 5540 8444104444

124 5592 126 5596 -
181 5572 256 5630 ronr,
273 5555 409 5630 religioso
420 5553 517 5610 abbati
531 5551 704 5610 resembllis
714 5554 880 5611 monasterii
890 5555 1005 5613 bomini
1060 5561 1160 5613 sancto
1170 5556 1314 5616 4444444444
1332 5557 1550 5632 archispiscopo
1561 5558 1882 5641 mmm
