3876 6090
122 241 156 298 si
476 243 749 303 lhrahrhlsrallo
767 243 892 303 Simoni
911 246 971 305 illl
999 248 1240 305 ementis·
1258 248 1359 307 ACTIO
1378 251 1421 308 vl.
1746 248 1784 308 86

121 368 152 423 de
162 363 294 423 Ecclesia
309 367 361 424 liei
371 367 430 438 iam
440 367 550 425 dictum
563 368 726 426 adulterum
739 369 883 442 Photlum,
897 375 926 427 et
939 371 969 434 A
983 373 1046 430 rius
1062 372 1133 446 legit
1146 372 1296 444 epistolam
1311 388 1395 446 quam
1407 373 1488 431 misit
1500 375 1700 433 sanctissimus
1709 387 1781 448 papa

121 455 248 512 restituit
261 457 289 512 ei
304 462 436 513 sanctum
451 457 544 513 virum
561 471 655 514 senem
675 463 703 515 ει
718 458 824 516 bonum
836 460 926 516 culto·
981 463 1782 536 Nicolausperleonemasecretisadlilichaelemimpera-

121 560 176 601 rem
187 546 333 616 lguatium
350 546 548 603 beatissimum
567 548 768 617 patriarcham.
781 550 847 604 Post
866 548 925 605 haec
981 556 1206 623 torem,etquam
1217 553 1251 608 ad
1262 553 1405 623 Photium,
1417 567 1480 625 quae
1491 553 1662 623 praescriptae
1673 555 1781 612 suntin

121 634 159 689 nil
171 639 311 706 moratas,
328 636 567 704 praedecessorum
583 651 699 693 suorum
712 637 926 693 christianissi-
981 646 1082 712 quarta
1097 642 1218 698 actione.
1239 643 1274 697 Et
1289 647 1352 712 post
1367 641 1468 698 harum
1485 642 1645 713 lectionem,
1662 657 1782 715 surgens

119 736 227 779 morum
244 723 453 794 imperatorum
470 730 585 785 secutus
607 726 745 796 exempla,
763 727 925 783 transmisit
979 729 1058 785 Elias
1071 732 1128 786 Deo
1138 731 1359 788 colendissimus
1368 731 1514 802 presbyter
1527 735 1556 786 et
1568 730 1721 802 syncellus,
1735 730 1783 786 lo-

118 812 224 883 legatos
240 824 313 869 suos
324 812 523 869 nobilissimos
542 814 621 871 viros
643 816 769 884 Romam,
789 816 924 871 ioannem
980 832 1044 873 curn
1060 818 1194 875 obtinens
1213 819 1364 877 Theodosii
1386 820 1557 891 patriarchae
1568 819 1782 890 llierosoiymo-

118 899 229 956 scilicet
242 900 533 958 honorabilissimum
552 903 761 972 metropolitam
783 903 877 975 Sylaei,
891 917 924 959 ac
980 907 1210 980 ram,dixit:l)ei
1222 909 1298 964 circa
1310 908 1782 966 nosboaitatisdivitiasaecessa-

117 987 655 1061 liasiliumfidelissimumspatharium
665 993 925 1063 sunm,deposcens
981 996 1057 1053 rium
1067 1002 1111 1052 est
1122 998 1295 1054 annuntiare
1308 1003 1337 1053 et
1349 998 1516 1069 predicare:
1531 1010 1586 1054 non
1599 997 1692 1054 solum
1703 998 1778 1053 enim

116 1083 243 1134 sanctam
260 1079 417 1136 Romanam
432 1079 586 1137 Ecclesiam
605 1081 794 1137 sacrisetiam
818 1081 924 1137 litteris
980 1085 1781 1158 pretiosismuneribusvilitalemnostramdignamexhi·

118 1167 195 1223 suis:
216 1168 270 1239 qui
287 1169 435 1226 venientes
450 1170 619 1227 invenerunt
641 1171 671 1226 in
686 1184 718 1226 ea
740 1170 922 1240 presulatum
978 1172 1779 1247 bet,sedetiaoinorummultifarioscompescitetrepri-

118 1259 516 1330 gerentemsanctissimumet
529 1260 815 1317 honorabilissimum
824 1259 924 1335 Adria·
978 1262 1640 1334 mitimpetus.Prmnoscenscnimturbationem
1652 1263 1779 1335 quatine

117 1359 193 1407 nam,
205 1360 222 1402 a
233 1346 479 1404 beodestinatum
487 1349 811 1419 pontificemsummum,
822 1349 923 1405 dantes
978 1356 1022 1407 rat
1038 1351 1105 1408 huic
1116 1354 1214 1409 amice
1232 1353 1340 1410 Christi
1356 1354 1478 1427 civitati,
1495 1354 1732 1425 quemadmodum
1747 1353 1778 1408 iu

116 1436 139 1490 ei
156 1435 273 1492 litteras
286 1437 382 1506 ipsius
394 1438 489 1509 magni
504 1439 694 1510 imperatoris,
711 1443 739 1493 ει
751 1443 923 1508 exponentes
978 1442 1444 1515 presentibusvidemusnegotiis,
1457 1443 1621 1514 piissimum
1632 1441 1776 1498 etChrisii

116 1538 163 1594 per
176 1527 313 1582 ordinem
325 1527 412 1582 etiam
424 1527 528 1598 verbis,
546 1533 651 1599 quanta
664 1526 791 1585 turbatio
803 1533 831 1583 ει
842 1542 923 1585 vexa·
976 1531 1100 1587 amicum
1109 1532 1306 1602 imperatorem
1314 1537 1441 1588 nostram
1453 1532 1603 1589 suscitavit
1613 1531 1647 1587 ad
1659 1530 1778 1587 stabili-

115 1615 154 1670 tio
178 1614 257 1686 apud
282 1616 355 1672 hanc
376 1618 435 1673 Deo
458 1619 678 1675 conservandam
706 1618 882 1688 provinciam
904 1630 920 1673 a
977 1623 1063 1676 tatem
1073 1626 1102 1678 ει
1113 1621 1285 1678 erectionem
1299 1622 1558 1679 ecclesiasticarum
1569 1634 1677 1677 rerum:
1693 1620 1778 1690 cujus

115 1706 216 1761 Photio
225 1711 350 1776 tyranno
359 1720 393 1762 ac
404 1707 532 1764 invasore
546 1712 664 1777 peractae
677 1712 754 1763 sunt.
765 1708 844 1763 Tunc
857 1707 922 1762 bea-
934 1696 962 1759 B
976 1724 1066 1766 cornu
1081 1711 1185 1766 exaltet
1199 1712 1274 1766 Deus
1285 1711 1314 1767 ia
1329 1711 1544 1782 sempiternum,
1558 1714 1587 1766 et
1599 1708 1727 1780 perficiat
1746 1709 1777 1764 in

114 1795 249 1851 tissimus
258 1794 405 1851 Adrianus
416 1809 487 1866 papa
507 1796 665 1866 nonanus,
686 1795 739 1852 hoc
762 1801 917 1867 comperto,

113 1886 256 1941 advocans
280 1885 418 1956 quosdam
434 1886 582 1956 episcopos
602 1886 829 1943 occidentalium
850 1899 920 1954 par-

114 1972 330 2046 lium,collegit
344 1975 483 2045 synodum
496 1974 525 2030 in
545 1975 664 2031 ecclesia
684 1975 774 2031 sancti
795 1975 917 2045 apostoli

113 2063 919 2136 Petri,nonaddestructioaemludiciiacdecretumque

114 2153 247 2208 decessor
256 2153 321 2222 eius
333 2151 421 2208 beatae
435 2154 576 2209 memoriae
588 2167 659 2224 papa
669 2153 804 2210 Nicotaus
814 2154 848 2210 de
859 2155 917 2223 jam

113 2241 182 2296 dicti
194 2241 294 2297 Photii
307 2242 449 2298 invasoris
460 2243 638 2315 expulsione,
652 2243 729 2299 aede
740 2242 917 2298 sanctissimi

114 2331 215 2401 ignatii
229 2330 402 2400 patriarche
411 2332 519 2403 peregit
530 2332 722 2403 restitutione,
734 2331 780 2386 sed
792 2332 826 2387 ad
840 2330 919 2387 robo

976 1799 1154 1870 beneplacito
1160 1815 1222 1871 suo,
1230 1800 1524 1870 subjicienseiomnes
1536 1799 1672 1855 barbaras
1680 1799 1777 1855 natio-

976 1902 1034 1945 nes.
1044 1889 1365 1961 ltaquedemorantibus
1376 1889 1459 1945 nobis
1471 1890 1527 1961 hic,
1535 1888 1777 1958 evidenterappa-

976 1979 1046 2050 ruit,
1055 1978 1638 2050 quialgnatiussanctissimuspatriarcha
1652 1981 1778 2047 pastora-

976 2068 1054 2124 libus
1064 2067 1169 2123 oficiis
1183 2066 1302 2123 evellere
1313 2081 1346 2124 ac
1356 2067 1482 2123 recidere
1496 2067 1670 2136 injustitiam
1680 2078 1777 2135 prope·

975 2171 1053 2224 rans,
1070 2156 1213 2227 projectus
1230 2170 1246 2211 a
1267 2155 1369 2212 throno
1389 2169 1441 2211 suo
1465 2155 1499 2210 ad
1520 2154 1708 2211 novissimum
1731 2160 1776 2209 est

974 2245 1256 2302 exsiliumtraditus:
1268 2245 1387 2314 prolpso
1400 2258 1466 2300 vero
1477 2243 1554 2300 alius
1565 2243 1681 2314 quidam
1697 2242 1776 2299 Pbo-

974 2336 1044 2406 tius,
1053 2333 1184 2405 quiapud
1193 2333 1429 2403 nosnoscebatur,
1438 2333 1609 2405 subrogatus
1622 2335 1665 2388 est
1679 2332 1709 2387 ln
1721 2330 1775 2387 hoc

114 2418 235 2474 randum
262 2423 350 2490 atque
375 2419 545 2477 firmandum
567 2426 670 2477 cuncta
689 2419 848 2477 decessoris
871 2419 917 2475 sui

115 2508 246 2564 mandata
258 2526 266 2580 ς
280 2521 338 2580 qua
350 2522 401 2580 pro
415 2523 501 2566 causa
521 2524 572 2567 nos
589 2509 712 2566 famulos
727 2523 795 2567 suos
805 2514 833 2565 et
848 2522 919 2564 san-

975 2424 1088 2480 throno.
1097 2422 1352 2479 l‘iissimusautem
1365 2422 1519 2492 imperator
1528 2424 1675 2491 noster,ut
1685 2430 1735 2490 per
1745 2432 1775 2475 εε

975 2513 1118 2583 inspector
1130 2517 1158 2567 ει
1169 2511 1462 2584 cognitorcausarum
1478 2510 1613 2578 existens,
1635 2513 1664 2565 et
1680 2509 1775 2565 sciens

112 2603 161 2653 cte
176 2599 313 2654 liomanae
327 2599 461 2655 Ecclesiae
476 2600 557 2655 misit
568 2600 624 2656 huc
635 2612 699 2657 cum
712 2599 844 2669 epistolis
855 2597 918 2656 suis
973 2598 1495 2673 certissimequaliteriactasinttalia,
1508 2599 1602 2655 sciens
1612 2597 1776 2668 etiampro-

112 2686 143 2743 ad
155 2687 651 2756 piissimumetchristianissimum
666 2690 876 2759 imperatorem,
890 2693 917 2743 et
974 2692 1062 2748 latum
1077 2689 1322 2761 prosanctissimo
1342 2689 1451 2762 ignatio
1473 2692 1502 2745 et
1521 2692 1620 2744 contra
1640 2686 1774 2743 l‘hotium

113 2777 619 2851 adsanctissimumvirumlgnatium
632 2777 917 2848 patriarchamhujus
970 2781 1141 2851 judiciuma
1157 2779 1265 2835 seniori
1280 2778 1378 2848 lloma,
1390 2791 1465 2849 eum,
1487 2777 1537 2848 qul
1555 2777 1654 2847 inique
1665 2790 1698 2832 ac
1711 2775 1775 2831 siae

113 2872 214 2921 sanctae
228 2865 555 2937 constantinopolitana
578 2867 721 2939 Ecclesiae,
750 2866 918 2939 significans
973 2870 1062 2941 legen
1076 2868 1192 2939 proprio
1204 2868 1307 2924 throno
1318 2867 1445 2937 dejectus
1456 2870 1501 2923 est
1511 2879 1560 2936 per
1573 2865 1730 2938 legitimam
1745 2867 1774 2919 ει

114 2955 256 3010 ineisdem
267 2955 402 3025 epistolis
413 2956 653 3027 quatenuslocum
670 2961 699 3012 ει
710 2957 799 3011 vicem
812 2956 919 3025 ejuste-
970 2960 1077 3030 iustam
1088 2958 1258 3014 sententiam
1271 2971 1372 3013 rursus
1382 2956 1416 3012 ad
1429 2955 1576 3026 proprium
1588 2954 1722 3010 thronum
1734 2966 1775 3008 re

115 3057 176 3099 nere
190 3058 224 3099 ac
234 3043 389 3099 defendere
403 3044 432 3100 in
446 3044 498 3100 hac
512 3049 610 3101 sancta
624 3047 731 3116 synodo
744 3044 913 3100 debeamus:
927 3032 957 3095 G
973 3047 1067 3118 duxit,
1084 3052 1113 3102 ει
1125 3047 1218 3103 locum
1230 3059 1314 3102 suum
1334 3045 1477 3116 pervasori
1493 3044 1595 3100 Photio
1616 3041 1773 3100 secundum

113 3134 159 3203 qui
172 3134 273 3204 etiam,
286 3133 361 3190 duee
372 3134 438 3205 beo,
452 3134 522 3190 salvi
536 3140 564 3191 et
576 3136 637 3191 sani
651 3135 680 3191 in
696 3136 769 3192 hanc
785 3133 920 3205 perveni·
974 3137 1103 3194 ordinem
1116 3136 1280 3207 impertitus
1299 3139 1349 3191 est.
1371 3134 1511 3204 Quoniam
1530 3146 1596 3189 vero
1616 3146 1682 3189 cum
1699 3134 1774 3187 esset

113 3236 173 3278 mus
184 3223 296 3295 regiam
308 3223 494 3292 provinciam.
507 3225 599 3280 Etiam
613 3223 798 3294 patefecimus
810 3224 839 3280 in
851 3235 920 3294 praa
972 3227 1103 3297 iustuset
1114 3226 1274 3296 piissimus,
1285 3224 1382 3281 volens
1393 3219 1773 3294 perfectiusacmanifeslius
1847 3229 1848 3233 ’

112 3311 281 3368 cedentibus
291 3312 459 3368 actionibus
470 3313 696 3384 quiddeliaitum
707 3314 746 3369 sit
756 3315 790 3370 de
803 3312 916 3383 Photio‚
974 3317 1121 3372 verlmtem
1133 3314 1307 3384 confirmari,
1320 3311 1540 3382 benejudicavit
1553 3313 1581 3366 et
1593 3310 1628 3367 ab
1638 3308 1773 3366 omnibus

110 3401 916 3473 etueEcclesiaconstantinopolitamasanctissimlset
974 3399 1772 3476 patriarchiisvicariosbuccolligere.Perfecitbominus

109 3491 352 3548 laudabilissimis
371 3492 444 3548 viris
460 3492 576 3548 Nicolao
596 3493 684 3548 beaiae
707 3491 915 3549 recordationis
971 3497 1047 3552 Deus
1065 3493 1171 3549 bonum
1193 3489 1347 3547 consilium
1360 3488 1466 3558 eiusad
1481 3487 1509 3542 id
1523 3487 1597 3557 quod
1620 3486 1723 3541 melius
1743 3490 1773 3541 ει

108 3593 174 3651 papa
191 3582 331 3651 liomano,
346 3585 374 3637 ει
385 3581 421 3636 ab
431 3580 558 3638 adriano
571 3582 670 3638 divina
690 3581 783 3654 gratia
797 3593 915 3636 succes-
959 3581 1173 3640 ecelesiasticae
1184 3577 1360 3636 ordinationi
1372 3575 1469 3647 aptius
1478 3575 1592 3642 existat,
1604 3573 1772 3630 convenien·
1829 3627 1837 3633 .

108 3684 166 3727 sore
179 3671 298 3741 ipsius,
313 3676 341 3726 et
357 3671 502 3728 credimus
517 3672 585 3742 quia
606 3671 783 3742 superfluum
798 3675 841 3726 est
854 3669 915 3725 fre·
971 3674 1050 3730 tibus
1060 3671 1194 3727 videlicet
1205 3668 1251 3724 hic
1262 3666 1490 3724 seniorisllomae
1500 3663 1772 3721 sanctissimlsvica-

109 3765 226 3830 quanter
240 3759 340 3815 eadem
353 3759 449 3816 dicere
465 3761 506 3816 vel
520 3766 656 3831 repetere.
667 3760 778 3816 Idcirco
789 3759 915 3830 petimus
971 3762 1026 3820 riis
1036 3776 1067 3817 ao
1081 3759 1245 3817 humilitate
1258 3763 1364 3813 nostra.
1378 3756 1485 3811 Cuncta
1497 3766 1620 3824 namque
1630 3758 1772 3824 emergen-

110 3851 269 3920 apiissimo
282 3854 310 3905 et
319 3849 571 3906 Christianissimo
582 3850 752 3920 imperatore
763 3854 795 3906 ut
805 3848 915 3919 exposi·
971 3843 1512 3922 tiaperquirentes,didicimuscertius,
1521 3840 1607 3914 qnod,
1618 3853 1684 3898 cum
1697 3844 1773 3897 esset

110 3939 147 3995 tio
159 3939 213 3995 illa
224 3952 291 4009 quae
302 3939 396 3995 delata
407 3944 450 3994 est
463 3939 516 3995 sub
527 3939 795 4009 praevaricatoribus
807 3951 840 3993 ac
853 3951 916 4008 pro·
971 3940 1100 4014 ignatius
1119 3936 1321 3994 sanctissimus
1342 3933 1504 4004 patriarcha
1520 3932 1550 3987 in
1565 3931 1679 3999 exsilio,
1694 3929 1770 4001 quod

111 4028 500 4098 tectoribuscalumniarum,
514 4028 854 4100 neampliusretardetur.
867 4029 917 4083 lle·
972 4029 1091 4101 pertulit
1103 4025 1293 4082 violentiuset
1302 4022 1433 4093 iniquius
1444 4035 1476 4078 ac
1490 4018 1774 4092 injustius,dillama-

113 4126 270 4175 rumtamen
293 4117 531 4188 quemadmodum
546 4117 580 4174 ad
596 4119 748 4173 Romanam
759 4118 913 4174 Ecclesiam
971 4117 1136 4187 t'umfuerit,
1149 4115 1217 4186 quia
1230 4109 1657 4180 thronumconstantinopoleos
1668 4107 1771 4167 reluta

114 4208 181 4280 quod
194 4221 346 4279 nunquam
362 4206 483 4263 Photius
495 4206 737 4263 lueritadmissus
752 4208 781 4263 in
794 4206 915 4276 patriar·
968 4207 1030 4276 vit3
1046 4206 1094 4262 sed
1109 4205 1143 4261 ad
1158 4205 1211 4259 hoc
1226 4215 1277 4258 uos
1290 4201 1416 4257 dicimus
1429 4197 1514 4271 (quod
1535 4203 1563 4254 et
1575 4197 1659 4254 nobis
1672 4201 1771 4254 sancta

114 4295 584 4369 ebalidignitatemanifestumest,
598 4294 913 4352 itaetabOrientalibus
968 4297 1160 4352 Romanorum
1171 4291 1297 4348 Ecclesia
1309 4290 1430 4345 maltum
1441 4293 1506 4343 ante
1517 4285 1691 4360 praedicavit)
1702 4286 1771 4358 quia

113 4387 226 4442 sedibus
236 4399 289 4456 per
300 4385 568 4442 honorabilissimos
578 4386 656 4441 viros
667 4384 773 4440 litteris
782 4390 810 4440 ει
820 4385 914 4440 verbis
928 4384 955 4446 D
971 4399 1026 4442 non
1037 4384 1182 4440 credimus
1192 4380 1294 4437 factam
1310 4378 1400 4435 luisse
1415 4376 1634 4432 refutationem:
1659 4376 1684 4431 si
1705 4388 1771 4431 vero

112 4475 162 4542 iam
171 4475 267 4531 edocti
281 4474 534 4543 sumus,Photium
547 4475 686 4531 moechum
697 4478 726 4529 ει
737 4487 914 4544 pervasorem
970 4480 999 4531 ει
1019 4473 1091 4529 facta
1107 4476 1159 4541 est,
1184 4467 1389 4539 irreceptibilis
1404 4471 1448 4523 est
1461 4466 1535 4536 apud
1559 4479 1619 4536 nos,
1640 4478 1674 4519 eo
1693 4463 1768 4534 quod

114 4563 265 4634 aliquando
283 4565 314 4619 ia
326 4564 517 4634 patriarchico
531 4563 633 4619 throno
648 4563 812 4620 nullatenus
824 4562 914 4619 luisse
969 4561 1116 4635 tyrannice
1129 4559 1201 4616 facta
1222 4556 1319 4628 luerit,
1333 4561 1362 4611 et
1380 4559 1485 4626 coacte,
1504 4557 1589 4624 atque
1602 4553 1710 4623 invite3
1724 4553 1770 4609 si-

116 4658 263 4723 receptum.
282 4654 363 4724 Ecce,
385 4654 507 4710 scientes
527 4653 665 4708 unitatem
688 4656 851 4708 sanctarum
863 4653 913 4708 Dei
969 4653 1084 4724 quidem
1100 4651 1153 4706 hoc
1171 4647 1254 4704 facile
1276 4643 1423 4717 perspicit.
1442 4645 1538 4713 ltaque
1558 4643 1698 4698 lacertum
1712 4653 1769 4697 non

114 4741 314 4814 Ecclesiarum,
337 4743 440 4815 utquid
458 4747 572 4813 propter
587 4742 762 4812 injustitiam
777 4746 806 4797 ει
819 4741 915 4798 verbo-
968 4747 1028 4799 est:
1044 4736 1298 4810 nequeenimquis,
1310 4749 1374 4791 cum
1384 4734 1424 4790 sit
1434 4731 1620 4789 inexsililset
1633 4730 1770 4786 extremis

115 4848 172 4890 rum
188 4832 370 4902 condictum,
384 4832 420 4888 ab
433 4832 544 4904 iniquis
565 4836 593 4887 ει
612 4844 668 4888 nou
685 4831 914 4904 intelligentibus
970 4830 1072 4903 poenis,
1086 4827 1171 4882 otiam
1188 4824 1316 4881 refutans
1331 4819 1545 4880 existimabitur
1559 4820 1716 4876 secundum
1727 4832 1770 4875 ve·

970 4936 1032 4979 rum
1050 4917 1194 4975 refutandi
1208 4916 1333 4972 modum.
1345 4916 1415 4968 Nam
1431 4909 1605 4968 omnimodis
1619 4910 1713 4965 vivere
1723 4908 1770 4964 de

970 5009 1111 5082 sperabat,
1132 5021 1182 5078 per
1194 5004 1324 5076 singulos
1337 5002 1400 5058 dies
1415 5005 1532 5058 mortem
1549 4997 1725 5069 prestolans,
1741 5002 1770 5053 ει

970 5097 1200 5170 suaeipsiusvitae
1216 5092 1346 5166 quotidie
1358 5091 1418 5161 pati
1433 5089 1636 5145 detrimentum
1649 5099 1770 5158 exspec-
1839 5117 1841 5120 >

113 4923 180 4981 viris
193 4922 330 4980 exaudiri
341 4921 558 4992 exspectamus?

144 5015 177 5069 Et.
187 5020 253 5084 post
262 5011 706 5083 completionemepanagnostici
717 5013 818 5081 jussus
828 5011 916 5067 Theo.

114 5103 208 5171 pbilus
216 5099 470 5158 laudabilissimus
481 5101 730 5170 protospatharius
739 5102 915 5171 etpraeposi-

112 5189 412 5248 tusabamicoChrisli
422 5194 450 5244 ει
462 5189 851 5262 magnoimperatorenostro,
864 5191 914 5245 in-

112 5278 669 5348 troduxitinsanctamsynodumeosqui
680 5279 806 5348 episcopi
816 5279 911 5334 Photii

112 5371 299 5440 dicebantur,
314 5366 423 5439 quibus
438 5367 468 5422 in
485 5367 577 5423 medio
591 5368 745 5438 stantibus,
760 5366 910 5423 confestim

58 5524 61 5529 ,
110 5456 911 5529 iussusStephanuslieoamicissimusdiaconussanctae

112 5547 495 5620 constantinopolitanorum
508 5546 641 5603 Ecclesia
650 5560 684 5602 ac
697 5546 818 5603 devotus
828 5552 913 5605 nota-

969 5195 1046 5247 tans:
1060 5188 1107 5244 sed
1129 5182 1315 5263 propitiabei
1337 5178 1534 5236 misericordia
1549 5177 1670 5234 salvavit
1692 5186 1768 5246 eum,

968 5270 1334 5351 quatorusbenignitasDei
1351 5267 1559 5340 manifestetur,
1574 5271 1769 5338 cicognosca-

967 5376 1015 5425 tur
1027 5367 1062 5423 ab
1074 5364 1208 5422 omnibus
1219 5361 1356 5431 lucidius,
1371 5359 1440 5430 quia
1456 5359 1505 5430 qui
1522 5371 1572 5427 pro
1587 5356 1714 5421 veritate,
1735 5365 1767 5407 ac

968 5462 1082 5528 propter
1102 5455 1152 5509 bei
1173 5451 1317 5523 justitiam
1339 5449 1463 5506 sustinet
1479 5445 1689 5512 tribulationes,
1711 5452 1765 5494 non

968 5538 1490 5608 oblivionitradeturialinemlgitur,
1503 5534 1567 5590 ideo
1582 5532 1650 5588 huic
1662 5530 1767 5586 sanctae
