3876 6090
114 249 144 308 cs
459 245 731 304 mnsnrncrnno
749 245 874 302 srmone
892 245 952 301 un
971 243 1174 302 uenenatas.
1187 277 1224 301 -.
1242 247 1343 303 herro
1356 208 1405 303 rr.
1491 210 1497 226 ’
1719 230 1794 328 ,ω’

114 372 290 443 metropolita
303 373 427 443 Catenae,
441 372 578 428 hiichacle
590 373 647 426 Deo
664 370 842 426 amicissimo
856 368 954 429 [ηε-Α
969 370 1147 438 patriarcha.
1163 375 1192 426 et
1208 371 1401 427 sanctissimis
1415 372 1544 439 vicariis,
1564 377 1620 428 tam
1642 375 1768 431 senioris

114 463 242 533 tropolita
253 460 715 528 llhodi,Photiolleoamicissimo
723 458 912 527 archiepisco

113 547 912 624 poh'acoliae,StephanoOeoamicissirnoarchiepiscopo

111 641 316 712 cypsallorum,
341 637 499 694 Athanasio
512 637 759 693 Deoamicissimo
779 636 912 706 episcopo

111 728 195 784 huilli
208 728 375 801 Magnesiae,
386 727 509 799 Georgia
521 727 577 783 Deo
588 727 766 782 amicissimo
778 726 912 795 episcopo

111 819 190 887 llelii,
202 817 353 887 Stephano
370 819 428 873 Deo
447 815 625 872 amicissimo
644 815 778 885 episcopo
792 813 910 884 Cibyrae,

111 902 913 975 hicetabeoamicissimoepiscopocephaludii,Theodo-

112 991 913 1064 roDeoamicissimoepiscopoSinopae,Basiliolleoami·

112 1085 225 1141 sissimo
241 1083 341 1155 Pyrgii
354 1083 498 1154 episcopo,
515 1083 653 1154 Gregorio
665 1084 722 1138 Deo
734 1080 911 1137 amicissimo

112 1175 243 1244 episcopo
256 1173 383 1244 hlesinae,
396 1172 545 1230 Eustathio
557 1173 614 1227 ileo
626 1171 804 1227 amicissimo
813 1170 912 1224 AEmo-

114 1262 170 1333 nia,
182 1262 376 1331 xenophonte
385 1262 443 1316 Deo
457 1259 634 1316 amicissimo
644 1260 778 1329 episcopo
788 1258 908 1328 hlilassi,

114 1353 196 1408 hone
208 1352 269 1406 Deo
283 1350 462 1406 amicissimo
478 1349 611 1419 episcopo
622 1348 805 1418 Daphnusiac,
829 1349 910 1403 Petro

114 1435 911 1508 beoamicissimoepiscopoTroadis,Samuelelleoami·

114 1527 582 1598 clssimoepiscopohntri,h'iceta
590 1525 911 1594 beoamidsstnoepis

114 1631 178 1687 copo
193 1617 316 1688 Photiae,
338 1615 500 1685 Nicephoro
514 1617 571 1671 Deo
585 1613 762 1669 amicissimo
777 1613 910 1683 episcopo

113 1702 823 1776 Tereyrorum.llisitaquctaliterconvenientibus,
832 1707 911 1757 stans

113 1795 137 1849 in
153 1794 251 1850 medio
266 1794 396 1849 Bahanes
411 1791 714 1864 magnificentissimus
730 1791 870 1860 patricius
884 1795 912 1846 et

113 1880 912 1954 prepositusdixit:Suntepiseopiduo,consecrationem

112 1971 416 2028 habentesbeatissimi
428 1969 575 2039 hiethodii,
588 1969 766 2038 Theophilus
778 1967 913 2023 etZacha·

111 2060 276 2130 riasvoeati,
284 2060 336 2130 qui
345 2059 476 2116 Photium
489 2058 659 2127 recipientes
667 2056 825 2126 dillamant,
837 2055 912 2126 quod

111 2150 264 2219 recepisset
287 2148 479 2204 Romanorum
499 2146 625 2202 Ecclesia
646 2145 788 2201 Photium.
803 2144 832 2200 Si
846 2158 913 2216 ergo

111 2239 198 2309 placet
220 2237 373 2294 sanctitati
395 2242 504 2306 restra,
528 2235 729 2307 ingrediantur
744 2234 913 2311 insanctam

110 2334 133 2383 et
148 2326 345 2384 universalem
358 2325 508 2397 synodum,
521 2328 549 2379 et
562 2323 768 2393 reiudicentur.
786 2324 914 2378 Donatus

110 2418 161 2472 beo
173 2415 375 2470 amicissimus
390 2414 543 2484 episcopus
552 2412 705 2482 Ostiensis,
717 2415 745 2466 et
754 2410 914 2481 Stephanus

110 2506 163 2561 beo
174 2504 378 2560 amicissimus
389 2503 556 2573 Nepesinus,
567 2498 916 2557 ethlartnnsneonmtcis

112 2594 200 2651 simus
214 2594 359 2648 diaconus
379 2597 484 2648 sanda
507 2591 639 2647 itomanae
662 2589 803 2660 Ecclesiae,
821 2588 914 2644 locam

112 2683 268 2739 retinentes
279 2681 400 2737 Adriani
416 2679 592 2736 sanctissimi
605 2692 683 2748 papae
695 2677 825 2748 Rotnani,
838 2676 917 2732 dixe·

113 2779 174 2829 runt
189 2772 225 2827 ad
242 2770 443 2826 sanctissimos
463 2769 587 2825 vicarios
602 2767 714 2824 sedium
735 2765 872 2833 Orientis,
888 2770 916 2820 et

112 2861 315 2917 adunirersam
326 2862 452 2915 mecum
465 2858 603 2929 synodum
612 2874 618 2910 ι
627 2856 656 2911 Si
666 2855 857 2913 consideretis
870 2869 917 2924 ap

113 2953 169 3004 tum
180 2963 253 3019 esse,
270 2948 427 3003 mittantur
438 2946 531 3016 aliqui
548 2945 583 3000 ad
600 2945 686 3015 praedi
698 2949 750 3001 *tos
771 2945 859 3015 viros,
885 2947 916 2998 ut

967 458 1071 527 homa,
1083 474 1168 530 quam
1178 460 1368 517 Orientalium
1377 460 1502 517 sedium:
1514 462 1577 516 Nisi
1588 462 1767 520 audierimus

967 553 995 603 et
1007 547 1042 603 ab
1056 549 1118 618 ipso
1134 550 1234 606 Photio
1248 551 1277 605 in
1290 556 1443 620 conspectu
1460 557 1557 607 nostro
1573 556 1675 623 stante,
1691 556 1719 607 et
1732 552 1767 608 ab

967 637 1110 707 episcopis
1121 639 1193 708 ejus,
1208 644 1236 694 et
1249 639 1287 694 iis
1299 640 1349 709 qui
1367 639 1502 695 habentes
1524 640 1766 696 consecrationem

967 723 1126 781 beatissimi
1140 727 1276 783 hiethodii
1289 732 1317 783 et
1327 728 1504 783 sanctissimi
1516 729 1620 800 ignatii
1632 734 1769 798 apostatae

967 812 1035 871 lacti
1051 821 1128 883 stant,
1144 820 1175 871 ut
1189 816 1218 871 in
1231 823 1385 886 conspectu
1401 823 1497 873 nostro
1515 817 1704 873 obstruantur
1718 831 1767 873 ora

968 903 1095 974 ipsorum
1108 919 1142 960 ex
1157 906 1305 962 canonicis
1317 912 1345 961 et
1357 906 1504 977 synodicis
1516 905 1766 976 praeceptionibus,

968 1006 1022 1048 non
1036 993 1143 1050 scribet
1155 1008 1257 1061 manus
1270 1001 1365 1051 nostra
1379 1009 1464 1051 unam
1479 996 1604 1050 litteram
1616 995 1646 1050 in
1659 995 1768 1065 synodo

967 1081 1040 1137 ista:
1056 1083 1176 1138 audiant
1190 1098 1252 1153 quae
1263 1084 1392 1154 judicata
1407 1089 1475 1140 sunt
1487 1096 1502 1138 a
1514 1084 1621 1140 seniori
1637 1084 1723 1141 homa
1737 1084 1767 1139 in

966 1176 1118 1241 conspectu
1128 1177 1235 1242 nostro,
1245 1178 1273 1228 et
1281 1173 1306 1228 si
1318 1173 1392 1228 nihil
1402 1173 1598 1229 contradicere
1610 1173 1766 1245 potuerint,

965 1260 1117 1316 sanamitur
1127 1262 1252 1317 mundus
1263 1276 1297 1317 ex
1307 1276 1449 1318 consensu
1463 1262 1601 1331 ipsorum.
1615 1261 1645 1317 Si
1659 1262 1712 1317 hoc
1722 1276 1770 1318 au·

964 1348 1132 1406 temlactum
1144 1363 1198 1406 non
1210 1349 1307 1422 luerit,
1319 1351 1427 1407 seimus
1435 1350 1503 1421 quia
1515 1351 1605 1407 nostri
1616 1364 1670 1407 non
1679 1349 1769 1422 egetis

964 1439 998 1493 ad
1013 1438 1194 1494 scribendum
1210 1440 1238 1494 in
1253 1440 1307 1495 line
1319 1454 1335 1495 a
1348 1440 1429 1496 vobis
1449 1446 1601 1510 gestorum.
1622 1438 1768 1509 Quomodo

965 1527 1041 1582 euim
1055 1527 1270 1585 subscribemus
1284 1529 1312 1584 in
1325 1529 1491 1597 hujusmodi
1502 1528 1626 1599 judicio,
1640 1527 1702 1584 illis
1714 1528 1770 1584 cla-

967 1615 1385 1687 mantibusatquedicentibus:
1395 1617 1768 1686 audiamusdepositionom

968 1708 1104 1774 nostram,
1118 1705 1296 1775 damnemur,
1308 1706 1495 1762 audientibus
1506 1706 1589 1762 nobis
1601 1711 1632 1762 ut
1643 1705 1769 1775 postulat

964 1793 1087 1864 lustitia
1097 1794 1181 1862 ratio,
1191 1800 1220 1849 et
1230 1795 1329 1850 nullus
1340 1809 1431 1850 sermo
1444 1795 1571 1864 ipsorum
1584 1794 1701 1850 htllloc
1713 1807 1769 1849 nou

967 1883 1141 1951 estiustum,
1156 1883 1199 1937 uti
1214 1897 1265 1938 nos
1277 1883 1472 1939 arbitramur:
1488 1883 1557 1954 quid
1574 1898 1641 1956 ergo
1654 1883 1769 1939 videtur

967 1970 1058 2035 vobis,
1070 1970 1155 2027 iacite
1166 1989 1172 2025 :
1184 1986 1235 2028 nos
1245 1972 1332 2040 enim,
1344 1977 1372 2027 ct
1382 1978 1533 2043 antequam
1545 1973 1655 2028 veniret
1665 1972 1770 2027 sancti-

968 2064 1012 2115 tas
1024 2065 1116 2115 vestra
1127 2073 1143 2115 a
1153 2062 1209 2116 Deo
1221 2062 1443 2115 conservandam
1458 2062 1487 2115 in
1501 2061 1647 2116 civitatem
1660 2065 1769 2115 sancto

968 2162 1031 2204 rum
1051 2149 1254 2218 imperatorum
1271 2153 1444 2218 nostrorum,
1463 2149 1589 2204 eamdem
1602 2149 1769 2217 opinionem

969 2237 1133 2306 habuimus,
1146 2242 1202 2293 mm
1212 2237 1248 2292 de
1257 2237 1370 2306 judicio
1382 2236 1541 2292 beatissimi
1554 2250 1632 2307 papae
1645 2236 1766 2307 Nicolai,

968 2339 1052 2397 quam
1068 2325 1103 2381 de
1119 2325 1280 2396 receptione
1304 2324 1481 2381 sanctissimi
1498 2338 1577 2395 papae
1590 2324 1721 2391 Adriani,
1736 2337 1769 2379 ac

967 2414 1174 2470 certificatione
1188 2419 1216 2469 et
1226 2413 1442 2469 conlirmatione
1455 2413 1633 2469 honorabilis
1644 2413 1771 2468 sacerdo-

970 2503 1008 2558 tis
1018 2501 1193 2559 sanctissimi
1204 2502 1314 2558 domini
1326 2501 1495 2571 patriarchae
1506 2502 1607 2558 nostri.
1620 2503 1686 2557 Post
1698 2500 1771 2556 vica·

970 2592 1029 2648 rios
1043 2596 1136 2647 autem
1151 2591 1278 2647 Orientis
1293 2591 1419 2646 vidimus
1433 2595 1461 2649 et
1473 2604 1531 2661 yos,
1548 2595 1576 2645 et
1591 2589 1771 2659 suscepimus

970 2684 1225 2751 tanquamsanetos
1235 2679 1388 2748 apostolos.
1402 2679 1616 2751 Rogamusergo
1628 2682 1660 2734 ut
1672 2677 1702 2733 hi
1716 2677 1767 2748 qui

970 2768 1105 2840 languent
1121 2772 1268 2838 sanentur,
1282 2772 1310 2823 et
1327 2767 1506 2840 corrigamus
1522 2768 1572 2838 qui
1593 2781 1649 2824 non
1667 2766 1772 2822 habent

970 2857 1172 2914 certitudinem
1195 2856 1337 2928 veritatis,
1352 2861 1381 2911 et
1396 2856 1541 2928 erigamus
1563 2856 1613 2928 qui
1637 2856 1771 2912 deorsum

968 2946 1073 3017 jacent.
1087 2946 1150 3001 Nisi
1164 2945 1241 3001 enim
1254 2945 1295 3000 ita
1309 2944 1366 3000 hac
1379 2945 1475 3000 omnia
1488 2944 1694 3012 discutiantur,
1708 2957 1773 2999 con·

115 3038 290 3109 interrogent
305 3036 381 3108 illos,
396 3036 481 3104 cujus
493 3034 721 3090 consecrationis
735 3040 813 3103 sunt,
827 3038 855 3088 et
867 3031 914 3087 cui
931 3035 956 3098 c
971 3035 1099 3091 scientim
1117 3034 1264 3090 hominum
1281 3048 1335 3089 non
1360 3033 1548 3095 curabuntur.
1574 3033 1772 3103 Metrophanes

114 3126 336 3181 communicant.
351 3125 452 3180 Sanch
461 3127 489 3178 et
499 3121 671 3179 universalis
683 3122 810 3192 synodus
821 3121 913 3176 dixit:

114 3213 495 3284 hptumestetconveniens.
506 3210 917 3267 Etmissiavicariissenioris

115 3303 216 3373 Romae,
237 3302 408 3358 Pancratius
421 3301 575 3372 religiosus
591 3299 725 3369 clericus,
740 3299 776 3354 ab
788 3279 918 3355 Orientis

115 3406 178 3446 roro
188 3391 318 3459 vicariis,
329 3390 459 3445 Ananias
475 3388 629 3460 religiosus
642 3387 776 3456 clericus,
788 3401 804 3442 a
817 3391 917 3442 senatu

115 3487 206 3536 autem
221 3480 381 3551 Gregorius
405 3479 530 3548 inclytus
545 3476 685 3546 spatharii
706 3475 915 3544 cubicularius,

115 3569 250 3624 dixerunt
264 3568 327 3624 illis
338 3586 345 3622 :
358 3569 457 3623 Sancta
471 3570 499 3622 et
512 3565 684 3623 universalis
696 3565 822 3635 synodus
838 3564 918 3619 misit

116 3673 174 3728 nos,
199 3663 231 3713 ut
256 3659 474 3730 interrogemus
499 3669 558 3725 vos,
585 3655 669 3723 cujus
692 3652 917 3709 consecrationis

116 3747 182 3802 sitis
192 3753 221 3802 et
233 3747 280 3802 cui
292 3744 522 3802 communicetis.
538 3742 715 3813 Theophilus
725 3746 753 3798 et
767 3741 918 3797 acharias

116 3835 258 3906 quondam
272 3834 401 3904 episcopi
414 3833 551 3889 dixerunt
565 3850 571 3886 :
586 3834 643 3888 Nos
655 3831 766 3894 domini
779 3828 916 3885 hiethodii

115 3937 213 3980 sumus
239 3921 491 3990 consecrationis,
513 3919 790 3976 communicavimus
821 3921 916 3972 autem

116 4011 231 4068 domino
242 4010 345 4066 Photio
357 4009 534 4080 patriarcha.
546 4009 579 4063 Et
589 4006 710 4063 reversis
721 4006 767 4062 his
776 4006 826 4078 qui
836 4004 918 4061 missi

117 4105 181 4154 sunt
202 4100 277 4155 lecta
296 4104 340 4154 est
354 4112 408 4154 vox
429 4097 580 4167 Theophili
600 4102 628 4151 et
648 4095 789 4151 Zachariae
810 4093 919 4150 dudum

118 4188 317 4259 episcoporum
334 4201 384 4257 per
396 4186 573 4242 Theodorum
590 4185 686 4241 virum
702 4183 835 4239 devotum
849 4195 865 4237 a
880 4194 920 4237 se·

118 4278 201 4333 cretis
222 4277 252 4333 in
276 4276 370 4331 medio
390 4279 494 4331 sanctae
515 4279 543 4330 et
565 4271 736 4330 universalis
758 4270 858 4342 synodi
886 4270 916 4325 in

970 3121 1769 3193 DeoamicissimusmetropolitaSmyrnaesurgensdixit:

970 3212 1092 3268 Divinus
1101 3211 1249 3282 apostolus
1261 3212 1300 3267 ita
1313 3211 1427 3281 inquit:
1437 3212 1597 3280 Prophettns
1607 3212 1689 3264 nolite
1699 3225 1773 3279 sper-

971 3316 1034 3354 nere
1048 3319 1056 3363 ς
1072 3303 1162 3354 omnio
1183 3305 1273 3354 cutem
1289 3299 1446 3369 molientes,
1469 3300 1543 3367 quod
1565 3299 1664 3352 bonum
1682 3302 1722 3352 est
1733 3313 1774 3352 re·

972 3391 1053 3442 tiarte
1076 3388 1100 3457 (l
1124 3389 1213 3441 Thess.
1240 3388 1275 3458 v).
1298 3387 1502 3442 sanctissimos
1527 3387 1625 3456 itaque
1648 3386 1772 3441 vicarios

972 3476 1096 3533 senioris
1118 3475 1213 3530 Romae
1228 3480 1260 3529 ut
1276 3473 1430 3543 prophetas
1452 3474 1652 3542 suscipientes,
1670 3488 1774 3544 trequa-

972 3578 1056 3635 quam
1075 3563 1246 3633 spernimus.
1261 3561 1414 3617 Probantes
1429 3566 1522 3617 autem
1543 3561 1627 3617 verba
1646 3562 1773 3632 magnill-

972 3653 1202 3715 centissimorum
1226 3650 1400 3721 principum,
1422 3650 1583 3706 invenimus
1600 3664 1632 3705 ea
1647 3651 1724 3719 justa
1744 3656 1773 3706 et

972 3741 1175 3812 congruentia:
1189 3744 1217 3795 et
1230 3744 1376 3810 propterea
1388 3738 1474 3794 etiam
1486 3738 1613 3808 episcopi
1624 3751 1732 3808 omnes,
1744 3742 1773 3793 et

972 3835 1069 3886 saneta
1088 3829 1146 3885 haec
1163 3828 1297 3899 synodus,
1316 3825 1442 3882 lavemus
1459 3827 1646 3897 postulationi
1667 3826 1774 3890 maeni-

973 3918 1222 3975 ilcentissimorum
1243 3916 1416 3987 principum,
1431 3920 1463 3971 ut
1474 3916 1674 3972 examinentur
1686 3915 1732 3971 illi
1745 3918 1773 3971 et

974 4008 1195 4080 interrogentur,
1209 4006 1234 4062 si
1248 4005 1389 4075 recipiant
1406 4019 1454 4060 eos
1463 4005 1577 4074 jndices
1590 4022 1597 4058 ε
1614 4010 1642 4061 et
1656 4010 1772 4075 accepto

974 4097 1036 4154 loco
1049 4094 1265 4164 satisfactionis,
1280 4094 1305 4149 si
1317 4093 1591 4163 quidemjustillcati
1607 4091 1725 4157 luerint,
1741 4097 1773 4150 ut

974 4187 1071 4244 cuncti
1083 4185 1204 4241 libenter
1214 4183 1424 4252 suscipiamus:
1438 4182 1462 4239 si
1474 4195 1539 4238 vero
1549 4181 1676 4237 damnati
1688 4182 1773 4241 exsti·

979 4276 1072 4346 tertnt,
1088 4278 1119 4331 ut
1130 4287 1226 4329 omnes
1238 4271 1429 4342 acquiescant.
1445 4272 1526 4326 Nune
1539 4284 1606 4342 ergo
1618 4271 1772 4342 exigantur

119 4366 295 4422 audientiam
316 4364 455 4434 omnium,
469 4368 497 4418 et
512 4367 609 4418 sancta
634 4360 759 4431 synodus
782 4358 920 4415 exclama·
934 4356 960 4417 D
975 4376 1005 4421 rn
1020 4363 1137 4433 scriptis
1152 4361 1245 4432 lateri,
1262 4360 1287 4415 si
1308 4360 1378 4415 hanc
1398 4364 1523 4415 sanctam
1539 4364 1566 4414 et
1581 4358 1771 4415 universalem

118 4453 157 4509 rit
169 4473 176 4507 :
189 4454 236 4510 Sit
249 4454 345 4524 portio
359 4451 509 4521 Theophili
523 4458 551 4506 et
563 4449 705 4506 Zachmiae
727 4463 791 4504 curn
806 4447 916 4505 Photio.

119 4544 181 4600 Post
192 4541 541 4615 hacmagniilcentissimi
555 4544 583 4595 ot
593 4538 798 4612 gloriosissimi
814 4537 922 4607 princi·

121 4648 169 4704 pes
180 4648 229 4704 per
243 4633 385 4689 bahanem
399 4629 713 4701 magnificentissimum
727 4626 879 4698 patricium
891 4631 919 4682 et

120 4724 303 4795 prepositum
325 4722 483 4777 dixerunt:
510 4722 696 4789 imperatores
716 4717 806 4773 nostri
826 4716 918 4772 saneti

119 4813 259 4871 miserunt
271 4825 368 4868 servos
383 4823 460 4879 suos,
475 4809 524 4879 qai
536 4813 652 4864 senatus
664 4813 790 4877 vocatur,
803 4805 852 4877 qui
866 4819 920 4861 ro-

119 4901 227 4958 luntate
245 4900 296 4956 llei
311 4900 359 4955 hic
372 4899 529 4954 honoratus
543 4902 585 4953 est
600 4896 756 4952 secundum
769 4895 874 4966 omnia,
888 4901 919 4951 ut

118 4992 207 5048 simus
218 4989 349 5046 districti
362 5001 461 5043 eorum
474 5000 539 5057 quae
553 4990 692 5058 geruntur
713 4985 871 5041 auditores.
888 4983 917 5040 Si

119 5073 917 5151 sultisergoanobis,sieutsehabetordosynodicus,in

119 5169 170 5226 ine
180 5173 329 5226 sanetaeac
341 5164 513 5222 universalis
525 5163 611 5232 hujus
621 5162 721 5233 synodi
733 5163 846 5235 exigere
858 5175 919 5231 pro

119 5260 193 5329 prias
205 5255 439 5325 subscriptiones
455 5267 503 5323 per
515 5267 558 5308 me
572 5251 723 5324 indignum
733 5265 845 5307 servum
857 5263 919 5306 san-

117 5353 225 5404 ctorum
239 5347 446 5415 imperatorum
459 5346 629 5410 nostrorum,
641 5341 737 5397 cuncti
749 5339 851 5395 iratres
862 5339 917 5395 mei

118 5443 143 5494 et
157 5431 343 5508 compatricii
366 5429 662 5488 dieuntsanctissimo
682 5428 798 5486 domino
821 5433 918 5486 nostro

149 5556 256 5612 ¹Forte
270 5552 403 5623 ipsorum.

972 4452 1121 4525 synodum,
1131 4457 1158 4508 et
1167 4448 1484 4522 quaeabeajudicantur
1493 4447 1659 4519 admittunt,
1669 4452 1697 4502 et
1704 4448 1770 4517 jure

974 4541 1180 4614 ingrediantur.
1207 4537 1385 4595 sanctissimi
1411 4537 1513 4593 vicarii
1538 4536 1661 4592 senioris
1676 4537 1770 4593 Romae

972 4631 1125 4688 dixerunt:
1141 4631 1176 4684 Et
1185 4642 1257 4699 quos
1274 4627 1374 4682 dicitis
1393 4625 1537 4682 introduci
1553 4626 1686 4698 ignorant
1698 4627 1768 4697 quid

970 4719 1112 4788 judicavit
1124 4722 1220 4773 sancta
1234 4717 1357 4772 hemana
1370 4714 1652 4771 Ecclesia‘lilahanes
1663 4715 1771 4788 magni·

974 4807 1177 4864 licentissimus
1197 4805 1337 4876 patricius
1350 4810 1379 4860 et
1397 4803 1566 4874 praepositus
1582 4802 1675 4858 dixit:
1693 4807 1772 4874 igno

974 4902 1055 4953 rant:
1070 4908 1133 4951 cum
1147 4895 1222 4949 enim
1238 4908 1291 4951 non
1309 4897 1404 4950 essent
1423 4892 1539 4965 ibidem,
1561 4906 1610 4949 nec
1622 4893 1770 4949 audissent

973 5000 1045 5056 opns
1060 4988 1183 5040 vestrum
1202 4981 1356 5051 infaciem,
1374 4982 1486 5054 qualem
1505 4982 1707 5039 certitudinem
1724 4982 1772 5038 ha·

972 5071 1771 5141 bereillosexauditurultisadsuamipsius·condem·

973 5162 1141 5220 nationem?
1155 5163 1282 5217 Donatus
1302 5165 1329 5215 et
1348 5160 1509 5230 Stephanus
1529 5162 1578 5217 Dei
1599 5159 1768 5217 amicissimi

972 5252 1109 5326 episcopi,
1138 5255 1166 5306 et
1191 5250 1319 5305 blarinus
1348 5250 1602 5307 reverendissimus
1630 5249 1770 5305 diaconus

972 5348 1077 5400 sancta
1090 5341 1221 5396 itomanae
1242 5337 1385 5406 Ecclesia,
1413 5339 1591 5394 sanctissimi
1614 5336 1717 5393 vicarii
1730 5349 1771 5390 se-

973 5431 1066 5489 nioris
1076 5431 1169 5487 ltomae
1181 5427 1337 5486 dixerunt:
1353 5427 1441 5483 Nobis
1460 5441 1515 5484 non
1529 5426 1595 5482 licet
1608 5423 1769 5482 rescindere
