3876 6090
129 287 166 348 79
725 276 904 335 nunsnasn
926 276 1197 334 effluofflmnml
1749 276 1788 336 80

129 416 164 471 ad
177 428 237 484 vos,
250 417 279 469 et
295 407 503 466 satifactionem
517 407 661 478 pronobis
676 406 806 461 idoneam
829 402 925 460 iaciat.
942 402 972 462 A
1019 406 1122 475 Etpost
1141 404 1788 478 hujusmodiallocutionem,magnificentissi-

128 503 316 561 Nobisautem
334 497 575 570 pervenientibus,
591 501 619 552 et
634 495 804 566 degentibus
818 494 865 549 iric
879 506 929 562 per
985 510 1048 551 mus
1059 493 1197 564 patricius
1206 499 1235 549 et
1248 494 1417 563 prepositus
1432 494 1558 549 bahanes
1568 493 1657 549 dixit:
1675 496 1710 550 Et
1722 509 1789 550 nos-

129 594 202 650 duos
222 591 339 646 circiter
350 602 450 659 annos,
474 585 702 656 anticipantibus
727 582 927 639 sanctissimos
985 586 1037 641 lroc
1047 597 1257 641 commonemus
1267 596 1330 639 enm
1341 588 1370 638 et
1383 582 1581 639 consiliamur.
1593 583 1701 639 Deinde
1712 583 1788 640 acci·

129 681 254 738 vicarios
265 678 390 735 senioris
398 678 492 732 Rome
502 675 631 745 inposuit
645 687 732 743 super
743 672 816 728 colla
828 678 925 726 nostra
984 674 1065 743 piens
1089 672 1254 729 Theodorus
1277 672 1423 728 devotusa
1439 671 1567 739 secretis,
1593 669 1662 742 legit
1687 685 1784 742 quasa

129 769 292 839 encolpium
303 764 548 836 *suum,ctdinit:
565 759 927 832 Eccey'udicinmls'cclesle
982 761 1175 817 sanctissimis
1189 760 1306 816 vicariis
1319 760 1443 816 senioris
1454 760 1549 817 Rome
1562 759 1688 816 breviter
1703 761 1783 818 edita

127 860 224 930 exigat
246 858 321 913 Deus
334 870 350 911 a
365 854 525 911 cervicibus
538 853 641 908 vestris
662 852 692 907 in
708 849 880 921 dieiudicii,
896 852 928 904 ut
982 856 1059 921 sunt,
1072 850 1206 907 habentia
1217 850 1274 906 ita:
1293 849 1424 920 Vidistis,
1441 847 1721 920 transcendisset
1736 862 1787 907 au-

149 949 203 1004 ihil
215 947 330 1003 lactatis
345 959 394 1016 per
406 944 541 1016 levorem,
566 957 656 1014 neque
671 955 721 1011 per
738 939 870 1013 gratiam,
882 937 925 994 vel
981 940 1068 996 distis
1081 955 1143 1011 quae
1153 953 1187 996 ev
1214 940 1304 996 multo
1328 944 1454 1009 tempore
1478 938 1556 994 dicta
1571 944 1599 995 et
1614 942 1692 1010 gesta
1715 943 1787 996 sunt

126 1038 234 1096 odium.
249 1036 411 1108 congruum
424 1034 501 1090 enim
514 1032 596 1089 vobis
607 1037 650 1087 est
667 1032 701 1087 ad
717 1036 825 1087 tantam
841 1042 926 1084 sene-
980 1029 1016 1085 de
1031 1029 1195 1100 hujusmodi
1211 1042 1296 1085 causa
1310 1046 1316 1082 :
1331 1033 1359 1084 et
1373 1029 1509 1099 apparuit
1531 1028 1666 1085 omuibus
1689 1027 1783 1100 vobis,

127 1133 233 1184 etutem
247 1123 486 1197 pertingentibus,
505 1122 546 1178 nil
561 1120 653 1178 lacere
669 1119 826 1176 secuudum
841 1131 926 1173 acce-
981 1117 1049 1188 quia
1063 1118 1335 1189 irreceptibiliserat
1346 1118 1689 1188 promotiohuy'usviri,et
1701 1119 1786 1188 depe-

127 1208 924 1288 peiorempersonarum,velpraeterjustniam.scriptum
980 1210 1049 1266 sitio
1059 1208 1235 1266 sanctissimi
1247 1208 1416 1279 patriarcnae
1426 1207 1572 1281 ignatiide
1583 1207 1710 1265 sedesua
1720 1208 1785 1265 sine

125 1310 169 1362 est
191 1304 285 1362 enim:
304 1305 344 1359 Ne
371 1302 524 1356 miserearis
544 1300 677 1371 pauperis
691 1300 721 1352 in
741 1297 859 1368 judicio,
876 1312 925 1351 nec
977 1298 1092 1368 justitia
1104 1301 1133 1354 et
1142 1298 1205 1353 sine
1215 1297 1327 1370 legibus
1337 1295 1510 1353 lueratacta.
1523 1298 1580 1353 Nos
1589 1310 1657 1368 ergo
1670 1310 1727 1353 non
1738 1312 1786 1355 no-

125 1396 244 1465 eccipios
269 1408 396 1463 personna
418 1392 538 1461 potentis
566 1386 657 1459 (Proo.
689 1385 773 1461 nxrv)
801 1389 836 1442 Et
873 1400 924 1442 nos
979 1402 1045 1443 vum
1060 1386 1177 1458 aliquod
1191 1386 1232 1441 vel
1250 1400 1346 1442 recens
1361 1385 1505 1456 iudicium
1513 1384 1721 1459 judicabimus,
1733 1393 1784 1444 ant

126 1483 217 1556 igitur
237 1482 273 1538 ab
290 1482 382 1538 amico
405 1479 513 1536 Claristi
539 1478 710 1548 imperatore
733 1476 924 1546 suscipientes
981 1475 1783 1547 introducemus,sedvetusexmultotemporejudicatum

121 1570 292 1643 judiciumb
309 1571 365 1638 ,ita
379 1568 578 1639 disposuimus
589 1569 927 1638 extuncusquenunc,ut
981 1565 1096 1636 quidem
1111 1579 1126 1621 a
1140 1564 1322 1621 sanctissimo
1337 1568 1365 1620 et
1379 1563 1546 1620 beatissimo
1564 1576 1633 1634 papa
1648 1564 1780 1636 Nicolao,

123 1661 232 1731 expetit
239 1659 450 1731 lustitiaemtio.
462 1660 559 1729 Neque
569 1657 656 1727 enim,
665 1656 799 1726 quoniam
807 1655 926 1711 sanctis
981 1654 1124 1710 llrmatum
1135 1658 1251 1710 autema
1261 1652 1521 1723 sanctissimopapa
1532 1651 1658 1709 Adriano
1669 1670 1676 1725 3
1688 1656 1783 1709 etnon

123 1750 216 1806 simus
226 1745 661 1820 patriarcbalgnatiuspresidet
672 1745 762 1801 inlroc
773 1745 885 1811 throno,
896 1748 925 1800 et
939 1726 965 1787 Β
980 1758 1132 1814 possumus
1144 1741 1294 1799 transferri
1315 1741 1359 1798 vel
1380 1742 1550 1798 commoveri
1563 1755 1579 1797 a
1596 1742 1724 1812 paternis
1737 1742 1784 1798 de·

124 1833 923 1909 potensest,intalipositusprincipatuideonccipiemus
979 1830 1781 1903 finitionibusetlegibus,nequedeclinareaddexteram

124 1926 226 1982 taciem
241 1927 321 1995 ejus:
340 1938 441 1996 neque,
466 1924 534 1994 quia
550 1923 595 1978 vir
621 1923 678 1978 iste
692 1923 812 1980 Plrotius
838 1930 921 1996 astat,
978 1921 1020 1977 vel
1036 1921 1071 1977 ad
1084 1921 1252 1988 sinistram,
1269 1920 1465 1989 scriptumest
1481 1920 1557 1976 enim
1571 1937 1577 1974 :
1592 1920 1671 1974 Audi
1680 1921 1780 1990 yttimr',

124 2015 267 2071 etidcirco
278 2027 450 2085 pauperesse
463 2015 590 2082 putatur,
606 2012 925 2082 proptereacondemna·
980 2011 1048 2078 lepos
1069 2012 1160 2081 petras
1184 2012 1235 2073 tui,
1264 2015 1291 2064 et
1314 2025 1348 2063 ne
1373 2010 1489 2079 repelles
1512 2009 1581 2078 jura
1606 2011 1702 2064 metris
1729 2015 1782 2065 tua

123 2091 924 2175 bimuseum,autmiserebimurirrationabiliter.ltaque
979 2097 1123 2170 (Proui).
1140 2099 1192 2155 Sed
1217 2098 1352 2154 etiamen
1373 2097 1513 2154 iratribus
1535 2098 1643 2154 nostris
1655 2097 1780 2156 vicariis

123 2189 415 2261 protundumsilentii
430 2188 641 2259 ejusaspicitis,
656 2189 773 2258 pcnenil
787 2190 924 2260 patientis
978 2187 1105 2244 Orientis
1115 2187 1250 2258 audistis,
1262 2188 1330 2258 quia
1342 2201 1488 2258 nunquam
1499 2187 1657 2258 aliquando
1668 2201 1779 2258 recepe

123 2279 204 2350 loqui
218 2281 253 2336 ad
269 2285 366 2336 sancta
382 2278 532 2348 synodum,
548 2277 669 2347 eoquod
686 2277 805 2347 adiiciat
822 2278 923 2350 utique
979 2280 1048 2332 runt
1055 2290 1119 2333 eum
1131 2277 1160 2331 in
1172 2290 1314 2333 summum
1321 2276 1603 2346 sacerdotem.Quem
1611 2290 1678 2349 ergo
1687 2289 1781 2347 neque

125 2367 215 2440 illam,
230 2367 457 2437 nullomodoquc
470 2366 599 2436 recipiat,
614 2366 691 2423 sicut
703 2366 788 2422 etiam
801 2381 850 2437 per
862 2382 925 2437 pro
979 2366 1059 2421 sedes
1079 2371 1176 2423 nostra
1199 2365 1367 2438 apostolica,
1391 2379 1482 2437 neque
1497 2365 1577 2422 sedes
1604 2369 1774 2436 receperunt

125 2455 186 2524 pria
195 2454 279 2510 verba
290 2456 315 2511 si
320 2455 472 2525 gnificavit.
483 2455 640 2526 Egoautem
654 2455 789 2525 quoniam
800 2457 849 2511 bei
864 2470 925 2527 gra·
978 2454 1180 2525 Orientalium,
1192 2455 1258 2526 quis
1276 2454 1312 2511 de
1326 2461 1426 2511 cetero
1440 2454 1573 2525 ulterius,
1593 2454 1779 2511 Christianus

125 2544 195 2602 tiam
208 2548 477 2623 peromnesseptem
486 2543 727 2614 annossyncellus
739 2559 801 2600 sum
819 2545 924 2601 Hiero-
979 2557 1041 2599 esse
1050 2543 1157 2612 volens,
1169 2535 1376 2613 suscipietsed
1389 2543 1473 2598 talem
1483 2542 1779 2613 conatumabjicimus

15 2676 17 2681 -
123 2631 839 2705 solymitanorumEcclesiae,scioplanequianeque
851 2633 925 2689 litte·
978 2632 1301 2697 etanatlrcmatiaamus,
1314 2646 1349 2687 ne
1369 2632 1600 2688 ulteriuscontra
1620 2632 1776 2689 Ecclesiam

124 2722 365 2793 rassuscepimus,
379 2735 470 2791 neque
482 2720 647 2777 remisimus
654 2718 768 2790 penitus
782 2722 820 2785 ei,
836 2722 923 2778 sedet
979 2721 1047 2777 talis
1058 2721 1192 2792 quaelibet
1203 2722 1261 2778 alia
1272 2720 1344 2778 lorte
1357 2722 1387 2777 in
1406 2735 1488 2778 omne
1502 2721 1638 2778 saeculum
1650 2721 1778 2795 maligna

123 2814 178 2869 iste
192 2810 393 2868 sanctissimus
418 2810 539 2866 Thomas
560 2809 740 2880 metropolita
766 2810 833 2881 Tyri
850 2811 920 2882 quid
979 2811 1274 2883 introducaturactio,
1287 2808 1647 2882 nequetemereaclacilea
1659 2813 1776 2869 munda-

122 2897 643 2969 locutusiuerittrequenteraudistis3
660 2898 833 2955 similiteret
846 2913 921 2957 nunc
978 2913 1012 2956 na
1028 2905 1179 2970 postestate
1188 2900 1323 2970 ejiciatur
1334 2898 1481 2971 legitimus
1488 2898 1626 2970 pontifex,
1640 2904 1668 2956 et
1679 2915 1730 2971 pro
1741 2915 1774 2957 eo

120 2988 267 3045 alllrmans
278 2987 434 3060 dicitquod
444 2987 524 3043 sedes
532 2986 709 3043 antiochena
723 3001 813 3060 neque
827 3003 921 3045 susce·
977 2988 1149 3061 subrogetur
1161 2987 1234 3044 alter
1247 2989 1347 3059 inique
1363 3002 1396 3044 ac
1418 2988 1581 3060 illegaliter.
1598 2988 1672 3058 Quid
1684 2990 1778 3062 ergo?

120 3078 196 3148 perit
211 3078 346 3134 litterasa
357 3076 470 3146 Plotio,
481 3090 572 3147 neque
585 3077 730 3132 remiserit
743 3081 921 3148 unquam;et
936 3067 960 3131 C
977 3077 1261 3147 placetvobisscnsus
1272 3077 1378 3149 iste,an
1392 3076 1774 3150 noniEtsiquidemplacet,

120 3168 211 3224 multo
225 3171 291 3222 ante
306 3170 410 3222 sanctur
418 3166 608 3222 Romanorum
618 3165 748 3221 Ecclesia
762 3165 917 3236 superipso
975 3166 1043 3222 talia
1059 3172 1127 3223 sunt
1143 3171 1249 3237 nostra,
1260 3172 1289 3222 et
1300 3166 1504 3236 nostraesedis3
1518 3166 1593 3236 qnod
1607 3167 1633 3223 si
1643 3167 1777 3237 apudvos

28 3324 33 3335 Ἰ
118 3258 264 3313 decretum
277 3254 470 3326 didicistis,et
482 3254 640 3325 agnovistis
648 3255 721 3324 quod
734 3254 918 3311 beatissimus
973 3268 1030 3312 non
1044 3254 1153 3312 luerint
1166 3255 1365 3326 acceptabilia,
1377 3268 1428 3311 nos
1443 3260 1536 3311 tanen
1552 3269 1639 3327 super
1652 3261 1776 3313 montem

119 3358 190 3416 papa
200 3343 336 3401 Nicolaus
347 3343 549 3416 promulgavit:
566 3350 921 3414 etconsequentersucces·
973 3345 1116 3402 excelsum
1128 3345 1227 3416 synodi
1241 3345 1425 3401 ascendemus
1442 3348 1470 3400 et
1479 3345 1670 3401 exaltabimus
1680 3344 1710 3401 in
1722 3344 1778 3402 lor·

118 3448 166 3491 sor
180 3433 243 3503 ejus
257 3433 411 3489 Adrianus.
440 3433 496 3489 lloc
522 3435 616 3489 autem
634 3433 662 3488 in
692 3433 917 3501 praecedentibus
974 3434 1100 3490 titudine
1123 3447 1218 3491 vocem
1244 3438 1380 3504 nostram,
1405 3434 1631 3505 evangelizantes
1648 3434 1731 3491 vobis
1746 3440 1773 3491 et

118 3522 259 3578 nostriset
267 3520 781 3592 pradicimusetdemonstrativimus,
789 3520 919 3577 etoblroc
974 3522 1217 3592 consequentiam,
1230 3535 1292 3592 que
1304 3520 1475 3592 lacessere
1486 3536 1534 3579 ore
1545 3523 1775 3596 promulgataest

116 3610 357 3667 etiamnuncdlco
371 3622 515 3677 commeo,
532 3607 920 3680 eliniacleipsius,videnti·
974 3615 1139 3666 sanctorum
1165 3611 1280 3666 Patrum
1305 3615 1468 3666 nostrorum
1487 3625 1503 3668 a
1523 3612 1615 3685 gratia
1647 3612 1775 3683 Spiritus

118 3700 173 3758 bus
188 3699 281 3756 oculis
295 3699 358 3768 elus
372 3701 400 3751 et
414 3696 600 3753 audientibus
614 3697 735 3752 auribus
751 3697 853 3766 ipsius.
871 3700 920 3754 Est
975 3699 1077 3754 sancti.
1087 3700 1189 3768 Etpost
1203 3699 1363 3768 lectionem,
1377 3700 1554 3756 sanctissimi
1562 3700 1664 3757 vicarii
1675 3702 1777 3758 senio-

119 3789 324 3845 condemnatus
336 3784 442 3855 quippe
457 3784 506 3854 qui
519 3790 627 3840 nonest
639 3789 769 3855 receptus
784 3787 858 3855 apud
869 3787 921 3842 ali·
975 3787 1274 3844 risltomaedirerunt:
1292 3787 1332 3844 nd
1346 3788 1405 3845 llaec
1420 3789 1571 3860 quiddicit
1585 3795 1683 3846 sancta
1695 3804 1777 3861 syno-

118 3890 203 3946 quam
210 3873 446 3945 patriarchalium
454 3873 576 3944 sedium,
585 3878 613 3929 et
629 3873 921 3944 maleaciny'ustestu-
974 3875 1049 3933 dus‘l
1060 3876 1132 3933 Sunt
1143 3876 1390 3949 necquaeanobis
1402 3878 1607 3947 perlectionem
1618 3878 1696 3936 dicta
1707 3884 1776 3935 sunt

117 3963 184 4020 duit
196 3961 413 4032 hodiesilentio,
426 3966 458 4016 ut
469 3961 729 4037 lrincvideaturpea
739 3963 920 4020 taciturnita·
973 3969 1001 4020 et
1012 3965 1088 4034 apud
1101 3979 1150 4021 vos
1161 3965 1295 4034 accepta?
1304 3965 1405 4022 Sancta
1416 3971 1444 4022 et
1458 3967 1631 4024 universalis
1646 3967 1775 4038 synodus

117 4058 171 4108 tem
189 4050 292 4108 habere
318 4051 454 4123 quasdam
479 4050 618 4106 rationes:
637 4051 817 4122 nequeenim
833 4052 918 4108 habet
972 4053 1161 4110 exclamavit:
1178 4053 1343 4125 llecipimus
1363 4055 1478 4113 omnia:
1496 4056 1577 4113 valdo
1588 4056 1695 4127 quippe
1706 4061 1775 4112 sunt

117 4140 192 4213 quod
204 4140 367 4210 opponatad
381 4140 427 4196 sui
438 4139 683 4210 justificationem.
697 4140 827 4197 Universi
839 4141 915 4197 enim
971 4142 1105 4213 discreta,
1117 4147 1144 4198 et
1154 4156 1290 4215 congrua,
1301 4148 1330 4200 et
1340 4158 1464 4202 consona
1477 4145 1683 4203 ecclesiasticis
1694 4159 1776 4219 regu-

118 4229 917 4302 scimus,etqualitervlactyrannidetlrronumConstan-
972 4231 1776 4305 lisatquelegibus.Donatusbeoamicissimusepisco-

117 4318 340 4389 tinopoliunum
354 4318 503 4390 insilierit,
510 4322 538 4373 et
553 4319 651 4389 quales
661 4320 840 4388 operatussit
854 4319 914 4376 obti
971 4336 1024 4391 pus
1034 4320 1391 4391 Ostiae,etSteplranusDeo
1401 4322 1612 4380 amiscissimus
1622 4324 1775 4395 episcopus

117 4422 188 4464 nens
202 4407 296 4464 adhuc
310 4407 593 4479 eumdemtlrronum,
611 4408 816 4478 inquctudines
828 4413 914 4479 atque
930 4414 957 4476 D
971 4412 1064 4480 Nepae,
1075 4411 1239 4466 etblarinus
1252 4411 1506 4469 reverendissimus
1520 4413 1659 4469 diaconus
1670 4418 1775 4470 sancte

9 4498 12 4503 '
116 4497 291 4567 tyrannides.
308 4495 810 4571 Nuncergocensiliumdamusei,et
822 4499 917 4555 admo·
973 4500 1104 4555 Romanoa
1115 4499 1404 4556 Ecclesiaedirerunt:
1417 4503 1490 4574 Ergo
1500 4502 1687 4559 admonemus
1696 4515 1774 4569 eum,

117 4597 227 4655 nemus,
237 4598 294 4655 quo
304 4589 710 4656 cognoscatpeccatumsuum,
726 4587 784 4642 etsi
801 4586 917 4659 quidem
974 4589 1016 4645 uti
1034 4588 1162 4659 procidat
1177 4593 1281 4644 sancte
1294 4588 1361 4644 huic
1376 4591 1493 4662 synodo,
1509 4595 1537 4646 et
1549 4590 1668 4647 inclinet
1683 4590 1771 4646 cervi·

117 4673 315 4744 poenitentiam
330 4674 422 4745 egerit
448 4672 596 4729 manifeste
618 4688 651 4730 ac
665 4675 817 4732 sinceriter
831 4690 918 4748 super
972 4692 1032 4734 cem
1047 4691 1127 4733 suam
1143 4677 1325 4734 sanctissimo
1350 4673 1519 4748 patriarchae
1542 4679 1654 4752 ignatio
1669 4692 1723 4735 suo
1739 4679 1774 4735 ad

117 4761 274 4831 injustitiis
298 4762 370 4832 suis,
386 4767 415 4818 et
429 4761 564 4819 omnibus
588 4763 672 4819 malis
688 4764 794 4835 qnibns
817 4765 913 4822 orbem
972 4766 1166 4839 poenitendum
1182 4780 1269 4837 super
1283 4766 1321 4823 iis
1346 4781 1408 4838 que
1423 4768 1522 4841 gessit,
1544 4766 1768 4825 eteidciendum

115 4849 245 4922 replevit,
253 4851 430 4921 suscipiatur
440 4852 469 4907 in
479 4851 587 4908 Christi
597 4852 851 4911 salvatorisnostri
868 4857 916 4913 Eo-
970 4856 1127 4913 membrum
1143 4860 1247 4912 sancta
1258 4856 1394 4927 Ecclesia,
1409 4870 1442 4912 ac
1466 4871 1495 4913 se
1510 4857 1679 4914 sociandum
1693 4856 1776 4913 Cirri-

114 4939 213 5010 clcsia,
230 4940 469 5010 quemadmodum
482 4942 683 5014 unusquisque
698 4942 837 5015 lidelium,
855 4948 915 5000 tan·
968 4941 1772 5021 stianorumsanctacommunioni,utimoslal.,utunus]

115 5041 200 5099 quam
210 5027 316 5085 babens
325 5043 402 5098 spem
413 5029 479 5086 vita
490 5032 633 5103 perennis,
644 5037 738 5089 ctnon
750 5032 912 5102 suscipiata
968 5033 1362 5104 bdeliumlaicorum,utiliat
1381 5033 1411 5089 in
1421 5033 1534 5092 lucrum
1546 5051 1589 5093 uae
1606 5036 1701 5106 ipsius
1711 5034 1771 5091 ani·

113 5118 171 5173 Deo
185 5117 387 5174 certitudinem
398 5120 606 5176 eternaeruinae
616 5125 702 5190 atque
714 5120 912 5178 dumuatiouis
968 5138 1020 5180 mae
1029 5130 1115 5193 atque
1127 5136 1244 5179 suorum
1253 5164 1260 5190 ,
1269 5123 1336 5178 licet
1346 5123 1529 5195 sintquidam
1546 5139 1610 5182 eum
1619 5126 1701 5198 sequi
1711 5141 1775 5198 pro.

113 5219 164 5275 per
177 5207 337 5278 anatliema,
354 5208 429 5278 quod
445 5208 535 5265 multo
550 5215 616 5265 ante
631 5208 729 5264 datum
745 5214 789 5264 est
800 5210 836 5265 ei.
954 5216 1110 5284 ponentes.
1122 5211 1248 5268 &hanes
1267 5209 1478 5270 famosissimus
1489 5214 1630 5285 patricius
1649 5222 1678 5273 et
1694 5230 1773 5288 pre-

147 5380 160 5408 ¹
173 5366 342 5438 Encolpium
370 5372 414 5424 est
428 5367 503 5440 quod
516 5367 546 5425 ln
573 5367 641 5426 sinu
657 5373 786 5439 portatur
802 5370 911 5443 :colpos
967 5375 1001 5433 ad
1012 5376 1118 5435 collum
1143 5383 1170 5434 et
1181 5376 1234 5435 lroc
1244 5383 1287 5436 est
1297 5379 1373 5450 qued
1386 5382 1489 5436 vocant
1502 5377 1676 5449 encolpium.

111 5437 188 5494 enim
212 5440 318 5510 Graece,
343 5441 421 5494 sinus
445 5440 545 5496 Latine
570 5440 701 5524 dicitur:
731 5442 820 5498 moris
833 5445 911 5501 enim
1002 5419 1328 5509 bidestdamnationem
1340 5453 1539 5524 imprecantes,
1551 5450 1774 5522 siareetoquid

110 5510 513 5568 Grecorumestcrucemcum
523 5512 780 5584 prenosolrgnovel
795 5528 858 5571 cum
872 5531 913 5573 re
966 5517 1157 5579 deviaremus.

111 5577 215 5653 liquiis
231 5587 396 5642 sanctorum
410 5588 476 5641 ante
500 5587 599 5656 peetus
614 5588 728 5656 portare
741 5599 910 5658 suspensam
