3876 6090
536 210 684 266 hPPEND.
715 212 763 268 ho
791 211 872 268 SAEC.
895 214 944 268 IX.

965 243 999 252 -
1018 213 1195 271 laerones
1212 211 1381 270 theutin.

160 513 356 576 HISTORIA
381 511 710 575 TRANSIATIONIS
725 510 923 572 CORPORIS
935 510 967 570 S.
984 510 1181 572 CORNELII
1202 509 1324 571 PAPAE
1342 509 1456 572 APUD
1476 509 1766 574 COMPENDIUM.

860 673 1066 689 m-.

147 821 197 875 Est
211 833 303 889 opera
329 819 452 888 pretium
476 832 508 876 ac
527 821 599 876 satis
623 820 781 891 prohcuum
809 820 934 892 cunctis,
950 822 1075 891 Ataque
1099 819 1263 890 provisione
1287 824 1383 876 actum
1405 823 1457 891 est,
1479 823 1512 875 ut
1534 818 1690 876 subductis
1712 819 1803 890 lappis,

111 907 187 964 beati
204 921 281 978 papae
294 908 419 965 Cornelii
433 908 588 964 ildentlbns
600 910 721 976 meritis,
731 910 793 978 ejus
803 909 936 981 gloriosae

114 996 284 1067 qualitatem
311 1010 367 1052 non
397 998 529 1068 ignorare
553 999 770 1067 translationis,
794 1003 936 1068 quatenus

113 1084 208 1153 ipsius
226 1084 458 1141 archimandritae
479 1086 540 1142 loco
555 1101 612 1157 quo
630 1091 727 1143 sanctu
751 1086 936 1156 requiescunt

112 1185 176 1228 ossa
190 1173 328 1244 cognitio.
349 1174 427 1229 omni
444 1173 624 1246 labyrintheo
646 1188 742 1231 errore
765 1175 934 1245 postposito,

112 1260 240 1329 eiusdem
264 1259 401 1332 sutfragia
418 1262 574 1331 perniciori
599 1264 711 1319 valeant
725 1269 857 1332 appetere
869 1275 937 1317 eor-

113 1361 181 1418 pore
195 1353 223 1403 et
238 1348 344 1405 animo.
363 1352 467 1405 anrat
487 1351 577 1422 igitur
591 1351 817 1422 circumquaque
831 1348 936 1406 uillosa

112 1435 284 1492 Christianae
302 1438 452 1510 religionis
477 1437 651 1508 iraternitas,
675 1439 800 1509 qualiter
813 1439 937 1494 domnus

112 1523 232 1581 Carolus
256 1526 388 1583 lodovici
407 1527 485 1583 filius
510 1528 545 1583 ab
574 1527 625 1585 illo
641 1529 821 1599 magnanimo
836 1527 936 1582 Carolo

113 1627 162 1670 rex
185 1616 354 1686 cognomine
378 1616 493 1682 tertius,
523 1616 714 1687 progenieque
737 1617 867 1686 quintus,
884 1616 934 1686 qul

113 1707 182 1759 tune
198 1704 335 1772 temporis
348 1705 480 1759 Romanae
494 1704 669 1775 perindeque
685 1705 810 1759 Francia
834 1710 937 1775 gratu-

114 1789 935 1862 labaturregimine,conscissisChrlstodureinimicorum

114 1877 231 1948 labaris,
250 1878 377 1950 undique
393 1881 564 1936 Francorum
589 1881 688 1950 patriae
709 1881 796 1950 coepit
817 1879 937 1935 solerter

115 1967 177 2024 loca
198 1968 395 2025 collustrando
418 1970 594 2040 perquirere,
618 1984 674 2040 quo
695 1969 788 2040 gratia
809 1969 937 2025 victoriae

114 2056 214 2112 divina
234 2057 289 2113 sibi
306 2058 341 2112 de
362 2059 442 2114 hoste
464 2058 646 2114 miseratione
669 2071 812 2125 concessa,
827 2057 935 2113 Christi

990 909 1113 978 paliuris
1125 914 1153 964 et
1168 909 1296 974 carduis,
1311 909 1361 964 tali
1374 908 1403 964 in
1416 909 1478 966 loco
1492 907 1626 964 ecclesia
1638 908 1806 979 eri-gerentur

989 997 1128 1066 maceria,
1155 998 1258 1068 inquo
1276 997 1311 1052 ab
1330 997 1427 1052 eodem
1456 997 1485 1051 in
1511 1003 1661 1066 posterum
1684 1003 1805 1066 tempore,

990 1085 1038 1154 pio
1064 1085 1148 1139 corde
1183 1085 1354 1155 petentibus,
1390 1085 1561 1156 integroque
1587 1083 1707 1139 cerebro
1734 1098 1808 1141 aures

988 1172 1098 1227 Christi
1115 1172 1299 1242 pulsantibus
1313 1172 1505 1228 materialium
1523 1173 1678 1242 spinarum
1689 1174 1809 1229 acutissi-

991 1275 1043 1316 mae
1057 1261 1134 1316 velut
1153 1261 1277 1332 rigorem
1303 1261 1518 1330 disrumpentes
1535 1261 1697 1327 internum,
1719 1261 1809 1316 anima

991 1348 1183 1405 bumanorum
1194 1349 1350 1404 criminum
1366 1348 1475 1404 roelesti
1491 1348 1601 1418 pietate
1623 1348 1811 1403 erantoblite-

991 1440 1086 1494 randa
1097 1436 1224 1493 maculae.

1025 1527 1065 1581 De
1078 1527 1165 1596 hujus
1181 1526 1294 1582 scilicet
1307 1525 1436 1582 ecelesiae
1462 1524 1573 1581 lubrica
1603 1525 1681 1581 miro
1707 1518 1809 1595 laffideo

991 1614 1177 1673 contabulatu
1191 1621 1354 1671 constructa
1367 1614 1489 1671 multum
1507 1615 1594 1670 nobis
1605 1615 1684 1684 quod
1697 1614 1811 1674 loquere

991 1717 1056 1759 mur
1067 1705 1182 1772 aderat,
1194 1703 1242 1758 sed
1258 1704 1327 1773 quia
1343 1704 1406 1772 ejus
1422 1704 1542 1758 minime
1562 1702 1745 1758 frustramur
1756 1718 1813 1773 pra·

991 1793 1093 1860 sentia,
1105 1792 1214 1847 idcirco
1226 1793 1424 1848 ratiocinando
1435 1793 1470 1848 de
1480 1805 1511 1847 ea
1523 1791 1621 1847 dividi
1636 1791 1812 1861 prohibemur

991 1894 1076 1936 sensu
1093 1879 1292 1950 perplurima.
1309 1881 1360 1936 sed
1383 1880 1455 1936 illud
1471 1881 1567 1952 obtegi
1584 1880 1707 1936 silentio
1720 1886 1762 1936 sat
1773 1882 1813 1936 irr-

991 1972 1109 2042 dignnm
1123 1970 1299 2037 decernitur,
1314 1969 1439 2040 qualiter
1452 1971 1519 2040 plus
1539 1977 1623 2040 pater
1637 1971 1758 2026 Carolus
1772 1971 1812 2040 qui

992 2055 1815 2127 instarcoelestissiderismundosplendebatconspicuus,

115 2146 169 2201 sub
185 2145 291 2201 honore
314 2147 441 2202 nominis
464 2145 613 2202 basilicam
631 2144 769 2201 valuisset
790 2143 936 2201 fundando
950 2137 976 2197 B
992 2145 1041 2202 ubl
1057 2146 1133 2218 regia
1147 2143 1235 2200 lulris
1249 2145 1375 2200 emicans
1405 2147 1472 2201 aula
1494 2145 1587 2202 tholis
1602 2151 1701 2201 evecta
1712 2152 1754 2201 est
1770 2159 1816 2201 so-

115 2233 937 2304 condignantereonstruere.Crrjusoptimumbonicordls

115 2322 291 2379 desiderium
314 2323 643 2392 praelarusilleocnlus
667 2336 750 2393 quem
773 2322 815 2377 nil
839 2320 938 2378 tallere

115 2413 255 2483 nequivit,
273 2427 324 2468 nec
339 2414 412 2484 quit,
431 2427 481 2469 nec
497 2426 621 2483 unquam
639 2414 733 2482 potuit
746 2425 780 2466 ex
796 2411 854 2467 alto
869 2426 939 2482 pro-

116 2499 252 2569 spiciens,
266 2501 409 2572 quidquid
419 2503 454 2556 dc
464 2503 513 2557 Dei
526 2501 642 2557 servitio
660 2502 753 2558 inerat
763 2508 793 2560 ut
805 2500 938 2571 supplere

116 2602 167 2658 pro
183 2589 396 2645 votoraluisset
407 2590 633 2646 misericorditer
647 2591 823 2646 enucleando
840 2602 939 2659 sugge-

117 2690 178 2732 rere
192 2677 393 2748 dignatusest.
414 2681 485 2733 Dum
508 2679 583 2733 enim
601 2679 755 2746 imperator
771 2677 938 2747 prelibatus

115 2765 194 2821 velut
207 2765 280 2821 alter
291 2766 423 2820 Salomon
439 2766 555 2833 superui
572 2767 679 2820 amoris
691 2766 756 2836 igne
771 2779 937 2833 succensus,

116 2852 151 2907 ad
164 2851 294 2920 iacienda
305 2852 398 2907 divini
410 2851 510 2921 templi
522 2850 705 2908 fundamenta
719 2867 771 2909 suo
782 2866 846 2908 eum
859 2853 938 2908 omni

116 2938 254 3009 exercitu,
275 2939 429 3009 templana
446 2954 530 3010 quam
552 2940 671 2996 dumosa
692 2941 869 2997 diversorum
887 2941 941 2996 cir-

115 3026 209 3083 cuiret
221 3027 346 3083 Francia
365 3029 492 3084 locorum
516 3029 620 3098 spatia,
635 3030 758 3100 contigit
777 3028 859 3085 illum
883 3042 939 3085 non

116 3115 251 3185 lortuitu,
266 3115 313 3171 sed
337 3116 462 3172 coelestls
479 3116 664 3185 providentiae
691 3124 773 3177 nutu.
791 3116 940 3186 quemdam

117 3209 264 3272 penetrare
292 3203 396 3259 saltum
428 3205 536 3274 percito
559 3218 662 3260 eursu.
701 3203 784 3260 illius
808 3204 942 3259 videlieet

116 3291 208 3348 saltus
220 3293 244 3348 si
262 3292 397 3363 requiris,
409 3292 506 3361 irater,
524 3294 704 3364 vocabulum,
719 3308 818 3349 noscas
830 3294 940 3348 dietum

116 3387 280 3437 nostrorum
297 3381 389 3450 prisea
403 3382 542 3437 relatione
559 3392 670 3450 patrum
692 3392 734 3436 ·...

998 2234 1087 2303 premi
1110 2234 1143 2289 ad
1158 2246 1251 2288 arcem
1268 2247 1359 2304 usque
1370 2233 1521 2302 culminis,
1534 2234 1728 2304 centenisque
1747 2235 1817 2290 cleri·

992 2335 1090 2378 corum
1107 2322 1179 2378 satis
1193 2323 1311 2392 opipare
1334 2329 1434 2378 ornata
1463 2322 1606 2388 numeris,
1633 2337 1668 2377 ac
1691 2323 1815 2392 plurimis

991 2413 1135 2467 variarum
1147 2411 1461 2479 possessionumdicata
1471 2411 1507 2466 de
1519 2411 1669 2475 donariis,
1685 2413 1815 2481 empitan

992 2499 1066 2555 xiarl
1080 2503 1108 2554 et
1122 2498 1347 2567 sollicitusesse,
1358 2499 1617 2572 ignoransquibus
1638 2501 1724 2568 hanc,
1745 2501 1813 2554 utita

991 2587 1096 2657 dicam,
1114 2601 1266 2657 supernam
1280 2586 1435 2643 Jerusalem
1460 2595 1631 2643 sanctorum
1656 2587 1814 2659 pignoribus

992 2675 1131 2731 valuisset
1144 2676 1279 2732 decorare
1293 2676 1444 2732 attentius.
1465 2678 1529 2731 llaec
1543 2683 1575 2731 et
1593 2677 1641 2731 his
1654 2675 1764 2731 similia
1776 2677 1816 2731 in·

995 2762 1097 2832 periali
1114 2764 1181 2819 dum
1206 2770 1356 2819 versantur
1372 2764 1401 2819 in
1426 2771 1587 2834 peccatore,
1605 2765 1710 2820 divina
1734 2764 1813 2819 illiad

995 2852 1160 2907 memoriam
1177 2852 1327 2908 reducitur
1342 2852 1446 2922 pietate
1463 2858 1564 2913 semet,
1582 2853 1634 2908 Dei
1650 2853 1745 2923 gratia
1761 2866 1816 2922 pro-

993 2944 1122 3010 curante,
1140 2940 1229 2996 totins
1239 2953 1309 3010 pene
1322 2940 1522 2996 orbisditione
1535 2941 1655 3013 vigere,
1668 2956 1702 2997 ac
1713 2942 1817 3012 proinde

995 3041 1051 3083 non
1069 3027 1113 3082 illi
1129 3041 1201 3097 opus
1216 3041 1278 3084 esse
1294 3028 1363 3083 talia
1386 3028 1525 3084 volvendo
1546 3029 1578 3085 in
1594 3031 1687 3086 conle
1709 3031 1817 3086 nimian

996 3115 1098 3170 intima
1114 3115 1226 3171 turbari
1244 3121 1346 3186 mente,
1362 3116 1432 3187 quia
1452 3116 1488 3171 de
1504 3131 1687 3188 quacunque
1708 3117 1818 3174 voluerit

996 3201 1122 3258 locorum
1140 3207 1219 3272 parte
1232 3202 1313 3257 nullo
1327 3202 1475 3258 hominum
1491 3202 1639 3261 obstante.
1656 3205 1717 3260 sibi
1728 3205 1819 3260 radebit

995 3304 1118 3361 sumere,
1143 3291 1220 3347 undu
1235 3291 1429 3362 praescriptam
1450 3291 1605 3347 basilicam
1632 3294 1733 3364 quibit
1746 3295 1821 3349 deco·

996 3380 1085 3435 rande
1097 3393 1248 3449 pompare:
1266 3380 1351 3448 cujus
1363 3380 1465 3435 secreti
1477 3393 1510 3434 ae
1518 3381 1617 3436 divini
1630 3381 1820 3452 supplemento

152 3467 258 3524 Fidens
274 3469 370 3538 itaque
387 3469 541 3539 imperator
551 3470 681 3541 praedicti
696 3470 787 3526 saltus
809 3469 980 3532 diverso-C
997 3467 1396 3536 refocillatuseonsilii,omni
1407 3469 1821 3526 Francorumiteratoexercitu

116 3556 193 3613 rium
210 3557 297 3614 veluti
311 3560 467 3615 seeundum
482 3560 646 3629 paradisum
661 3559 839 3616 diversorum
854 3572 942 3630 gene-

117 3646 478 3703 rnmarboribusmirlhce
490 3648 634 3703 consitum
659 3648 811 3717 habileque
826 3653 882 3702 tam
905 3646 940 3700 ad

118 3733 285 3803 piscandum
312 3748 394 3803 quam
409 3735 443 3789 ad
457 3735 548 3804 ignem
559 3733 674 3790 fervida
684 3735 772 3804 pestis
787 3734 942 3790 salubriter

118 3822 341 3891 reprimendum,
357 3822 530 3891 limpharum
546 3823 649 3877 rivulis
661 3821 768 3876 alirtim
786 3823 939 3892 irriguum,

118 3922 182 3964 mox
193 3923 316 3979 superna
329 3910 489 3979 inspirante
499 3909 649 3964 clementia
658 3911 860 3967 animaduertit
870 3911 941 3966 velle

118 3998 235 4054 sibimet
248 3998 392 4053 Christum
409 3997 482 4052 inibi
499 3998 841 4054 constraridomicilium.
853 4000 942 4068 Cuius

119 4085 175 4141 loci
196 4085 296 4141 divino
322 4086 356 4140 ad
381 4084 580 4141 aedificandum
602 4087 712 4142 numini
727 4087 939 4143 tabernaculum

119 4173 271 4228 habilitate
280 4180 434 4242 comperta,
450 4174 604 4244 cunetique
614 4175 786 4231 Francorum
798 4176 942 4231 exercitus

120 4262 259 4332 phalange
276 4262 416 4332 imperiali
438 4265 520 4332 jussu
539 4264 568 4319 in
586 4279 643 4321 uno
659 4265 837 4336 conglobata,
850 4261 942 4335 'coepit

118 4349 239 4408 Carolus
251 4356 307 4406 tam
324 4357 444 4407 mentem
459 4352 634 4409 intrinsecus
645 4353 727 4408 vitiis
742 4361 846 4408 exutus
859 4354 943 4422 spirt-

118 4439 237 4508 talibus,
247 4439 459 4510 quamtrontem
471 4441 650 4496 extrinsecus
661 4442 942 4510 eorporelsnudatus

118 4527 250 4584 crinibus
263 4527 304 4582 ba
326 4529 389 4583 suls
404 4529 547 4584 sciscitari
567 4529 733 4599 consilium,
748 4544 869 4600 quorum
893 4544 944 4586 ra-

119 4617 198 4672 tione
223 4617 253 4671 in
279 4617 376 4672 eodem
404 4617 465 4673 loeo
488 4618 627 4674 valuisset
648 4616 769 4673 tundore
793 4619 940 4687 templum.

119 4704 245 4773 Quorum
256 4705 511 4761 omniumassensu
522 4709 642 4775 votoque
651 4704 784 4762 benevolo
793 4705 943 4762 salutifera

996 3561 1176 3627 congregato,
1192 3555 1268 3611 dixit
1291 3568 1320 3610 se
1342 3556 1457 3610 domam
1474 3555 1548 3611 aelle
1570 3564 1671 3626 petere
1694 3558 1821 3614 disiderio

996 3644 1125 3699 ardentis
1140 3644 1230 3700 animi
1252 3641 1472 3714 plus'solitoc.
1503 3646 1562 3700 Nee
1590 3660 1686 3711 mora,
1711 3648 1822 3718 quisque

997 3733 1352 3788 Francorumesercituum
1364 3732 1446 3787 miles
1457 3732 1596 3803 inclytus,
1612 3737 1643 3789 in
1653 3735 1821 3805 nullojussis

996 3820 1105 3874 audens
1120 3820 1266 3875 contraire
1291 3819 1503 3890 imperialibus,
1525 3827 1617 3876 tanta
1630 3824 1818 3892 expeditionis

996 3906 1113 3963 festinat
1124 3908 1180 3963 sibi
1198 3923 1248 3977 pro
1268 3922 1348 3978 posse
1362 3909 1513 3979 acquirere
1527 3918 1703 3979 apparatus,
1719 3918 1751 3966 ut
1765 3912 1822 3966 hora

996 4010 1051 4067 qam
1064 3996 1167 4052 moveri
1191 4002 1283 4052 castra
1297 3996 1418 4066 jusserit
1434 3997 1592 4067 imperator
1611 3999 1748 4067 Carolus,
1764 3999 1824 4055 nul·

997 4085 1051 4140 lam
1069 4099 1174 4139 moram
1191 4087 1320 4156 ingerere
1339 4085 1471 4142 videatur
1490 4087 1569 4157 regis
1583 4089 1729 4145 curribus
1742 4094 1825 4159 partes

995 4174 1110 4229 Italicas
1124 4174 1257 4228 ardenter
1271 4174 1501 4243 properantibus.
1517 4175 1600 4244 Quod
1621 4177 1664 4232 ita
1680 4185 1713 4234 ut
1727 4176 1824 4233 iactum

996 4270 1049 4333 est,
1071 4265 1226 4334 imperator
1244 4265 1318 4320 laxis
1345 4263 1464 4319 habenis
1484 4265 1604 4322 Romam
1629 4269 1716 4325 ocios
1739 4269 1825 4340 petiit,

998 4360 1185 4422 sanctumque
1199 4354 1273 4421 quod
1285 4353 1337 4408 ‹llu
1350 4361 1441 4410 mente
1450 4354 1643 4425 disposuerat
1652 4358 1825 4414 desiderium

997 4441 1826 4517 corrrposChristoadminiculantecompleri13beatissimi

996 4529 1130 4584 videlicet
1147 4543 1224 4599 papae
1238 4530 1364 4586 Cornelii
1379 4544 1484 4600 corpus
1498 4531 1569 4587 inde
1580 4532 1730 4604 deterens,
1744 4537 1827 4591 ricto

998 4618 1140 4688 riosisque
1156 4621 1326 4675 Francorum
1344 4619 1475 4690 partibus
1490 4627 1553 4676 toto
1567 4621 1656 4679 laetus
1668 4638 1788 4695 corpore
1802 4631 1827 4679 et

996 4706 1093 4762 animo
1105 4706 1283 4778 gratulanter
1299 4706 1434 4763 inserens.

122 4791 151 4845 ¹¹¹
176 4783 337 4848 decielifflle
355 4793 557 4849 0⁰Ps0b⁰¹¹³l¹¹⁸
583 4793 747 4863 iffllfflfflft
777 4808 829 4850 2'110
853 4795 984 4873 jussitD
1031 4814 1082 4865 llic
1095 4816 1190 4866 cttctor
1199 4828 1346 4867 sermonem
1359 4815 1490 4867 corruerlit
1504 4815 1543 4867 od
1559 4815 1659 4871 arbem
1670 4819 1824 4879 Remanent,

120 4877 223 4947 officio,
236 4886 268 4935 ut
281 4881 406 4950 demptis
420 4881 515 4937 acutis
528 4881 664 4951 vepribus
688 4882 874 4952 surculisque
885 4882 942 4938 sil·
997 4898 1029 4936 ac
1039 4888 1133 4952 posteo
1147 4884 1184 4936 ud
1200 4888 1324 4936 sonetum
1339 4886 1510 4947 Cornelium
1531 4886 1637 4940 mande
1648 4891 1745 4958 pergit
1761 4890 1826 4943 olle-

121 4979 221 5022 varum
232 4968 665 5040 radicitusevellatisomnibus,
680 4970 942 5026 sublaudeChristi
998 4970 1083 5022 illiti
1104 4955 1225 5008 eumdem
1239 4960 1381 5008 lancium

120 5053 697 5129 nominlssalobreaedihcareturasylum,
708 5058 943 5128 hocest,cunctis
1033 5057 1100 5126 Qua
1112 5065 1190 5131 gesta
1204 5060 1262 5115 sint
1279 5059 1340 5116 illic
1364 5061 1499 5131 (loquitor
1511 5061 1546 5117 dr
1564 5065 1738 5135 compendio
1761 5068 1824 5120 cici-

120 5140 304 5199 credentibus
319 5144 487 5201 medicabile
506 5145 659 5218 retugium.
681 5147 744 5202 llite
762 5147 867 5202 etenim
881 5161 945 5202 cau·
998 5151 1096 5217 nisqrre
1115 5148 1191 5218 locas)
1209 5162 1336 5219 promere
1355 5163 1480 5220 nequeo:
1509 5165 1602 5207 unum
1626 5154 1732 5210 saltem
1756 5154 1821 5226 quoti

155 5268 232 5322 ·lllc
254 5266 415 5337 exscriptor
437 5271 533 5338 operis
552 5272 650 5327 omisit
678 5286 779 5327 nomen
796 5273 942 5342 proprium
1034 5274 1092 5325 cln
1114 5273 1261 5325 annalibus
1283 5273 1447 5327 liertirtr'unis
1463 5275 1565 5342 qutrrrr
1583 5275 1718 5332 Coretum
1734 5293 1822 5333 osane

120 5338 210 5407 silvae,
220 5338 454 5410 iortequodillud
464 5341 553 5407 minio
561 5343 739 5413 pingeresibi
749 5347 944 5413 proposuisset
997 5359 1040 5396 mo
1053 5345 1178 5413 pontifice
1192 5344 1279 5410 foisse
1291 5345 1449 5413 incitatum,
1464 5360 1580 5414 comque
1605 5348 1676 5403 illoc
1690 5351 1822 5405 adame

122 5410 183 5480 ipse
195 5419 296 5467 auctor
308 5412 404 5481 operis
418 5425 450 5467 ac
459 5419 555 5480 postea
566 5412 674 5471 oblitus
688 5413 800 5470 luisset.

999 5415 1043 5468 elic
1061 5415 1209 5467 llrcrrndris
1225 5415 1284 5482 XV,
1298 5420 1379 5483 atque
1389 5415 1429 5468 idi
1443 5422 1605 5471 coronatum
1621 5422 1723 5486 fuisse.

159 5480 310 5539 bllotanda
328 5496 428 5540 rasura
444 5483 549 5539 irontis
565 5483 593 5538 in
611 5484 662 5539 hac
677 5484 835 5540 occasione.
