3876 6090
117 236 176 296 597
408 237 662 300 coiincriruii.
682 273 719 287 -
735 245 782 303 DE
800 243 939 305 idionis
955 242 1211 305 iiAEhDiicoituii
1229 245 1265 301 IN
1284 245 1468 304 MARTINUM
1488 246 1540 305 PP.
1771 241 1830 309 ωδ

119 364 243 438 gemuit.
258 364 553 425 abstuleruntautem
567 365 658 426 terrea
678 370 797 428 vincula
812 363 1074 429 continuo'Ailluc
1095 368 1272 427 miserabilis
1292 369 1374 427 bomo
1395 371 1548 442 hospitari,
1568 370 1666 429 omnia
1683 369 1721 431 ad
1742 384 1827 431 asum

119 452 156 510 ab
174 468 218 511 eo.
1001 458 1164 529 praebentur
1181 459 1219 532 ei,
1240 464 1269 516 et
1283 459 1396 518 nullum
1412 461 1569 517 immunem
1581 460 1646 517 suis
1666 461 1751 519 donis
1764 475 1829 524 tah-

154 542 294 614 Sequeuti
317 557 383 602 vero
404 545 452 601 die
473 545 574 603 abiens
596 548 752 619 imperator
776 549 805 605 in
827 549 951 606 Patriar-
1000 551 1065 603 ctus
1088 549 1189 605 Petrus
1213 549 1329 619 repellit
1351 549 1526 605 venientium
1552 548 1643 606 illuc:
1671 551 1720 607 sed
1745 551 1828 621 pauis

118 631 220 688 chium
237 632 350 689 visendi
372 633 465 707 gratia
480 635 611 692 Paullum
633 638 825 708 patriarcham
846 636 951 710 (proxi
1001 638 1212 695 mundissimus
1226 643 1254 695 et
1273 638 1339 694 vina
1354 638 1468 696 diversa
1482 637 1590 695 dantur
1609 652 1667 696 non
1680 639 1774 696 solum
1788 641 1826 714 ei,

118 721 275 777 musenim
291 727 353 778 erat
368 724 465 796 morti)
485 725 612 781 narravit
627 726 654 782 ei
675 741 738 798 quae
753 733 948 784 consummata
999 725 1047 781 sed
1064 726 1233 784 hominibus
1248 728 1274 783 ei
1291 726 1513 798 pertinentibus.
1533 727 1562 784 Si
1578 741 1646 801 ergo
1666 728 1696 785 in
1712 728 1829 786 misera-

117 813 188 865 sunt
219 810 249 866 in
283 811 500 870 sanctissimum
530 814 633 870 virum.
663 817 855 888 ingemiscens
882 831 948 875 nero
1000 814 1110 871 bilibus
1126 815 1294 872 hominibus
1309 816 1368 873 haec
1381 816 1465 886 liunt,
1480 817 1532 888 qui
1545 817 1623 873 venit
1637 817 1724 874 etiam
1740 816 1828 877 bono-

116 898 247 973 Paullus,
263 905 292 957 ει
304 915 458 958 conversus
468 902 502 960 ad
518 904 655 975 parietem
677 905 771 961 dixit:
788 906 839 962 iiei
854 907 945 963 mihil
999 903 1359 975 rabitissicutepiscopus,
1369 904 1829 977 qualemsumptumhabetsusci-

115 995 144 1046 et
160 989 215 1046 boc
230 989 264 1045 ad
287 989 494 1048 abundantiam
508 992 687 1062 judiciorum
704 1007 830 1052 meorum
852 1001 946 1053 actum
999 992 1088 1063 porei
1106 993 1184 1050 Dicit
1198 994 1233 1050 ad
1255 1008 1320 1052 eum
1340 996 1561 1052 Demosthenes:
1577 997 1636 1053 Nos
1655 995 1824 1069 didicimus,

116 1083 171 1136 εει.
197 1080 385 1136 Percontatus
403 1085 497 1137 numm
517 1081 552 1138 ab
569 1081 741 1153 imperatore
764 1083 946 1155 quamobrem
998 1082 1066 1153 quia
1095 1083 1123 1138 vi
1154 1081 1221 1139 lecit
1251 1082 1382 1140 libellum
1411 1084 1538 1156 Pyrrhus
1565 1085 1670 1158 Domae,
1699 1089 1729 1142 et
1756 1087 1825 1158 quia

115 1168 187 1225 boc·
208 1167 328 1240 dixerut,
363 1170 526 1240 respondit:
559 1172 784 1245 Numquidnam,
820 1174 944 1244 domine,
997 1169 1093 1243 lignea
1111 1171 1226 1228 vineola
1246 1172 1398 1244 sustinuit,
1418 1177 1447 1228 et
1469 1173 1559 1230 multa
1578 1172 1700 1232 dolenda
1722 1190 1825 1246 passus
1928 1206 1934 1214 ·

114 1270 173 1314 non
197 1261 242 1313 est
262 1256 429 1314 miserabile
448 1259 519 1314 talia
539 1259 598 1331 pati
616 1260 790 1331 pontiacest
807 1262 886 1318 Tune
906 1265 947 1318 at·
996 1265 1047 1316 est.
1069 1261 1227 1332 Respondit
1246 1263 1291 1318 vir
1311 1261 1361 1318 illc
1380 1262 1491 1334 beatus,
1511 1270 1540 1320 et
1553 1264 1649 1321 dixit:
1665 1265 1746 1323 Nihil
1767 1265 1824 1323 tale

113 1345 228 1403 tentius
249 1346 397 1417 adjuravit
418 1349 628 1418 imperatorem,
652 1347 780 1406 sufficere
799 1350 825 1406 ei
847 1350 878 1406 in
899 1350 945 1407 his
996 1346 1102 1405 iactum
1127 1354 1180 1407 est.
1207 1352 1276 1406 Nam
1304 1351 1361 1408 nisi
1388 1352 1457 1423 quia
1483 1351 1640 1410 tormidine
1665 1353 1758 1427 aliqui
1785 1361 1824 1413 to·

113 1451 179 1508 qua
199 1450 304 1506 passus
323 1439 376 1506 est,
398 1436 531 1509 nihilque
549 1438 675 1508 amplius
693 1439 845 1495 sustinere.
865 1439 945 1496 Unde
995 1443 1110 1508 nentur,
1143 1453 1199 1496 non
1227 1445 1347 1511 possunt
1370 1440 1443 1498 torte
1475 1439 1555 1513 ioqui
1582 1443 1740 1500 veritatem.
1770 1446 1823 1502 llic

115 1525 242 1582 audiens
263 1525 364 1583 beatus
388 1524 437 1582 iiic
458 1539 491 1583 ac
512 1527 689 1598 apostolicus
710 1528 765 1600 vir,
789 1529 863 1599 quod
888 1543 944 1586 non
995 1527 1321 1600 suntconstantinopoii
1335 1529 1466 1601 plurimi,
1479 1530 1530 1602 qui
1545 1533 1822 1607 tuneerantliomae,

113 1615 244 1686 suscepit
261 1616 337 1686 quod
353 1615 543 1686 exspectabat,
562 1630 617 1673 non
635 1623 747 1689 gratum
768 1617 871 1674 habuit
886 1617 943 1675 tale
994 1618 1022 1671 et
1052 1615 1148 1673 sciunt
1179 1632 1242 1688 quae
1273 1617 1315 1673 ibi
1350 1622 1428 1691 gesta
1460 1624 1537 1675 sunt.
1571 1621 1612 1676 Ex
1643 1620 1752 1692 quibus
1780 1622 1823 1680 in-

112 1703 291 1775 promissum
306 1704 354 1760 sed
377 1705 493 1776 penitus
512 1708 631 1761 moestus
650 1703 767 1762 eiectus
781 1711 834 1763 cst.
856 1706 944 1763 Festi·
958 1682 1079 1760 Bterlm
1096 1711 1225 1776 superest
1239 1706 1318 1764 Plato
1338 1708 1492 1780 Patricius,
1515 1709 1564 1779 qui
1586 1713 1656 1766 tunc
1674 1710 1822 1769 Exarebus

113 1791 201 1850 nabat
223 1793 300 1848 enim
321 1791 434 1863 explere
454 1793 559 1849 bonum
579 1798 732 1865 certamen,
755 1798 783 1850 et
803 1794 884 1850 abire
906 1795 940 1852 ad
993 1794 1441 1865 erat,quippcdirexithcmines
1456 1811 1525 1854 suos
1543 1802 1612 1855 tunc
1626 1799 1661 1856 ad
1679 1800 1820 1872 Pyrrhum

111 1895 179 1939 eum
203 1895 288 1952 quem
308 1880 499 1938 desiderabat.
521 1885 629 1939 interea
641 1881 777 1939 defuneto
792 1883 902 1953 Paullo,
914 1888 942 1939 et
992 1881 1130 1939 Romam:
1148 1885 1356 1954 percontamini
1377 1898 1443 1941 eum
1457 1886 1493 1942 de
1513 1886 1560 1942 his
1574 1887 1599 1944 si
1619 1888 1750 1945 mentior.
1771 1890 1821 1946 ve

110 1971 222 2042 Pyrrho
238 1969 363 2027 residere
375 1970 493 2042 nitente,
510 1975 595 2043 atque
615 1971 788 2042 quibusdam
809 1972 942 2029 Ecclesia
993 1976 1164 2042 rumtamen,
1186 1972 1255 2043 quid
1279 1972 1412 2030 volumus
1434 1974 1559 2044 piurima
1581 1977 1730 2047 querere?
1750 1979 1821 2034 Ecce

112 2058 383 2116 contradicentibus
395 2064 423 2116 ct
436 2059 666 2130 prohibentibus,
679 2060 867 2132 libellumque
879 2063 942 2132 ejus
994 2059 1025 2115 in
1049 2060 1183 2117 manibus
1203 2062 1307 2117 vestris
1331 2062 1463 2119 retinetis
1489 2076 1543 2136 mc,
1576 2069 1605 2120 et
1627 2066 1819 2138 quodcunque

115 2147 336 2219 publicantibus
350 2149 380 2205 in
400 2149 518 2221 palatio,
533 2148 786 2222 asserentibusque
805 2152 940 2222 quoniam
993 2148 1082 2206 vultis
1094 2155 1289 2207 consummate
1305 2152 1409 2207 inme:
1427 2153 1484 2209 Deo
1498 2153 1665 2225 indulgente
1675 2154 1711 2209 in
1724 2159 1818 2213 restra

112 2239 141 2293 ει
155 2249 173 2291 a
187 2234 353 2293 beatissimo
368 2237 455 2294 Paulo
469 2237 726 2294 anathematizatus
740 2242 798 2294 est:
815 2238 941 2310 Pyrrhus
991 2242 1036 2294 est
1050 2243 1198 2309 potestate.
1215 2239 1320 2310 Utique
1334 2240 1359 2297 si
1376 2239 1555 2296 membratim
1570 2240 1704 2299 inciditis
1717 2256 1818 2301 carnes

111 2324 283 2396 reprobatus
300 2330 344 2383 est
361 2326 519 2382 sacerdotio
530 2331 645 2398 propter
659 2326 791 2383 libellum
806 2340 889 2398 quem
902 2326 940 2384 ie
992 2341 1078 2399 meas,
1095 2328 1181 2384 sicuti
1205 2326 1338 2399 praelecto
1355 2329 1488 2399 jussistis
1506 2344 1572 2386 cum
1591 2343 1635 2386 me
1653 2332 1815 2404 traderetis,

109 2418 189 2471 cerat
205 2413 312 2471 Romae.
991 2429 1048 2472 non
1059 2416 1239 2474 communico
1252 2416 1387 2472 Ecclesiae
1398 2417 1731 2490 constantinopolitane.
1745 2422 1817 2477 Eece

144 2505 182 2560 Et
198 2502 290 2560 multa
306 2504 496 2561 commotione
509 2502 593 2573 iacta,
608 2509 672 2576 post
686 2505 749 2562 dies
763 2510 826 2562 octo
841 2504 940 2562 deiun-
991 2504 1039 2588 hic
1060 2518 1134 2574 sum,
1159 2505 1320 2561 examinate
1344 2519 1397 2577 me,
1420 2510 1449 2562 et
1471 2510 1587 2572 tentate,
1609 2511 1638 2562 et
1662 2507 1816 2565 invenietis

112 2599 157 2650 eto
171 2592 286 2664 Paullo,
300 2593 442 2667 dirigitur
450 2594 486 2650 ab
501 2595 672 2666 imperatore
685 2594 719 2651 ad
733 2594 880 2652 Diomedis
892 2609 940 2651 cu·
988 2594 1182 2665 experimento
1195 2594 1316 2665 gratiam
1330 2595 1390 2666 Dei,
1404 2599 1432 2650 et
1444 2595 1572 2652 tldelium
1583 2608 1728 2653 servorum
1740 2599 1812 2667 ejus.

111 2683 236 2739 stodiam
262 2682 296 2738 ad
320 2683 532 2755 magnanimum
554 2696 653 2754 papam
674 2684 877 2740 Demosthenes
898 2697 939 2738 re
988 2685 1094 2739 iterum
1109 2683 1236 2754 Pyrrhus
1251 2684 1281 2739 in
1297 2685 1424 2740 medium
1440 2685 1518 2740 venit
1533 2684 1583 2755 qui
1599 2685 1686 2742 toties
1700 2686 1816 2743 anatho

111 2774 238 2844 scriptor
249 2776 278 2827 et
290 2771 481 2829 collaborator
491 2771 646 2844 sacellarii,
660 2777 688 2828 et
700 2772 861 2829 Libeilidus
872 2785 937 2829 eum
989 2772 1140 2829 matizatus
1152 2776 1181 2828 ct
1192 2772 1319 2828 nudatus
1333 2777 1377 2829 est
1388 2772 1487 2830 divino
1501 2771 1618 2830 bonore.
1632 2772 1815 2845 Stupclactus

110 2877 149 2920 eo.
173 2864 321 2919 intrantes
342 2875 417 2933 vero,
441 2861 578 2918 dixerunt
600 2863 634 2918 ad
659 2875 744 2918 eum:
770 2863 937 2919 Dominater
987 2865 1082 2917 autem
1105 2861 1308 2917 Demosthenes
1326 2862 1491 2934 rescriptor,
1515 2866 1543 2917 et
1561 2862 1709 2919 admirans
1728 2877 1815 2936 super

111 2957 209 3010 noster
227 2952 355 3009 eximius
377 2953 531 3022 imperator
551 2951 632 3008 misit
648 2965 699 3008 nos
712 2952 747 3008 ad
763 2955 801 3018 te,
816 2951 934 3009 dicens:
988 2948 1040 3004 hac
1055 2962 1121 3005 voce
1135 2950 1308 3020 aequanimis
1324 2964 1401 3021 papae
1416 2951 1566 3008 audaciam
1580 2955 1667 3023 atque
1684 2957 1815 3010 constan-

111 3043 178 3099 Dece
199 3043 231 3098 iu
247 3046 355 3113 quanta
375 3042 466 3115 gloria
487 3042 568 3113 prius
588 3041 759 3111 consistens,
777 3042 806 3097 in
823 3042 935 3112 qualem
952 3020 1058 3094 Gaiam
1083 3052 1133 3108 pro
1156 3038 1272 3095 Christo
1296 3040 1326 3094 in
1349 3043 1439 3096 morte
1460 3053 1523 3111 sua,
1545 3040 1678 3112 equidem
1700 3041 1735 3099 ad
1759 3041 1813 3099 hoe

113 3133 241 3190 ordinem
257 3136 284 3187 te
301 3133 394 3202 ipsum
410 3132 540 3189 duxistil
559 3145 641 3188 nemo
655 3131 709 3187 tibi
726 3131 794 3188 iecit
810 3132 872 3200 hoc,
887 3133 934 3188 sed
988 3127 1099 3198 positus
1119 3132 1181 3184 erat
1203 3127 1279 3183 calix
1304 3128 1457 3198 passionis.
1486 3127 1629 3185 Similiter
1650 3134 1678 3185 et
1704 3128 1734 3186 bi
1760 3131 1810 3202 qui

115 3222 217 3292 tuipse
229 3221 411 3292 tibimetipsi.
426 3223 587 3292 lpseautem
601 3220 764 3278 nihiialiud
776 3222 933 3292 respondit,
985 3220 1191 3287 consequentes
1210 3219 1291 3270 erant
1308 3215 1334 3270 ei
1356 3219 1512 3287 stupentes,
1530 3220 1646 3286 accepto
1665 3216 1811 3275 libellario

115 3311 165 3367 nisi
177 3310 274 3367 solum
289 3309 469 3367 boczdloria
481 3315 509 3367 ει
520 3311 677 3382 gratiarum
690 3310 766 3367 actio
780 3323 828 3381 per
838 3311 935 3367 omnia
985 3303 1114 3360 seriatim
1136 3308 1239 3361 cuncti
1261 3302 1339 3359 dicii
1358 3317 1374 3360 a
1396 3302 1478 3360 beato
1499 3305 1571 3376 rir0,
1597 3305 1810 3364 conscribentes

113 3399 158 3456 soli
175 3399 333 3456 immortali
350 3399 428 3472 ilegi.
445 3399 523 3456 Dicit
540 3401 573 3456 ad
589 3413 652 3456 cum
668 3399 871 3455 Demosthenes
895 3412 935 3455 re·
985 3398 1171 3450 recesserunt.

114 3489 248 3560 scriptor:
264 3488 443 3561 Signiticavit
463 3489 518 3545 tibi
537 3488 711 3556 dominator,
731 3487 780 3544 dic
799 3488 883 3545 nobis
901 3502 934 3546 ea
1017 3482 1096 3539 Fecit
1118 3495 1185 3554 ergo
1207 3482 1457 3539 reverentissimus
1481 3495 1553 3553 papa
1572 3483 1604 3539 in
1625 3482 1723 3539 eodem
1743 3483 1809 3542 Dio·

115 3590 168 3648 quse
189 3577 226 3635 de
248 3578 356 3649 Pyrrho
380 3578 580 3650 expatriarcha
602 3576 650 3634 bic
672 3582 701 3634 ει
722 3578 816 3634 llomae
838 3579 934 3635 subse
983 3571 1075 3629 medis
1089 3571 1233 3644 ergastulo
1246 3571 1391 3643 octoginta
1407 3571 1536 3643 quinque
1548 3571 1611 3629 dies
1623 3574 1688 3642 post
1700 3571 1808 3643 primas

116 3671 228 3736 quenter
248 3672 328 3739 gesta
346 3673 423 3724 sunt.
447 3669 501 3724 Pro
521 3680 577 3739 qua
595 3680 682 3724 causa
703 3666 777 3723 abiit
796 3667 928 3724 Romam:
983 3662 1139 3733 nonaginta
1152 3665 1227 3733 tres3
1242 3660 1296 3716 hoc
1308 3664 1461 3717 estnmnes
1474 3661 1560 3717 simul
1573 3673 1709 3718 csxxrns
1722 3661 1808 3718 Venit
1924 3719 1927 3724 ,

114 3754 267 3823 insensum
288 3756 405 3826 proprio
420 3756 592 3828 proposito‘l
612 3756 795 3826 Respondens
814 3759 932 3813 sanctus
982 3751 1073 3824 igitur
1087 3749 1223 3822 sagoleba
1242 3748 1347 3820 scriba,
1362 3749 1471 3820 dicens,
1488 3749 1665 3822 quiajussus
1681 3764 1744 3806 sum
1759 3764 1809 3809 au·

116 3857 175 3917 papa
196 3845 292 3903 dixit:
316 3846 436 3917 Proprie
458 3845 616 3917 proposito.
636 3843 686 3900 tic
705 3845 928 3902 Demosthenes:
981 3839 1056 3896 terre
1067 3843 1094 3895 te
1110 3839 1188 3909 hinc,
1202 3843 1231 3894 et
1245 3836 1401 3895 transferre
1414 3838 1444 3894 in
1458 3838 1575 3895 domum
1588 3852 1688 3912 meam,
1702 3843 1808 3911 etpost

116 3931 245 3992 libellum
257 3934 341 3991 illum
354 3935 497 4006 quomodo
513 3933 581 3991 lecit
591 3933 800 4005 ‘lcompellente
810 3934 932 4007 aliquoi
980 3928 1043 3984 dies
1056 3928 1130 3984 duos
1143 3928 1270 4001 dirigere
1291 3932 1318 3983 te
1332 3941 1389 4000 quo
1402 3927 1523 3998 jusserit
1538 3926 1610 3983 mihi
1626 3928 1804 3987 sacellarius.

116 4020 261 4096 lespoudit
275 4029 392 4081 sauctus
405 4024 468 4081 vir:
485 4024 615 4090 Neuius,
630 4025 678 4080 sed
700 4024 816 4094 propria
832 4038 932 4095 propa
981 4017 1177 4088 interrogante
1191 4021 1286 4073 autem
1303 4030 1374 4086 papa
1389 4030 1445 4087 quo
1458 4016 1607 4073 ducendus
1618 4021 1703 4090 esset,
1718 4017 1762 4074 rei
1775 4018 1805 4074 ln

116 4111 216 4171 titione.
235 4114 438 4170 Demosthenes
457 4113 576 4184 inquit:
598 4112 735 4169 Veniente
753 4113 861 4184 Pyrrho
880 4113 933 4173 llo.
982 4119 1066 4176 quem
1081 4103 1187 4175 locum,
1202 4103 1297 4161 noluit
1308 4104 1334 4160 ei
1348 4104 1453 4160 dicere.
1469 4104 1596 4177 Rogabat
1609 4118 1676 4179 ergo
1689 4110 1806 4164 sanctus

116 4213 186 4274 nam,
200 4204 344 4275 quemme
356 4202 485 4273 suscepit
496 4215 562 4259 eum
578 4206 697 4257 sanctus
709 4201 754 4257 vir
766 4201 931 4259 Theodorus
982 4194 1042 4264 iiie,
1057 4198 1090 4250 ut
1101 4194 1245 4250 sineretur
1258 4193 1288 4248 in
1300 4194 1397 4249 eadem
1409 4194 1551 4268 custodia,
1565 4208 1715 4267 quousque
1724 4209 1807 4254 exsu-

115 4289 233 4350 deessor
261 4297 330 4350 tuus
360 4291 458 4363 papa?
483 4290 526 4348 uti
554 4289 748 4361 episcopum?
773 4290 930 4362 Respondit
982 4282 1100 4354 laretur,
1116 4289 1145 4339 et
1159 4282 1193 4338 ad
1210 4282 1309 4339 horam
1324 4280 1486 4339 auferretur
1499 4283 1535 4338 de
1549 4284 1698 4354 custodia;
1711 4288 1740 4341 et
1753 4298 1805 4341 nec

115 4381 274 4452 equanimis
291 4393 371 4451 papa,
387 4384 417 4436 ct
429 4379 572 4451 quomodo
587 4377 665 4435 nont
679 4378 729 4451 qui
746 4379 828 4449 prius
843 4393 927 4450 quam
942 4368 1034 4429 Dboc
1047 4385 1214 4429 concessum
1229 4375 1274 4427 est
1286 4371 1324 4427 εἰ.
1340 4371 1392 4427 Sed
1406 4371 1483 4427 circa
1499 4384 1631 4428 occasum
1646 4371 1719 4429 solis
1730 4372 1805 4430 dicit

115 4469 210 4526 reniret
221 4468 349 4541 Pyrrhus
359 4469 486 4540 Romam,
501 4467 653 4524 manifeste
665 4467 784 4537 scripsit
796 4468 863 4541 buc,
875 4469 928 4525 hoe
977 4458 1802 4532 venerabilispapahisquierantinergastulo:Accedlte,

113 4562 145 4613 tsi
164 4558 265 4616 beatus
285 4557 460 4624 Theodorus,
481 4558 514 4614 ad
536 4556 679 4625 Paullum,
699 4561 797 4628 utpote
813 4558 847 4614 ad
862 4571 927 4615 eum
978 4552 1091 4618 iratres,
1114 4551 1176 4607 vale
1191 4548 1352 4619 iaciamus:
1366 4549 1435 4622 quia
1456 4561 1520 4605 ecee
1542 4561 1619 4605 nunc
1643 4547 1737 4604 aderit
1751 4548 1802 4619 qul

115 4646 153 4715 qni
169 4647 304 4704 indecens
318 4645 428 4718 iecerit,
445 4650 474 4702 et
487 4645 610 4703 alterius
625 4645 761 4703 thronum
777 4646 925 4703 invaserit.
978 4640 1089 4698 auferat
1104 4653 1148 4695 me
1164 4639 1240 4695 hine.
1258 4640 1292 4694 Et
1308 4638 1377 4708 hac,
1393 4638 1506 4695 dicente
1520 4651 1564 4706 eo,
1581 4636 1732 4695 hauserint
1745 4638 1804 4695 sin·

81 4725 88 4737 '
114 4732 206 4794 Deinde
227 4740 323 4794 autem
348 4740 448 4806 sponte
471 4748 523 4792 sua
544 4736 642 4792 codem
666 4735 775 4806 Pyrrho
796 4736 926 4792 veniente
978 4729 1038 4802 guli
1059 4728 1187 4785 calicem.
1210 4729 1245 4784 Et
1264 4741 1386 4800 surgens
1405 4740 1504 4784 sereno
1525 4725 1607 4784 vultu
1626 4741 1691 4784 eum
1712 4726 1803 4784 multa

114 4819 215 4881 Romam
231 4825 267 4881 ad
284 4824 406 4898 vestigia
420 4823 495 4880 beati
511 4821 599 4893 Petri,
616 4823 759 4894 quomodo
773 4836 830 4880 non
846 4823 928 4880 babe-
977 4817 1138 4877 constantia
1162 4820 1248 4888 atque
1263 4817 1421 4889 gratiarum
1442 4816 1555 4873 actione
1573 4814 1648 4873 dicit
1661 4816 1695 4874 ad
1712 4831 1802 4875 unum

113 4918 145 4970 ret
167 4929 232 4973 eum
258 4914 405 4984 suscipere
431 4926 584 4984 precessor
610 4926 699 4981 meus,
725 4916 754 4969 et
775 4912 924 4985 bonorare,
976 4907 1210 4967 concurrentium
1231 4906 1288 4961 sibi
1309 4905 1459 4976 dilectum,
1480 4907 1531 4977 qui
1553 4911 1614 4963 erat
1634 4907 1697 4962 ibi:
1718 4908 1800 4979 Veni,

114 5007 197 5075 utpote
210 5003 401 5075 episcopum?
414 5002 598 5073 impendens
611 5001 816 5059 Demosthenes
829 5001 923 5058 dixit:
976 4997 1092 5055 domine
1107 4995 1204 5066 trater,
1221 4998 1248 5050 et
1262 4995 1298 5050 da
1314 4993 1387 5049 mibi
1405 5008 1510 5065 pacem.
1531 4996 1621 5051 Erant
1635 5009 1719 5066 porro
1734 5012 1803 5069 prae·

113 5089 169 5152 iere
188 5094 296 5151 verius
316 5092 359 5150 sie
374 5107 405 5150 se
425 5092 518 5149 babet.
535 5091 615 5148 Unde
634 5096 728 5148 autem
749 5092 878 5149 sumebat
894 5107 926 5149 ea
976 5086 1074 5143 cordia
1088 5083 1187 5141 fratris
1200 5083 1293 5154 iliius,
1308 5083 1385 5139 sicut
1397 5083 1469 5138 mihi
1483 5084 1545 5155 ipsc
1557 5082 1697 5172 referebat
1708 5087 1739 5143 in
1750 5086 1801 5144 llla

113 5193 162 5251 tue
175 5183 210 5241 ad
232 5197 317 5240 usum
337 5183 384 5239 sui
404 5182 535 5253 corporis
549 5185 632 5238 erant
646 5182 831 5238 necessaria?
848 5182 926 5238 Dicit
977 5176 1057 5245 bora,
1068 5173 1164 5245 qualia
1173 5170 1801 5246 utconiiciodiscipuiiilliuscontemplantis

111 5265 213 5331 letus:
246 5271 396 5330 blanileste
422 5271 458 5328 de
496 5269 674 5327 Patriarehio
706 5270 841 5328 Romano.
876 5271 926 5328 Ait
975 5264 1128 5322 Dominum
1147 5263 1177 5318 in
1195 5274 1289 5318 cruce.
1305 5262 1367 5317 Non
1381 5261 1478 5318 valens
1493 5275 1570 5336 ergo,
1592 5267 1625 5320 ut
1637 5262 1802 5334 aiebateo

111 5367 294 5420 execrator:
318 5360 420 5433 Qualis
444 5361 527 5432 panis
548 5361 671 5417 dabatur
692 5361 745 5416 ei‘l
768 5361 926 5433 Respondit
976 5353 1074 5409 hiberti
1097 5352 1235 5421 stibium,
1260 5354 1379 5406 liminii
1400 5362 1465 5407 eum
1490 5350 1572 5409 berit)
1595 5352 1629 5408 id
1657 5350 1798 5420 osculum,

110 5444 279 5509 honorabilis
291 5450 354 5507 vir:
368 5451 425 5506 Uos
435 5448 546 5507 domiui
560 5450 626 5522 mei,
639 5449 758 5505 nescitis
768 5450 923 5506 Ecclesiam
976 5441 1095 5514 irrugiit
1105 5438 1194 5496 frater
1204 5443 1237 5496 ui
1247 5439 1300 5497 leo-
1319 5439 1389 5496 Cum
1403 5453 1437 5496 eo
1449 5445 1544 5496 autem
1561 5439 1635 5496 luibi
1647 5443 1800 5511 praesentes

109 5536 278 5599 louauam‘l
296 5539 366 5598 Dico
386 5538 463 5596 euim
482 5539 575 5611 vobis,
596 5538 665 5610 qnia
689 5538 824 5610 quisquis
847 5539 925 5595 venit
975 5544 1072 5588 omnes
1085 5528 1315 5586 lamentabantur
1326 5527 1452 5585 terribili
1466 5527 1599 5584 lamento.
1611 5528 1754 5584 anxiatus
1767 5526 1797 5581 in
