3876 6090
58 120 111 183 em
433 107 1375 176 contncnnnnd.-nnnsiisnnnocn1stneitnnisnonn.
1716 128 1770 187 ma

60 267 124 311 uem
137 266 173 310 ac
188 249 421 319 mutabilitatem,
439 246 694 318 confusionemque
710 259 743 301 ac
759 245 885 317 phanta-
897 231 926 290 A
940 239 1077 298 idiomata
1092 247 1168 304 sunt.
1182 243 1217 300 Et
1226 246 1321 302 omnis
1335 249 1465 317 operatio
1480 251 1622 308 naturalis
1637 253 1771 313 substan.

60 347 132 401 siam
143 340 353 399 ctdivisionem
365 337 518 409 utriusque
527 343 636 394 nature
650 335 742 407 ipsius
753 348 886 405 prouun-
939 328 1009 385 tiam
1028 329 1146 403 indicat,
1160 346 1195 389 ex
1212 347 1268 404 qna
1283 335 1412 404 procedit
1427 341 1456 392 et
1471 335 1570 393 inestb
1586 357 1592 393 :
1606 344 1634 394 ει
1652 340 1766 399 iudiea-
1869 382 1875 395 .

61 431 293 505 itances,etpuri
311 428 425 499 perhoc
441 427 576 497 nominis,
591 424 885 496 veiprndigncujus-
939 417 1029 475 tivum
1057 421 1286 494 uniuscnjusque
1314 429 1422 481 nature
1448 426 1586 497 operatio,
1610 434 1639 483 ει
1661 435 1714 491 εει,
1740 436 1769 488 ει

60 522 124 577 dam
137 525 256 575 matrem
270 523 394 575 sanctam
407 529 518 584 semper
529 514 675 586 Virginem
689 527 720 569 ac
736 512 785 567 Dei
801 510 887 583 geni·
940 509 1124 577 cognoscitur
1137 512 1287 567 naturalis.
1301 513 1335 568 Et
1345 514 1439 570 omnis
1450 520 1552 571 natura
1566 517 1690 585 proprie
1706 531 1771 588 ope·

60 609 161 665 tricem
185 611 302 663 matrem
323 604 490 661 scribentes.
511 603 619 659 Deinde
639 614 706 657 vero
722 600 804 667 hauc,
821 610 885 670 que
941 594 1063 651 rationis
1082 598 1266 655 substantiali
1283 600 1393 657 ratione
1414 603 1608 674 cognoscitur,
1625 608 1653 659 ει
1674 607 1769 662 omnis

61 695 196 752 videlicet
206 695 237 751 in
250 707 283 750 eo
296 693 332 749 ab
348 693 410 748 iliis
423 691 613 763 dogmatizata
627 695 679 760 est,
693 701 778 745 unam
788 686 889 744 volun·
942 687 1043 738 natura
1058 687 1271 742 convenientem
1286 688 1342 744 sibi
1356 703 1443 760 seque
1456 690 1672 763 significantem
1686 693 1771 750 hahet

63 786 147 839 tatem
170 786 200 838 ct
218 794 303 838 unam
329 779 522 849 operationem
548 782 723 848 respuentes,
748 781 776 832 ει
797 787 889 845 neque
942 772 1134 839 operationem
1155 775 1225 830 hanc
1240 775 1275 832 ah
1289 777 1357 833 aliis
1371 778 1592 851 discernentem,
1614 778 1772 838 diffinitio-

62 885 159 940 unam,
179 884 271 941 neque
282 871 364 940 duas,
384 867 470 925 idest
485 867 654 924 divinamet
670 866 823 921 humanam
836 876 889 918 vo-
943 871 1049 930 nesque
1063 860 1290 920 subsecutiarum
1310 866 1455 923 naturales
1470 880 1568 923 earum
1588 869 1771 938 operationes

62 959 202 1015 luntatem
226 957 268 1013 rei
291 957 483 1027 operationem
507 955 537 1011 iu
557 968 601 1023 eo,
619 953 661 1009 vei
681 952 833 1024 quamdam
854 963 889 1005 cx
942 962 1007 1004 vcra
1028 950 1100 1006 ratio
1122 953 1209 1008 novit.
1230 954 1274 1023 nt,
1300 958 1329 1010 ut
1351 955 1551 1025 compendiose
1572 956 1699 1028 dicatur,
1719 972 1771 1016 nec

62 1045 198 1103 omnihus
212 1045 341 1102 coutiteri
359 1044 495 1114 volentes,
515 1057 571 1099 non
585 1042 677 1098 solum
696 1038 847 1097 instabiles
861 1040 889 1093 ει
943 1042 1073 1094 naturam
1094 1040 1156 1095 sine
1175 1043 1339 1109 operatione
1358 1058 1421 1114 que
1437 1044 1516 1099 iiiam
1536 1044 1771 1102 substantialiter

64 1134 307 1207 tergiversatores,
326 1132 374 1188 sed
390 1139 418 1188 ct
433 1131 587 1197 hereticis,
609 1129 659 1200 qui
676 1126 889 1185 inconfusione
943 1125 1156 1197 characterizet,
1176 1142 1226 1184 nec
1246 1145 1347 1187 rursus
1366 1132 1541 1189 veluntatem
1559 1132 1602 1188 vel
1621 1134 1771 1204 operatio-

63 1235 92 1278 ac
106 1221 262 1292 phantasia
276 1227 304 1276 et
317 1219 463 1276 divisione
481 1225 658 1287 erraverunt,
676 1216 768 1289 magis
783 1214 889 1285 impios
944 1227 1007 1269 nem
1029 1221 1140 1271 constat
1163 1231 1224 1273 esse
1246 1219 1309 1274 sine
1330 1220 1452 1289 quadam
1474 1220 1648 1285 substantia,
1672 1222 1701 1279 id
1727 1226 1771 1279 εει

63 1311 116 1381 ipsi
128 1311 243 1381 seipsos
251 1309 377 1379 propriis
385 1306 706 1380 verbisctdogmatihus
718 1308 887 1361 monstrant.
944 1302 1104 1372 possibilec
1118 1345 1125 1375 ,
1136 1305 1373 1375 quemadmodum
1386 1307 1486 1364 divina
1496 1309 1704 1366 concionantur
1714 1309 1770 1368 clo-

64 1401 130 1455 liam
147 1399 195 1454 illi
210 1398 325 1469 quidem
344 1397 388 1453 vei
405 1409 501 1467 unam,
520 1396 565 1452 illi
587 1409 653 1451 vero
669 1408 720 1450 nec
735 1408 820 1450 unam
836 1407 889 1449 vo·
943 1391 1022 1462 quia,
1038 1397 1066 1447 ει
1086 1392 1148 1462 ipsa
1164 1407 1258 1450 rerum
1276 1400 1378 1451 natura
1397 1396 1509 1453 clamat.
1533 1396 1625 1470 Igitur
1640 1399 1769 1455 voiunta-

64 1487 202 1543 loutatem
215 1485 258 1541 vei
269 1485 462 1555 operationem
477 1498 541 1540 cum
556 1483 659 1539 hahere
669 1481 779 1553 volunt,
793 1494 826 1537 ac
839 1494 889 1551 per
943 1483 998 1533 tem
1014 1483 1042 1534 ει
1056 1481 1248 1549 operationem
1265 1496 1350 1538 uuam
1371 1489 1473 1553 preter
1491 1486 1564 1542 duas
1581 1485 1657 1541 circa
1676 1485 1770 1543 Salva-

64 1574 112 1632 hoc
130 1573 384 1630 insubstantialem
404 1573 486 1629 iilum
504 1577 532 1629 ει
543 1570 774 1639 inessentialem,
790 1569 889 1626 minus
903 1546 930 1608 Β
944 1565 1033 1623 torem
1061 1569 1208 1626 Christum
1236 1570 1362 1643 tigentes,
1391 1579 1420 1628 ct
1448 1574 1618 1630 necessitate
1642 1574 1655 1612 i
1682 1574 1770 1630 ctiam

63 1663 137 1718 cuim
152 1669 199 1718 cst
212 1660 308 1718 dicere
322 1661 385 1717 sinc
400 1661 556 1730 voluntate,
572 1673 605 1715 ac
619 1658 764 1728 impotem,
781 1670 889 1713 sccun—
943 1654 1029 1710 aliam
1049 1661 1179 1713 naturam
1201 1665 1303 1728 preter
1324 1658 1462 1731 divinam,
1483 1667 1515 1718 ut
1533 1662 1643 1718 dictum
1664 1666 1717 1733 cst,
1740 1666 1770 1719 et

63 1749 129 1806 durn
141 1754 408 1820 utrasquenaturas
418 1747 783 1819 pronuntiauecumjuxta
794 1759 890 1802 sacras
945 1742 1098 1800 humanam
1128 1750 1290 1802 extraneam
1315 1749 1465 1817 quamdam
1491 1751 1677 1806 existentium
1704 1763 1770 1806 om·-

62 1836 254 1893 diffinitiones
264 1843 292 1893 ει
304 1837 429 1893 rationes
437 1836 596 1906 corruptio,
609 1835 638 1891 id
650 1839 694 1891 εει
707 1835 890 1904 interemptio
945 1832 1025 1888 nium
1041 1833 1163 1889 alienam
1182 1833 1354 1904 plasmantes
1373 1837 1520 1906 applicant
1535 1839 1572 1905 ci,
1590 1839 1675 1907 cujus
1687 1845 1769 1893 esse⁰

61 1929 85 1980 et
97 1925 293 1980 inexistentia
309 1930 427 1995 nature,
448 1924 624 1980 naturalium
644 1922 847 1979 habitudinum
862 1927 892 1978 ct
942 1921 1000 1991 iam
1011 1921 1182 1977 dictomase
1193 1937 1277 1978 unam
1289 1924 1473 1992 voluntatem,
1489 1940 1552 1995 que
1563 1926 1771 1997 inanehgmen·

60 2014 266 2083 operationum
287 2020 371 2084 atque
385 2013 525 2070 virtutum
548 2012 701 2068 intirmitas
719 2017 748 2067 ct
763 2009 891 2068 detectus
944 2015 1005 2066 tum
1021 2010 1092 2065 ticte
1106 2011 1292 2082 cogitationis
1306 2017 1359 2083 est,
1372 2019 1401 2067 et
1415 2026 1528 2083 germen
1541 2014 1617 2084 quod
1630 2013 1666 2069 ah
1680 2013 1772 2070 idolo·

54 2103 180 2174 existat,
197 2107 226 2157 et
240 2101 315 2172 quod
336 2101 538 2157 universaliter
555 2100 701 2157 voluntate
716 2098 842 2156 naturali
857 2112 890 2155 ac
944 2097 1028 2154 latria
1046 2098 1088 2153 nii
1111 2099 1225 2168 penitus
1242 2098 1348 2155 ditiert.

53 2190 253 2248 substantiali
273 2191 437 2260 operatione
456 2190 595 2260 privatur,
617 2203 708 2260 neque
724 2193 777 2255 εει,
798 2201 890 2258 neque
978 2188 1054 2241 Deus
1068 2186 1144 2242 euim
1160 2188 1247 2243 simui
1263 2192 1292 2243 ct
1307 2189 1391 2245 homo
1405 2189 1530 2246 salvator
1543 2189 1678 2260 existens,
1694 2189 1768 2247 duas

48 2280 177 2352 aliquid
197 2285 250 2348 cst,
267 2292 358 2350 neque
371 2283 414 2335 est
428 2278 536 2350 quevis
554 2279 618 2347 ejus
631 2279 765 2335 essentia.
783 2280 818 2333 Et
834 2289 890 2333 non
945 2276 1056 2332 tantum
1079 2283 1268 2347 congruentes
1289 2278 1347 2332 sihi
1368 2283 1487 2334 naturas
1506 2283 1533 2334 ει
1556 2279 1717 2335 voluntates
1739 2284 1767 2335 ει

48 2369 159 2440 ipsum
177 2372 301 2438 tantum,
315 2368 403 2424 sedet
418 2369 538 2438 Patrem,
553 2373 581 2424 et
594 2368 734 2437 Spiritum
748 2371 888 2437 sanctum,
944 2364 1134 2434 operationes,
1164 2364 1193 2421 id
1220 2370 1264 2421 est
1290 2366 1417 2422 divinam
1442 2372 1470 2422 ct
1494 2367 1647 2424 humanam
1672 2367 1769 2440 hahet,

45 2457 312 2514 insubstantivum
330 2461 475 2529 astruunt,
488 2461 516 2512 et
528 2455 737 2512 inexistentem.
756 2455 889 2525 Eiusdem
944 2453 1183 2522 quemadmodum
1199 2454 1299 2524 inclyti
1314 2462 1499 2525 preceptores
1515 2457 1606 2512 nostri
1621 2469 1654 2512 ac
1666 2456 1769 2513 docto-

42 2547 139 2603 euim
157 2545 292 2616 utrisque
305 2544 366 2600 iilis
384 2543 563 2614 substantie,
576 2543 604 2600 id
617 2549 661 2600 est
671 2543 799 2613 deitatis,
809 2548 838 2598 ει
846 2557 894 2600 vo-
946 2553 991 2595 res
1009 2539 1150 2597 affirmant
1171 2561 1177 2596 ι
1195 2555 1250 2598 nou
1276 2557 1361 2599 uuam
1380 2548 1409 2599 ει
1431 2545 1513 2615 duas,
1535 2544 1564 2600 id
1584 2549 1628 2600 est
1649 2549 1716 2616 tres,
1738 2550 1772 2602 ut

43 2634 200 2697 luntatis.
221 2647 254 2689 ac
270 2633 446 2704 operationis
463 2634 587 2690 salvator
604 2632 714 2702 existit,
732 2627 891 2688 secuudum
945 2627 1101 2686 adversarii
1117 2631 1320 2703 dogmatizant,
1337 2648 1393 2704 quo
1404 2633 1478 2690 illud
1492 2633 1706 2690 evidentissime
1719 2646 1771 2707 ge-

44 2722 140 2794 quod
156 2728 239 2779 estet
252 2722 362 2779 dicitur
379 2726 481 2778 natura
499 2723 590 2778 Deus:
609 2721 650 2778 ita
665 2726 698 2777 ut
712 2722 893 2793 subsequen·
946 2724 1020 2788 rant,
1046 2719 1122 2789 quod
1144 2720 1214 2776 olim
1236 2735 1253 2776 a
1274 2723 1331 2778 Dee
1355 2736 1405 2792 per
1424 2723 1527 2779 isaiam
1549 2723 1715 2795 prophetam
1738 2705 1784 2780 in'

47 2815 114 2883 ter,
136 2816 166 2868 et
183 2809 329 2868 dominam
348 2815 475 2867 nostram
493 2823 558 2866 vere
575 2810 786 2867 sanctissimam
806 2823 892 2879 super
945 2806 1119 2863 calumniam
1145 2809 1265 2880 dicitur,
1294 2810 1322 2865 id
1346 2816 1389 2867 est
1411 2830 1417 2866 :
1442 2811 1581 2882 caupones
1607 2814 1649 2866 toi
1676 2815 1772 2868 vinum

43 2912 164 2956 omues
175 2903 291 2955 sanctos
301 2898 488 2955 venerandam
502 2898 615 2954 scilicet
625 2904 654 2954 ει
665 2898 846 2968 laudandam,
859 2859 1019 2964 uinaque
1048 2898 1162 2951 miscent
1191 2895 1255 2967 (isa.
1288 2912 1309 2967 r,
1333 2896 1387 2969 22).
1417 2899 1453 2955 iit
1479 2900 1556 2955 euim
1587 2907 1715 2971 apparet,
1741 2906 1770 2958 et

47 2987 183 3058 proprie
201 2999 235 3042 ac
248 2998 305 3042 non
324 2984 479 3058 fallaciter,
498 2987 637 3043 veraciter
653 2986 704 3043 itei
722 2987 888 3057 genitricem
947 2982 1008 3055 isti,
1023 2984 1140 3040 verbum
1154 2986 1288 3042 veritatis
1302 3000 1462 3056 cauponum
1479 3001 1556 3044 more
1570 2988 1770 3062 adulterando,

48 3088 235 3147 semperque
255 3075 411 3147 Virginem,
428 3089 484 3131 non
499 3075 615 3145 proprie
629 3089 663 3132 ac
675 3076 814 3131 veraciter
828 3090 892 3132 ma·
947 3073 1105 3128 naturalem
1130 3072 1299 3129 dualitatem
1320 3075 1498 3132 voluntatum
1524 3080 1552 3132 et
1572 3077 1772 3146 operationum

52 3169 138 3220 trem
155 3162 207 3219 Dei
222 3162 395 3233 describant,
409 3164 457 3221 sed
473 3164 597 3236 ejusqui
614 3163 780 3220 nullomodo
795 3177 893 3220 secun·
946 3160 1098 3217 salvatoris
1110 3161 1201 3217 nostri
1216 3160 1324 3217 Christi
1336 3176 1393 3218 una
1405 3164 1550 3220 voluntate
1561 3177 1595 3220 ac
1607 3166 1773 3234 operatione

54 3252 134 3308 dum
154 3252 234 3321 ipses
250 3251 360 3308 existit.
376 3253 411 3307 Et
430 3251 479 3308 isti
498 3252 615 3324 quidem
631 3252 781 3309 talihusac
802 3253 893 3310 tantis
946 3264 1019 3322 que,
1033 3250 1062 3305 iu
1077 3251 1138 3319 ipso
1149 3249 1183 3304 ah
1200 3251 1343 3307 hereticis
1359 3251 1409 3321 qui
1424 3250 1636 3307 inconfusione
1650 3253 1774 3309 aedivi-

64 3339 269 3410 impietatibus
283 3340 369 3411 capti,
385 3354 433 3410 per
443 3354 495 3397 sua
508 3340 638 3411 ipserum
651 3341 783 3413 dogmata
794 3354 893 3412 propa-
946 3338 1026 3395 sienc
1036 3352 1086 3394 seu
1098 3338 1248 3408 phantasia
1262 3339 1373 3409 decepti
1384 3345 1462 3410 suut,
1481 3339 1569 3409 impie
1583 3337 1774 3410 dogmatizata

64 3429 175 3485 tantur.
945 3433 999 3497 est,
1020 3427 1109 3483 veluti
1127 3427 1226 3482 vinum
1246 3440 1320 3498 aqua
1341 3428 1502 3496 miscentes,
1526 3433 1663 3498 utrasque
1681 3433 1773 3486 sectas
1885 3451 1889 3455 ·

101 3519 136 3573 iii
156 3532 233 3584 vero,
254 3517 304 3589 qui
327 3518 413 3575 simul
431 3516 502 3575 cum‘
518 3518 631 3575 duabus
648 3519 846 3575 voluntatibus
864 3523 893 3575 et
946 3516 1075 3573 confiteri
1092 3516 1285 3586 compellunt:
1300 3517 1375 3587 quod
1393 3518 1514 3586 impium
1535 3518 1674 3573 veraciter
1688 3522 1731 3573 est
1745 3522 1774 3573 et

68 3605 294 3676 operationibus,
311 3620 374 3676 que
386 3607 495 3663 sanctis
510 3607 657 3665 catholicae
673 3607 893 3664 institutoribus
946 3606 1072 3661 alienum
1101 3605 1290 3661 immaculate
1315 3606 1380 3661 ddei
1404 3612 1506 3662 nostre
1528 3605 1771 3662 Christianorum.

70 3694 201 3750 Ecclesia
221 3694 267 3764 pie
287 3694 316 3749 iu
336 3694 475 3770 salvatore
494 3701 591 3753 nostro
610 3695 724 3752 Christo
742 3695 890 3767 dicuntur,
945 3694 999 3763 Qui
1012 3709 1046 3749 ex
1058 3695 1207 3764 diametro,
1221 3694 1358 3750 similitor
1376 3699 1408 3750 ut
1422 3708 1605 3764 precessores
1617 3695 1773 3763 sui,ctiam

70 3783 154 3839 aliam
171 3795 256 3838 uuam
275 3783 371 3839 nescio
387 3785 462 3840 unde
478 3783 617 3856 tingentes
636 3784 765 3842 coutlteri
781 3783 890 3854 volunt,
947 3796 997 3852 per
1009 3781 1522 3839 huucaveritatedeciduntmodum.
1533 3782 1651 3853 AEquaie
1665 3782 1773 3852 quippe

71 3875 97 3925 ει
113 3871 356 3926 anathematizant
376 3885 425 3928 eos
443 3872 494 3944 qui
512 3886 568 3928 non
587 3886 710 3929 consone
728 3872 785 3928 sihi
805 3885 892 3928 unam
946 3884 979 3926 ex
992 3870 1131 3926 diametro
1145 3875 1173 3925 et
1187 3871 1283 3927 simile
1296 3871 1402 3928 malum
1415 3876 1459 3927 cst
1475 3885 1539 3927 cum
1556 3871 1689 3927 heretica
1703 3870 1775 3941 opi-.

71 3960 189 4030 etduas,
212 3959 240 4014 id
258 3965 301 4015 εει
324 3965 381 4015 tres
400 3961 561 4017 voluntates
579 3966 607 4017 ει
625 3962 804 4031 operationes
817 3961 847 4016 iu
860 3974 893 4017 co
947 3959 1032 4015 aione
1044 3964 1188 4028 paternam
1204 3959 1342 4029 projicere
1352 3972 1385 4014 ac
1399 3959 1551 4029 reprobare
1560 3959 1772 4029 orthodoxiam,

71 4047 242 4103 coutltentur
257 4067 263 4102 ι
279 4048 470 4106 nihilominus
486 4055 515 4105 ct
537 4050 587 4106 isti
607 4055 720 4106 sanctos
741 4050 892 4120 prophetas
946 4048 1129 4105 etcdiverso
1150 4062 1216 4104 cum
1238 4048 1289 4103 hac
1312 4048 1419 4117 pariter
1442 4053 1469 4103 et
1494 4047 1572 4103 illam
1597 4048 1727 4105 condteri
1745 4054 1775 4104 et

71 4135 254 4206 etapostolos
271 4149 304 4191 ac
327 4137 467 4207 doctores,
491 4139 605 4208 quinci
624 4152 710 4207 super
728 4139 779 4194 hos
794 4138 845 4209 qut
861 4138 892 4193 in
946 4137 1111 4206 approhare.
1134 4137 1198 4202 Quae
1209 4139 1281 4191 enim
1293 4138 1472 4206 participatio
1488 4137 1607 4204 jestitie
1618 4142 1645 4190 ct
1662 4138 1773 4204 iniqui-

73 4222 142 4293 ipsis
156 4223 272 4280 locutus
285 4227 339 4293 cst,
357 4225 414 4281 imo
427 4232 456 4282 ει
471 4240 547 4282 nuuc
562 4242 611 4297 per
625 4240 674 4283 eos
692 4225 806 4296 otiatur,
822 4239 893 4282 sau-
905 4205 933 4268 D
946 4228 997 4280 tuti
1008 4229 1022 4280 i
1034 4230 1083 4296 qast
1094 4241 1154 4295 pue
1168 4228 1281 4280 societas
1294 4226 1349 4279 tues·
1359 4225 1396 4278 ad
1410 4224 1535 4278 tenebras
1549 4227 1622 4277 aaut
1637 4239 1698 4292 pue
1712 4239 1773 4277 coe-

72 4311 231 4367 ctissimum
243 4312 384 4382 Spiritum
398 4315 648 4386 anathematizant,
660 4320 688 4371 et
698 4316 830 4371 traditam
844 4329 893 4385 per
945 4316 1034 4369 ventio
1055 4315 1155 4370 Christi
1166 4313 1204 4368 od
1217 4315 1305 4369 Beiict
1314 4316 1328 4367 i
1337 4318 1386 4368 cad
1400 4328 1461 4382 que
1472 4328 1539 4382 pure
1554 4312 1642 4381 fidelis
1660 4327 1721 4365 cum
1733 4314 1775 4366 in-

71 4411 117 4456 eos
139 4400 223 4456 nobis
245 4400 281 4455 ab
307 4401 357 4457 iiio
378 4409 504 4459 sanctam
526 4409 554 4459 ct
576 4404 786 4460 immaculatam
809 4403 892 4460 tidem
945 4403 1464 4475 tideliiquiaetemconsensustemplo
1480 4402 1529 4455 nei
1543 4400 1694 4455 cumidoiis
1708 4398 1776 4456 idi·

73 4489 152 4544 novis
177 4487 373 4545 adulterantes
407 4492 660 4549 adinventionibus
687 4492 838 4564 abnegant,
865 4497 893 4549 ει
945 4493 1032 4548 vinus
1047 4491 1090 4546 ait
1107 4491 1265 4559 Apostolus
1280 4489 1318 4561 (ii
1332 4490 1391 4545 Gor.
1408 4503 1447 4559 vi,
1465 4486 1508 4557 ii,
1524 4486 1567 4556 ii,
1584 4484 1635 4561 to).
1653 4490 1773 4558 iuquam

72 4576 156 4631 aliam
173 4576 203 4630 in
219 4575 358 4633 salvatore
371 4579 486 4637 Christo
503 4585 633 4636 naturam
650 4586 751 4651 preter
764 4580 892 4637 divinam
947 4594 1013 4637 vero
1031 4585 1060 4635 ct
1075 4578 1153 4648 ipsc:
1168 4577 1235 4646 Que
1251 4578 1447 4649 participatio,
1471 4577 1514 4633 vel
1536 4575 1773 4650 communicatio,

72 4671 99 4721 ει
109 4665 274 4731 humanam,
289 4671 451 4724 extraneam
470 4670 620 4740 quamdam
634 4674 662 4726 ει
674 4669 803 4728 omnium
817 4670 894 4726 alie-
946 4673 998 4726 aut
1017 4667 1178 4738 conventio,
1207 4672 1258 4723 aut
1281 4680 1357 4738 pars,
1382 4671 1434 4722 aut
1459 4680 1616 4722 consensus
1648 4666 1775 4722 Paterae

74 4766 134 4808 nam
158 4751 344 4810 existentium
365 4755 476 4827 tingunt
488 4767 504 4798 ⁸
519 4798 526 4828 ,
540 4757 624 4827 cujus
643 4771 704 4813 esse
721 4758 821 4814 volunt
834 4770 851 4812 a
863 4772 894 4815 se
947 4756 1124 4815 orthodoxiae
1151 4755 1185 4810 ad
1212 4769 1332 4826 nequam
1366 4754 1566 4811 hereticorum
1594 4754 1773 4826 opinionem,

74 4841 165 4897 ictam
189 4839 221 4895 iu
247 4839 298 4897 ilio
322 4856 407 4899 unam
430 4843 604 4900 voluntatem
629 4850 658 4901 ct
679 4845 891 4915 operationem:
947 4851 981 4902 ut
994 4859 1059 4902 cum
1078 4845 1167 4901 altera
1186 4843 1276 4901 altera
1298 4843 1469 4913 predicetur
1486 4843 1630 4899 ueletiam
1651 4857 1776 4914 respua-

75 4934 207 5002 puoniam
229 4934 325 4987 omnis
343 4933 475 4990 voluutas
494 4933 636 4990 naturalis
651 4939 680 4989 ct
694 4934 896 4991 substantialis
948 4934 1023 4991 turi

76 5023 199 5089 operatio
221 5030 330 5079 nature
350 5020 475 5091 protecto
494 5021 677 5078 voluntative
695 5023 895 5093 aceperativae
984 5024 1018 5077 Et
1047 5022 1100 5078 hoc
1121 5034 1235 5092 quoque
1258 5020 1417 5092 diiigenter
1444 5019 1605 5088 intendant,
1635 5021 1717 5092 quia,
1748 5019 1774 5075 si
1864 5076 1867 5087 ,

107 5157 122 5186 ⁸
135 5143 633 5214 dbomuihusquesuutinrebusa.
644 5145 893 5218 tinguntcouuur.
984 5146 1050 5201 iiix
1067 5145 1243 5201 necessitate.
1264 5145 1301 5199 ln.

109 5217 184 5272 hcm
205 5218 288 5272 inest.
306 5219 344 5271 lu.
983 5217 1097 5287 ⁰Cujus
1117 5216 1206 5272 velint
1220 5230 1289 5272 esse.
1306 5219 1345 5271 iu.

79 5287 274 5414 bi'‘ecianustare
295 5288 359 5343 sine
385 5287 506 5359 quadam
532 5287 706 5360 substantia,
730 5293 774 5344 cst
797 5289 895 5358 possi.
