3876 6090
133 221 192 280 sta
540 223 812 279 rnrsnrnamno
831 221 955 278 sxrsom
975 222 1021 277 vn
1039 223 1279 281 0000000000.-
1297 226 1397 282 00000
1418 230 1436 281 r.
1659 202 1662 210 ’
1792 231 1845 290 000

132 349 191 419 dis,
218 362 266 404 seu
295 347 439 405 localibus
466 349 600 405 conciliis
627 363 691 420 qua
719 349 875 405 orthodoxe
902 346 1192 419 ool-Acamphatus
1229 347 1360 424 [infausti
1400 351 1535 427 nominis]
1570 353 1747 413 tricaccabus
1782 355 1843 432 [ol.,

133 437 208 493 lecta
223 443 300 509 sunt,
318 443 351 493 ut
366 437 403 493 ab
421 437 520 494 haresi
538 450 709 509 quacunque
723 439 758 494 ad
776 437 964 494 orthodoxam
1022 438 1144 494 tricacos
1161 482 1167 509 ,
1184 441 1215 494 ot
1238 446 1277 495 rst
1293 484 1299 511 ,
1318 448 1361 496 ter
1380 439 1482 516 malus]
1497 460 1505 513 3
1523 457 1595 512 quos
1614 447 1729 501 evanuit
1749 456 1844 506 socta-

131 524 579 583 oonfessiouemettraditionem
595 527 964 583 catholhaEcclesiacon-
1021 531 1068 583 tus
1103 529 1191 585 miser
1228 531 1456 596 consolatium,
1494 532 1544 602 qui
1585 531 1679 590 iuerat
1718 539 1844 605 patriar-

133 617 224 683 versi,
240 616 270 670 in
290 616 411 687 scriptis
426 629 507 672 suam
522 615 662 688 abnegent
680 616 820 684 haresim,
836 622 865 671 00
879 615 962 670 fldem
1018 615 1081 687 cha,
1120 618 1182 672 llac
1218 618 1258 674 ita
1290 619 1453 687 confiteor,
1480 627 1507 675 et
1541 620 1587 677 his
1617 623 1787 695 assentior,
1815 631 1843 682 et

131 705 328 761 confiteantur
344 705 543 761 orthodoxam.
562 705 640 762 Unde
655 710 682 761 et
697 720 748 777 ego
762 705 888 762 Basilius
905 704 963 774 epi·
1019 703 1126 761 idcirco
1148 707 1177 760 in
1199 707 1385 778 simplicitate
1406 709 1502 766 cordis
1522 717 1641 766 0000000
1662 719 1763 783 mente,
1785 715 1843 771 Deo

130 808 238 864 scopus
257 794 389 850 civitatis
406 795 523 864 ancyra
541 808 701 865 proponens
717 794 794 850 uniri
813 794 961 850 catholica
1018 793 1090 849 mihi
1107 795 1303 852 testimonium
1324 798 1501 866 perhibente,
1517 800 1660 868 subjectos
1674 801 1843 858 anathema-

130 882 279 953 Ecclesia,
296 882 481 954 adrianoque
498 883 679 939 sanctissimo
696 896 784 953 papa,
800 889 827 938 et
843 882 960 937 Tarasio
1017 882 1117 939 tismos
1130 882 1205 941 lacio
1216 885 1272 940 hic.
1286 886 1516 943 Christianorum
1529 890 1799 960 calumniatoribus,
1811 891 1839 948 id

131 969 304 1028 beatissimo
320 971 502 1043 patriarcha,
517 986 567 1028 seu
583 972 812 1029 sanctissimiset
826 970 961 1041 apostoli·
1015 978 1058 1027 cst
1084 972 1241 1044 imaginum
1269 973 1497 1031 confractoribus
1526 978 1675 1033 anathema
1691 979 1697 1031 t
1711 980 1762 1034 His
1788 987 1838 1049 qut

126 1059 171 1115 cis
193 1060 311 1117 thronis
324 1060 514 1132 Alexandria,
530 1062 577 1117 sed
588 1067 617 1118 00
631 1059 799 1130 Antiochia,
813 1069 840 1117 ct
855 1066 960 1116 sancta
1013 1066 1166 1115 assumunt
1180 1060 1305 1132 eloquia,
1322 1077 1385 1132 qua
1397 1078 1413 1118 a
1425 1063 1524 1120 divina
1539 1065 1687 1134 Scriptura
1702 1065 1840 1122 aduersus

126 1149 270 1221 ciuitatis,
295 1163 404 1207 necnon
419 1150 554 1206 omnibus
567 1150 720 1207 othodoxis
735 1149 921 1220 pontificibus
930 1155 959 1204 00
1015 1147 1090 1204 idola
1104 1148 1298 1220 proteruntur,
1315 1152 1343 1207 in
1358 1153 1534 1210 venerabiles
1548 1154 1656 1226 iconas,
1670 1156 1836 1212 anathemat

128 1237 342 1309 sacerdotibus,
365 1244 530 1310 praesentem
556 1240 628 1296 banc
647 1238 855 1296 contessionem
876 1235 959 1312 [pro-
1013 1237 1063 1292 llis
1082 1238 1130 1309 qui
1147 1253 1202 1295 non
1219 1241 1345 1298 salutant
1363 1248 1478 1299 sanctas
1492 1250 1520 1299 et
1534 1244 1711 1300 venerabiies
1731 1245 1839 1317 imagi-

127 1324 295 1403 lessionem]
317 1343 406 1385 meam
421 1326 502 1385 iacio
520 1329 549 1384 in
566 1329 693 1400 scriptis,
712 1336 740 1387 et
759 1330 845 1386 000000
864 1329 955 1399 vobis,
1013 1341 1073 1398 nes,
1089 1327 1239 1386 anathema
1254 1331 1259 1384 l
1274 1332 1325 1388 llis
1340 1331 1389 1401 qui
1405 1332 1549 1403 appellant
1570 1347 1665 1389 sacras
1680 1334 1777 1391 iconas
1792 1335 1838 1391 si-

128 1417 177 1488 qui
188 1430 225 1472 00
235 1417 395 1489 apostolica
412 1419 581 1475 auctoritate
598 1424 761 1490 potestatem
778 1417 954 1488 sumpsistis.
1014 1416 1150 1484 mulaora,
1165 1420 1333 1474 anathemat
1350 1421 1401 1476 llis
1414 1421 1463 1491 qui
1479 1422 1591 1491 dicunt,
1607 1422 1683 1493 quod
1697 1423 1784 1478 sicuti
1799 1424 1836 1480 ad

127 1508 155 1562 lu
167 1505 397 1576 hooipsoetiam
409 1508 520 1562 veniam
538 1513 665 1579 expetoa
678 1507 822 1563 divinitus
838 1506 957 1562 collecta
1014 1504 1082 1559 deos
1098 1505 1257 1562 Christiani
1279 1509 1313 1564 ad
1335 1509 1475 1581 imagines
1494 1510 1642 1581 accedunt,
1663 1510 1835 1567 anathemat

127 1592 309 1650 beatitudine
328 1601 430 1667 restra,
450 1609 500 1666 pro
520 1587 573 1651 hac
590 1595 722 1653 tarditate
742 1609 811 1663 mea,
832 1595 956 1665 Oporte-
1012 1592 1063 1649 llis
1076 1594 1125 1664 qui
1141 1597 1355 1653 communicant
1371 1598 1494 1654 scienter
1508 1598 1551 1654 eis
1566 1599 1616 1669 qui
1636 1599 1836 1655 conviciantur

126 1681 268 1739 batonim
288 1690 320 1740 ut
339 1698 394 1742 non
414 1685 570 1742 orthodoxa
590 1684 768 1742 consessione
785 1684 952 1757 fraudarer,
970 1662 996 1726 Β
1012 1687 1040 1736 00
1060 1682 1236 1740 exhonorant
1261 1685 1439 1742 venerabiles
1460 1687 1566 1758 iconas,
1588 1688 1737 1744 anathema
1754 1687 1760 1740 0
1784 1688 1835 1744 llis

130 1771 175 1826 sed
188 1786 313 1828 summa
331 1773 611 1844 indisciplinationis
627 1788 704 1844 mea,
715 1779 744 1830 00
753 1776 849 1846 segnis
861 1788 894 1830 00
909 1788 955 1831 ne
1014 1771 1062 1840 qui
1083 1771 1203 1843 dicunt,
1218 1775 1292 1844 quod
1316 1782 1418 1844 prater
1435 1776 1582 1832 Christum
1603 1777 1756 1833 Dominum
1779 1790 1835 1833 no-

131 1858 271 1931 gligeutis
286 1862 391 1918 mentis
401 1870 445 1919 est
455 1862 517 1919 hoc.
534 1863 614 1919 Unde
629 1864 720 1934 magis
735 1863 873 1934 postuloa
884 1864 955 1920 bea·
1010 1864 1102 1914 strum
1115 1860 1192 1916 alius
1205 1876 1257 1918 nos
1269 1863 1304 1918 ab
1319 1864 1406 1919 idolis
1417 1863 1593 1935 liberaverit,
1605 1864 1755 1921 anathema
1766 1865 1772 1919 l
1783 1864 1833 1921 llis

130 1948 256 2005 titudine
273 1957 376 2023 restra,
399 1956 432 2007 ut
448 1959 476 2008 et
493 1952 608 2022 pietatis
624 1948 782 2027 [expetatis]
801 1966 817 2007 a
836 1954 893 2009 Deo
912 1953 954 2009 in·
1009 1949 1058 2018 qui
1075 1956 1215 2019 spernunt
1235 1953 1398 2024 magisteria
1419 1957 1582 2009 sanctorum
1600 1955 1715 2008 Patrum
1730 1959 1758 2010 00
1770 1960 1834 2009 000-

128 2035 305 2110 dulgentiam
322 2040 394 2095 mihi
414 2042 540 2097 concedi.
1007 2036 1145 2093 ditionem
1161 2039 1308 2095 catholica
1329 2041 1471 2113 Ecclesia,
1492 2041 1698 2110 praetendentes
1712 2048 1740 2097 00
1753 2053 1833 2097 assu·

156 2127 249 2184 Credo
270 2128 364 2201 igitur
380 2136 409 2187 ct
425 2130 560 2188 conliteor
576 2131 607 2187 in
627 2146 716 2189 unum
733 2133 822 2188 Deum
840 2133 949 2187 Patrem
1007 2133 1114 2182 mentes
1129 2141 1210 2184 voces
1222 2127 1297 2200 Arii,
1313 2129 1449 2201 Nestorii,
1465 2130 1632 2200 Eutychetis
1646 2135 1674 2185 et
1687 2130 1829 2202 Dioscori,

128 2216 349 2287 omnipotentem
366 2226 395 2275 00
411 2219 442 2274 00
460 2235 548 2277 unum
570 2221 723 2277 Dominum
747 2223 841 2278 lesum
862 2220 951 2276 Chri·
1005 2222 1090 2285 atque
1117 2217 1308 2288 perhibentes,
1339 2219 1494 2289 quodnisi
1521 2220 1556 2274 dc
1578 2219 1669 2274 Veteri
1692 2232 1726 2273 ac
1751 2221 1830 2276 Novo

128 2311 199 2360 stum
221 2304 332 2362 Filium
352 2309 415 2378 ejus
435 2308 625 2382 unigenitum,
640 2317 668 2367 00
684 2310 713 2365 in
733 2310 872 2380 Spiritum
888 2322 950 2365 san·
1004 2305 1181 2363 Testamento
1201 2308 1349 2364 evidenter
1368 2306 1508 2364 fuerimus
1527 2308 1630 2379 edocti,
1647 2321 1703 2364 non
1723 2321 1829 2379 seque-

128 2399 199 2450 rtum
215 2394 372 2451 Dominum
388 2397 614 2454 etriyitleantem
626 2416 634 2470 3
645 2400 814 2456 Trinitatem
830 2401 949 2458 consub-
1005 2409 1069 2451 mur
1083 2396 1218 2453 docrinas
1237 2403 1399 2454 sauctorum
1414 2399 1540 2466 Patrum,
1557 2411 1649 2469 neque
1663 2402 1827 2454 sanctarum

127 2483 290 2540 stantialem
305 2490 334 2540 00
348 2485 553 2558 considentem,
570 2486 600 2542 in
615 2500 672 2542 una
688 2487 804 2560 deitate,
823 2489 949 2559 potentia
1006 2481 1205 2560 [generalium]
1227 2487 1411 2558 synodorum,
1431 2493 1517 2558 atque
1536 2487 1719 2544 traditionem
1734 2487 1828 2543 00000

127 2578 150 2626 00
165 2577 308 2643 potestate
327 2572 499 2629 adorandam
517 2581 544 2632 et
561 2574 785 2647 glorificandam.
806 2578 949 2635 Confiteor
1003 2576 1066 2633 lica
1079 2576 1221 2648 Ecclesia,
1237 2576 1405 2632 anathemat
1419 2577 1469 2633 llis
1484 2576 1534 2647 qui
1547 2576 1659 2649 dicunt,
1677 2576 1752 2647 quod
1768 2576 1828 2632 dia·

130 2659 211 2716 etiam
227 2661 327 2718 omnia
344 2668 407 2733 qua
422 2669 490 2718 sunt
503 2663 728 2734 dispensationis
743 2666 832 2723 unius
843 2673 947 2724 sancta
1003 2664 1103 2722 bolica
1117 2667 1376 2739 argumentationis
1399 2666 1526 2722 inventio
1541 2666 1581 2722 sit
1593 2664 1703 2722 factura
1719 2665 1828 2738 imagi-

128 2749 287 2820 trinitatis,
304 2751 419 2808 Domini
435 2751 568 2809 videlicet
577 2759 605 2809 et
617 2754 665 2809 Dei
679 2755 769 2811 nostri
779 2756 845 2812 Jesu
859 2756 948 2812 Chri·
1003 2770 1081 2825 num,
1096 2763 1123 2812 et
1138 2770 1192 2812 non
1208 2762 1369 2811 sanctorum
1385 2757 1500 2811 Patrum
1517 2762 1678 2811 nostrorum
1695 2754 1824 2826 traditio,

129 2837 171 2909 sti,
183 2840 427 2909 quemadmodum
444 2847 583 2898 sanctaet
594 2843 829 2900 universalessex
844 2845 944 2916 synodi
1001 2846 1151 2901 anathema
1168 2844 1174 2898 l
1190 2846 1241 2905 His
1258 2845 1308 2915 qui
1330 2850 1509 2916 prasumunt
1526 2844 1632 2915 dicere,
1652 2843 1824 2900 catholicam

128 2926 307 2984 tradiderunt
321 2947 328 2999 ς
340 2929 544 2987 etuniuersum
560 2931 726 2989 haretioum
742 2933 804 2989 sine
815 2935 945 3004 januaos
1000 2934 1154 2989 Ecclesiam
1179 2933 1255 2999 idola
1275 2934 1432 3004 aliquando
1454 2934 1624 3003 suscepisse,
1642 2931 1821 3005 'anathemat

124 3015 260 3086 abjiciens
271 3018 491 3090 anathematizo,
505 3020 587 3089 Juxta
598 3022 673 3091 quod
684 3023 945 3079 anathematizave-
960 2998 985 3061 C
1000 3023 1063 3078 llac
1084 3023 1200 3093 quidem
1220 3023 1261 3079 ita
1282 3022 1427 3094 confiteor,
1450 3029 1477 3078 00
1499 3022 1545 3079 000
1566 3022 1718 3093 assentior,
1740 3027 1824 3077 etex

125 3111 184 3162 mut
198 3112 227 3162 et
243 3106 481 3179 ipsazexpetens
495 3109 580 3165 etiam
597 3115 624 3166 et
640 3111 859 3169 intercessiones
874 3114 944 3170 inte
999 3116 1059 3167 toto
1085 3112 1179 3181 corde,
1206 3111 1302 3167 anima
1328 3115 1358 3166 00
1386 3119 1479 3167 mente
1504 3111 1671 3181 pronuntio.
1699 3111 1728 3166 Si
1755 3123 1822 3165 uero

123 3201 230 3250 morata
249 3196 375 3253 domina
395 3202 499 3253 nostra
517 3204 621 3255 sancta
637 3200 688 3255 Dei
704 3200 861 3258 Genitricis
880 3205 943 3260 hla-
997 3200 1082 3274 (quod
1093 3199 1178 3272 absit]
1186 3214 1221 3256 ex
1230 3199 1373 3256 diabolica
1384 3200 1578 3256 submissione
1588 3199 1686 3270 aliquo
1697 3206 1823 3269 tempore

122 3282 184 3354 ria,
221 3290 445 3356 sanctarumque
472 3291 500 3364 et
529 3287 688 3344 coelestium
726 3290 883 3364 virtutum,
913 3299 942 3349 00
997 3289 1158 3345 voluntarie
1172 3288 1215 3344 vel
1231 3302 1286 3343 noo
1300 3287 1462 3344 voluntarie
1476 3301 1593 3344 aversus
1610 3287 1691 3343 luero
1703 3286 1739 3342 ab
1754 3287 1822 3343 istis

120 3372 245 3428 omnium
265 3373 385 3429 omnino
405 3380 569 3431 sanctorum
586 3394 594 3446 3
610 3383 695 3447 atque
712 3383 809 3434 sancta
826 3385 854 3436 00
872 3395 942 3452 000-
996 3379 1134 3448 quaejam
1157 3374 1303 3446 protessus
1325 3390 1399 3446 sum,
1419 3377 1570 3431 anathema
1590 3375 1645 3430 sim
1657 3389 1674 3430 a
1688 3377 1770 3430 Patre
1792 3382 1821 3431 00

121 3458 187 3515 tiosa
200 3461 315 3532 lipsana
325 3457 367 3536 [id
377 3467 427 3526 est,
440 3461 589 3538 reliquias]
605 3478 704 3521 eorum
717 3480 782 3522 cum
793 3469 871 3523 omni
885 3468 942 3525 ho-
994 3448 1069 3522 Fili‘o
1088 3471 1117 3521 00
1130 3464 1241 3536 Spiritu
1261 3471 1369 3535 sancto,
1390 3468 1475 3534 atquc
1494 3478 1510 3519 0
1527 3462 1669 3518 catholica
1687 3463 1819 3519 Ecclesia

120 3562 182 3604 nore
205 3550 371 3620 suscipiens
395 3550 507 3625 saluto,
527 3559 555 3609 et
574 3553 782 3612 honorabiliter
803 3571 937 3628 0000000,
994 3570 1044 3612 seu
1060 3569 1139 3612 sacro
1154 3553 1254 3610 ordine
1267 3553 1381 3624 penitus
1393 3549 1707 3609 atiennstconserrabo
1722 3556 1818 3607 autem
1905 3625 1913 3632 ἱ

120 3636 196 3695 odem
218 3637 327 3695 habeus
349 3639 466 3695 illorum
484 3642 627 3713 particeps
647 3643 709 3698 deri
731 3646 936 3703 sanctimonia.
994 3646 1150 3701 secundum
1169 3643 1285 3699 divinos
1303 3655 1426 3698 canones
1441 3647 1497 3698 tam
1518 3645 1683 3697 sanctorum
1698 3645 1818 3710 aposto-

119 3726 254 3783 Similiter
267 3735 297 3784 00
310 3728 487 3785 venerabiles
509 3730 649 3803 imagines
667 3738 725 3788 tam
743 3733 939 3805 dispensatio·
993 3734 1098 3805 lorum,
1112 3746 1197 3804 quam
1218 3730 1413 3801 probabilium
1432 3732 1548 3786 Patrum
1564 3735 1737 3797 nostrorum,
1755 3742 1818 3784 me-

119 3815 160 3872 nis
181 3816 299 3873 Domini
324 3817 416 3874 nostri
441 3818 507 3874 Jesu
530 3819 650 3893 Christi,
675 3823 832 3878 secundum
861 3824 936 3893 quod
993 3823 1146 3893 metipsum
1159 3821 1194 3877 ab
1209 3819 1287 3878 omni
1301 3820 1361 3876 dati
1383 3819 1547 3889 acceptione
1562 3832 1612 3873 scu
1628 3818 1706 3888 turpi
1723 3817 1813 3874 lucro.

119 3902 195 3961 bomo
212 3904 308 3961 lactus
325 3912 369 3961 cst
388 3912 504 3977 propter
521 3908 642 3965 salutem
660 3916 796 3982 nostram,
815 3916 843 3967 00
859 3912 938 3968 0000-
1027 3911 1162 3967 Tarasius
1181 3909 1383 3965 sanctissimus
1399 3912 1427 3963 00
1447 3906 1633 3963 beatissimus
1652 3906 1816 3976 patriarcha

119 4000 224 4050 morata
242 3995 368 4050 domina
384 4000 487 4051 nostra
501 4002 606 4053 sancta
622 3998 672 4053 Dei
690 3998 855 4056 Genitricis.
877 3997 934 4074 [dr.
991 3999 1068 4056 dixit
1084 4018 1090 4054 :
1106 3999 1194 4055 Omne
1210 3999 1262 4054 hoc
1285 4001 1427 4053 sacratum
1449 3995 1602 4067 collegium
1623 3996 1680 4051 Deo
1694 3993 1815 4067 gloriam

117 4082 176 4137 odd.
197 4089 227 4138 00
248 4081 436 4138 deiformium
456 4083 646 4160 angelornm]
668 4093 754 4159 atque
773 4096 936 4146 sanctorum
991 4094 1020 4144 00
1040 4088 1198 4160 gratiarum
1218 4086 1346 4142 actiones
1368 4084 1499 4156 rependit
1519 4097 1606 4154 super
1628 4084 1679 4140 hac
1699 4082 1816 4140 contes-

117 4172 316 4243 apostolorum,
339 4172 552 4243 prophetarum,
574 4182 740 4248 martyrum,
759 4185 787 4234 00
807 4179 935 4235 omnium
991 4176 1082 4244 sione,
1102 4189 1186 4247 quam
1210 4174 1358 4230 catholica
1379 4172 1512 4230 obtulisti
1528 4173 1669 4228 Ecclesia.

116 4259 195 4316 simul
219 4268 396 4331 sanctorum,
420 4261 549 4319 salutata
573 4264 681 4333 pariter
702 4270 732 4319 et
751 4266 933 4339 amplectens,
1026 4267 1127 4332 Sancta
1147 4264 1273 4335 synodus
1287 4262 1380 4318 dixit:
1395 4260 1494 4317 Gloria
1511 4263 1577 4331 Deo,
1593 4261 1642 4331 qui
1659 4261 1724 4318 unit
1739 4261 1813 4320 inter

115 4354 193 4420 atque
211 4349 411 4406 adorationem
434 4365 498 4421 qua
520 4353 643 4423 pertinet
662 4354 695 4409 ad
718 4354 853 4412 honorem
876 4357 935 4413 im-
948 4342 975 4403 D
990 4369 1020 4411 se
1033 4354 1205 4411 dissidentia
1219 4352 1225 4407 1
1238 4354 1272 4408 Et
1286 4352 1428 4408 adductus
1442 4357 1486 4407 est
1498 4350 1663 4406 Theodorus
1679 4365 1813 4408 reveren-

114 4438 255 4509 pcodens3
271 4437 429 4507 projiciens
444 4438 638 4496 nihilominus
652 4446 679 4497 et
691 4443 934 4502 anathematizans
988 4443 1129 4500 dissimus
1143 4443 1296 4511 episcopus
1309 4442 1464 4511 Myrorum,
1480 4444 1509 4494 00
1520 4438 1613 4494 dixit:
1628 4439 1663 4493 Et
1677 4451 1728 4509 ego
1744 4453 1813 4509 000-

113 4537 143 4580 ex
156 4532 214 4582 0000
229 4526 328 4581 anima
342 4532 370 4581 et
385 4531 442 4582 0000
466 4533 558 4583 mente
578 4529 728 4601 synodum,
745 4546 808 4602 qua
822 4546 856 4589 ex
872 4544 935 4591 sto-
988 4539 1067 4588 cator
1081 4536 1109 4587 et
1121 4530 1269 4600 indignus,
1291 4528 1414 4584 multum
1433 4532 1609 4598 pertractans
1626 4531 1653 4581 et
1667 4532 1811 4599 scrutans,

113 4611 220 4670 00000000
234 4620 263 4670 00
277 4614 422 4670 dementia
437 4622 616 4687 congregata,
630 4623 659 4672 00
672 4619 793 4689 septima
808 4622 934 4691 synodus
988 4627 1016 4676 00
1026 4620 1101 4691 quod
1114 4619 1217 4675 melius
1229 4624 1272 4673 est
1281 4616 1400 4688 eligens,
1411 4615 1548 4685 deprecor
1557 4616 1646 4669 Deum
1654 4619 1682 4670 00
1689 4621 1810 4671 vestram

111 4703 252 4759 nominata
272 4709 317 4760 est
329 4721 338 4773 3
351 4703 387 4758 00
403 4702 449 4759 000
463 4717 529 4760 sero
546 4705 595 4776 qul
616 4712 691 4762 recte
710 4707 836 4781 sapiunt,
853 4723 934 4781 pseu-
988 4706 1176 4778 sanctitatem,
1193 4710 1227 4762 ut
1239 4720 1304 4762 curn
1324 4704 1458 4761 omnibus
1473 4711 1501 4760 00
1514 4717 1566 4775 ego
1581 4711 1710 4773 peccator
1725 4705 1811 4762 uniar

110 4788 269 4863 dosyllogos
290 4790 420 4863 legaliter
436 4800 465 4849 00
483 4792 655 4866 regulariter
672 4795 843 4867 appellatur,
866 4804 933 4856 tan-
987 4805 1091 4855 sancta
1107 4795 1255 4851 catholica
1270 4792 1411 4848 Ecclesia.

111 4893 189 4950 quam
208 4894 275 4951 qna
293 4880 385 4936 totius
403 4881 535 4938 veritatis
553 4890 582 4939 00
596 4883 713 4953 pietatis
730 4885 769 4941 sit
784 4886 888 4958 aliena,
905 4895 932 4946 et
1022 4886 1157 4942 Tarasius
1172 4881 1372 4939 sanctissimus
1387 4880 1549 4952 patriarcha
1563 4881 1656 4938 dixit:
1667 4883 1754 4939 Grata
1767 4889 1811 4940 est

110 4975 202 5024 contra
220 4967 366 5024 divinitus
386 4969 521 5026 traditam
536 4971 759 5029 ecclesiasticam
778 4973 933 5046 legislatio-
985 4975 1106 5034 Domino
1131 4974 1196 5028 Jesu
1220 4970 1334 5026 Christo
1363 4969 1562 5026 misericordia
1591 4967 1661 5045 [dr.,
1689 4972 1809 5028 Gratum

110 5068 166 5112 uem
181 5056 319 5112 audacter
339 5063 368 5112 00
381 5061 494 5129 temere,
511 5059 583 5130 quin
601 5060 700 5131 potius
714 5068 741 5117 et
753 5061 861 5134 absque
874 5066 931 5121 Deo
985 5072 1029 5124 est
1050 5062 1170 5120 Domino
1196 5061 1261 5116 lesu
1289 5059 1403 5115 Christo
1424 5065 1452 5114 et
1474 5058 1630 5116 humanum
1659 5057 1807 5135 recipere],

110 5142 262 5215 latraverit,
278 5152 306 5202 00
318 5155 433 5202 sanctas
446 5160 479 5202 ac
492 5148 669 5204 venerabiles
683 5150 824 5223 imagines
838 5153 931 5210 000000-
985 5162 1014 5213 00
1028 5155 1092 5210 ideo
1110 5151 1214 5221 recipit
1234 5146 1353 5224 [idcirco
1363 5146 1500 5224 recipite]
1520 5150 1699 5220 poenitentes.

108 5233 158 5290 ciis
171 5234 405 5305 appetieritzsed
420 5241 448 5290 00
463 5236 515 5291 has
529 5237 694 5308 praeeperit
707 5238 815 5296 aulerri
829 5255 846 5297 a
860 5254 931 5297 san·
1019 5243 1184 5299 Theodorus
1212 5237 1466 5294 reverendissimus
1486 5238 1639 5310 episcopus
1663 5241 1807 5309 llyrorum

109 5321 158 5378 ctis
175 5323 227 5378 Dei
247 5323 392 5395 ecclesiis,
412 5323 448 5379 de
470 5337 525 5394 qua
546 5325 619 5381 exiit
641 5324 711 5400 [dr.,
734 5328 782 5384 cui
802 5330 928 5409 praluit]
983 5331 1127 5402 exemplar
1139 5327 1226 5400 primi
1238 5326 1330 5383 libelli
1347 5327 1595 5399 legitrLegislatio
1607 5333 1659 5398 est,
1670 5333 1722 5382 000.
1736 5327 1806 5382 Cum

108 5409 282 5469 0000000000
296 5411 364 5468 lalsi
380 5412 509 5469 nominis
525 5414 678 5487 Ephesius,
696 5416 845 5477 sisinnius
860 5423 931 5478 Per·
984 5422 1099 5495 legisset
1111 5418 1171 5490 ille,
1182 5417 1318 5472 tarasius
1328 5415 1529 5472 sanctissimus
1539 5414 1701 5484 patriarcha
1711 5413 1802 5469 dixit:

110 5500 199 5569 gensis
214 5500 437 5573 cognominatus
456 5501 599 5574 Pastillos,
615 5503 742 5562 Basilius
755 5506 871 5565 Pisidia
886 5526 929 5569 ca·
984 5516 1019 5571 Et
1043 5520 1129 5582 super
1158 5504 1394 5562 reverendissimo
1422 5502 1568 5561 Theodoro
1589 5501 1722 5572 00000000
1739 5501 1805 5569 ,000-
