3876 6090
497 232 771 294 munerario
787 232 913 292 svvonl
931 233 979 293 vu
995 232 1197 295 GENEhhbls.
1211 267 1248 281 -
1266 201 1368 298 norro
1386 240 1432 298 ιιι.

148 369 292 444 Georgius
311 366 527 428 sanctissimus.
551 368 704 440 episcopus
729 365 944 464 plutinopoleos
957 362 986 425 Α
1001 385 1102 445 porum
1124 373 1266 430 illibatam
1293 373 1385 431 idem.
1407 382 1473 445 pua
1498 370 1581 429 nobis
1601 375 1658 430 tam
1678 385 1695 430 a
1715 371 1824 431 sanctis

112 463 278 609 suga'llsliloeiiis
291 548 504 608 'sanctissimus
522 548 675 622 episcopus
696 547 848 606 Perhercos
867 547 946 606 simi-

112 643 271 788 llt‘lelrichael
293 730 499 790 sanctissimus
517 729 671 802 episcopus
684 727 832 801 Pamphyli
859 727 947 785 simi-

112 824 907 981 mulchamsanctissimusepiscopussmpeliisimiliter.

146 1002 300 1059 sisinnius
322 1000 525 1059 sanctissimus
546 999 698 1071 episcopus
719 997 841 1056 Garialli
866 997 947 1056 simi·

116 1093 253 1239 ht{etrus
266 1179 470 1237 sanctissimus
481 1179 634 1251 episcopus
650 1178 850 1236 hlonembasiae
867 1178 947 1235 simi-

121 1273 477 1419 hoecrabrielsanctissimus
487 1359 640 1433 episcopus
651 1360 752 1432 Egeriae
762 1358 909 1416 similiter.

153 1450 580 1521 leosanctissimusepiscopus
588 1448 717 1506 Porthmi
726 1449 873 1505 similiter.

153 1542 313 1599 Romanius
344 1539 561 1627 sanctissimus
579 1539 732 1613 episcopus
757 1538 945 1596 Doarensium

127 1632 264 1688 similiter.

999 466 1139 538 apostolis
1150 471 1178 524 et
1197 465 1355 538 prophetis,
1371 479 1456 537 quam
1468 479 1485 521 a
1498 464 1666 523 doctoribus
1678 465 1709 521 in
1721 466 1825 523 catho-

1000 556 1057 614 lica
1077 556 1202 614 Ecclesia
1224 562 1267 613 est
1289 557 1404 626 tradita,
1425 560 1454 611 el
1474 556 1631 614 secundum
1651 555 1822 613 destinatam

1000 647 1137 720 syllabam
1151 662 1166 704 a
1179 653 1222 704 ter
1236 648 1318 705 beato
1339 655 1367 704 et
1384 647 1541 717 apostolico
1566 660 1637 718 papa
1648 645 1776 703 Adriano
1788 645 1822 703 ad

1000 739 1064 811 pios
1085 740 1270 809 impanatores
1289 744 1403 796 nostros
1420 744 1450 795 el
1468 739 1616 796 Tarasium
1634 738 1822 795 universalem

1001 829 1203 903 patriarcham,
1227 843 1290 901 quae
1314 829 1533 886 illustraverunt
1554 832 1582 885 et
1606 826 1825 899 fulguraverunt

1001 924 1109 977 menus
1129 924 1252 991 nostras,
1277 919 1434 977 secundum
1457 919 1540 975 tidem
1564 918 1731 976 audientes·
1752 929 1825 975 cou-

1001 1009 1082 1066 hteor
1095 1013 1123 1065 et
1142 1009 1227 1066 credo
1243 1004 1253 1083 [
1269 1009 1316 1066 dr.
1333 1009 1398 1064 cdd.
1419 1013 1447 1066 et
1461 1010 1548 1067 adoro
1563 1023 1658 1066 sacras
1674 1007 1822 1080 imagines.

999 1100 1054 1156 Eos
1064 1102 1159 1156 autem
1170 1099 1220 1169 put
1236 1099 1342 1156 nonita
1355 1099 1492 1168 sentiunt,
1504 1094 1741 1171 anathematizo]

1035 1189 1191 1261 Gregorius
1213 1189 1468 1246 reverendissimus
1496 1189 1652 1245 monachus
1676 1192 1703 1244 et
1732 1187 1826 1260 hegu-

1001 1292 1101 1336 menus
1120 1278 1211 1334 sancti
1227 1279 1320 1351 Sergii
1339 1278 1437 1335 dixit:
1455 1278 1615 1336 &cundum
1630 1277 1778 1350 antiquam
1797 1278 1825 1331 et

1002 1369 1161 1438 priscorum
1178 1372 1337 1439 temporum
1354 1367 1572 1439 legislationem,
1586 1382 1648 1439 quar
1664 1366 1770 1424 tradita
1782 1369 1826 1421 esl

1002 1459 1032 1516 in
1047 1462 1144 1515 sancta
1155 1459 1205 1515 Del
1225 1472 1325 1530 magna
1341 1458 1468 1514 Ecclesia
1482 1473 1517 1516 ex
1531 1459 1639 1515 sanctis
1653 1470 1686 1514 ac
1699 1454 1826 1513 laudabi-

1001 1548 1079 1605 libus
1093 1547 1242 1618 apostolis,
1258 1551 1286 1604 et
1306 1552 1471 1604 conservata
1480 1551 1524 1604 est
1538 1562 1553 1604 a
1568 1547 1676 1604 sanctis
1689 1549 1718 1602 et
1727 1558 1827 1602 sacra-

1002 1637 1126 1694 tissimis
1135 1637 1271 1693 Patribus
1280 1641 1308 1693 et
1321 1636 1471 1706 magistris
1484 1638 1601 1708 nostris,
1617 1636 1645 1692 id
1655 1641 1708 1704 est,
1718 1635 1826 1692 sanctis

154 1722 337 1779 Andronicus
359 1721 517 1793 presbyter,
538 1721 567 1777 ei
586 1732 620 1775 ex
646 1731 768 1790 cersona
788 1720 949 1789 Leontoltlt-
963 1701 989 1762 Β
1002 1741 1051 1783 sex
1061 1725 1275 1783 universalibus
1287 1727 1405 1797 synodis
1420 1730 1525 1798 ,atque
1537 1725 1705 1783 orthodoxis
1720 1724 1828 1782 litteris

129 1814 177 1871 loos
191 1827 242 1868 seu
256 1811 380 1881 zalichi,
393 1811 539 1868 similiter.

155 1901 420 1960 laosancaissimns
431 1900 584 1970 episcopus
597 1898 875 1955 sebastaesimilitcr.

155 1993 250 2048 Niceta
262 1991 448 2047 diaconusex
459 2002 578 2061 persona
593 1988 784 2044 halicarnassi
801 1986 946 2046 similiter.

155 2084 205 2139 Leo
218 2080 426 2139 sanctissimus
440 2079 593 2151 episcopus
609 2077 846 2150 corydalensium
861 2077 950 2134 simi-

131 2172 195 2229 liter.

157 2262 324 2319 Theodorus
345 2260 548 2318 sanctissimus
564 2259 720 2331 episcopus
734 2257 948 2315 cremnensium

131 2353 266 2409 similiter.

1004 1829 1066 1888 puae
1082 1816 1176 1873 missae
1187 1820 1255 1872 sunt
1268 1815 1304 1872 ab
1318 1812 1445 1872 Adriano
1457 1815 1581 1872 senioris
1597 1816 1691 1871 homae
1701 1813 1829 1871 sanclis-

1002 1904 1076 1962 simo
1094 1909 1124 1960 et
1146 1904 1304 1975 apostolico
1329 1918 1400 1976 papa
1415 1905 1449 1961 ad
1467 1905 1530 1974 pios
1544 1910 1572 1960 et
1594 1903 1701 1960 Christi
1721 1904 1829 1960 amicos

1003 1995 1189 2064 imperatores
1209 2000 1332 2063 nostros,
1356 2000 1385 2050 et
1397 1995 1545 2051 Tarasium
1566 1994 1781 2051 sanctissimum
1801 1995 1829 2050 et

1003 2085 1194 2142 universalem
1208 2084 1410 2156 patriarcham,
1421 2098 1483 2156 quse
1494 2084 1712 2140 illustraverunt
1726 2087 1753 2139 et
1765 2083 1831 2139 illu·

1003 2174 1185 2231 minaverunt
1208 2188 1310 2231 seusus
1334 2179 1457 2244 nostros,
1477 2187 1543 2230 cum
1564 2172 1708 2229 desiderio
1733 2172 1831 2229 cordis

1004 2263 1059 2319 mei
1083 2263 1255 2335 suscipiens,
1274 2264 1314 2319 ita
1334 2264 1480 2333 confiteor,
1504 2264 1543 2319 ita
1561 2262 1694 2333 praedico,
1713 2263 1831 2320 eredens

1004 2353 1142 2423 perhanc
1160 2366 1254 2408 veram
1270 2351 1479 2409 confessionem
1491 2365 1547 2407 una
1563 2366 1628 2409 cum
1638 2351 1712 2408 bona
1719 2352 1832 2409 actione

154 2441 362 2499 constantinus
394 2439 597 2497 sanctissimus
631 2438 785 2510 episcopus
817 2437 951 2496 hdrianae
1005 2440 1214 2514 indulgentiam
1227 2442 1356 2513 accipere
1368 2445 1547 2512 peccatorum
1559 2455 1622 2512 quar
1632 2441 1716 2514 gessi.

131 2532 267 2589 similiter.

1038 2532 1161 2587 loannes
1176 2531 1354 2603 hegumenus
1367 2530 1485 2602 Paguril
1506 2530 1652 2587 similiter.

156 2623 257 2679 Sancta
275 2621 404 2692 synodus
424 2619 516 2676 dixit:
536 2621 650 2676 lustum
663 2621 716 2690 est,
733 2622 764 2675 ut
776 2621 805 2676 et
817 2632 952 2676 reveren·
1040 2619 1711 2681 Eustathiusheaumenushlaximinisimiliter.

129 2711 232 2770 tissimi
246 2710 382 2768 monachi
392 2708 588 2781 pronuntient.

155 2800 399 2859 llererendissimi
425 2799 556 2857 monachi
584 2798 738 2855 dixerunt:
760 2798 789 2854 Si
811 2799 883 2855 ordo
908 2804 951 2857 est

131 2885 895 2963 alls,utetnosmonachiprouuntiemus;uly'nbelis.

1039 2710 1158 2780 Symeon
1176 2708 1353 2781 hegumenus
1374 2709 1473 2766 Chore
1488 2709 1633 2765 similiter.

1040 2796 1795 2873 Gregorins[Georglus]hegumennsPegaesimiliter.

1040 2887 1159 2959 Symeon
1169 2888 1345 2961 hegumenus
1358 2886 1601 2945 abramitensium
1610 2886 1755 2943 similiter.

156 2980 290 3037 Tarasius
306 2977 684 3048 sanctissimnspatriarcba
697 2975 789 3032 dixit:
810 2975 886 3033 Ordo
908 2981 952 3033 est
1039 2977 1142 3047 loseph
1169 2977 1344 3051 hegumenus
1367 2978 1491 3035 Heraclii
1506 2978 1653 3035 similiter.

133 3069 289 3141 unicuique,
314 3068 365 3139 qui
393 3065 536 3138 reperitur
554 3066 584 3122 in
601 3065 720 3138 synodo,
734 3071 767 3122 nt
784 3065 951 3137 pronuntiet
966 3041 990 3103 G
1040 3066 1120 3123 Plato
1136 3067 1652 3138 hegumenussacudeonissimiliter.

133 3156 328 3215 conlassioucm
344 3169 437 3213 snam.

159 3246 259 3303 Sabbas
282 3244 541 3302 reverendissimus
555 3243 713 3302 monachus
727 3247 755 3298 et
771 3242 949 3315 hegumenus

1040 3155 1197 3228 Gregorius
1207 3157 1383 3228 hegumenus
1396 3157 1547 3228 Hyacinthi
1559 3156 1705 3213 similiter.

1039 3245 1074 3300 Et
1087 3244 1181 3302 caeteri
1197 3258 1295 3303 omnes
1315 3246 1446 3303 monachi
1462 3246 1720 3317 pronuntiaverunt
1738 3244 1827 3302 simi-

136 3334 214 3393 stolii
225 3335 320 3392 dixit:
332 3333 496 3391 Secundum
509 3333 659 3404 antiquam
669 3337 698 3389 et
707 3331 868 3403 priscorum
881 3336 949 3388 tem-
1003 3332 1080 3390 liter.

809 3653 934 3725 hello
976 3654 1146 3726 thurin.

164 3948 188 4003 ln
209 3947 324 4005 nominc
345 3945 461 4004 Domini
485 3949 513 4002 et
539 3945 730 4004 dominatoris
750 3947 816 4003 lesu
838 3943 949 4002 Chrilti
1009 3945 1128 4005 vicarhs
1141 3949 1363 4020 apostolicarum
1378 3948 1489 4006 sedium
1506 3944 1829 4011 orientalisdioeceseos

78 4104 80 4115 Ι
140 4036 183 4091 veri
195 4037 245 4094 Dei
268 4035 371 4094 nostri.
397 4034 519 4106 Imperio
534 4035 733 4105 piissimorum
748 4041 777 4093 et
791 4035 948 4093 amicorum
1044 4037 1248 4095 Residentihus
1267 4052 1382 4111 quoque
1406 4043 1472 4094 ante
1487 4035 1713 4094 sacratissimum
1731 4031 1833 4088 ambo-

78 4136 80 4171 ÷
138 4121 228 4183 Christi
244 4125 431 4183 dominorum
443 4129 604 4182 nostrorum
620 4124 803 4182 Constantini
819 4125 949 4180 ctlrenae
1008 4141 1071 4185 nem
1087 4128 1185 4198 templi
1209 4127 1398 4186 sanctissimae
1420 4140 1527 4199 maguae
1542 4124 1591 4181 Dei
1615 4121 1746 4180 Ecclesiae
1769 4133 1832 4192 quc

137 4215 209 4271 alico
223 4214 367 4273 redimitae
378 4214 479 4271 matris
488 4215 560 4285 ejus,
577 4226 651 4270 anno
666 4218 765 4271 octavo
780 4213 949 4270 consulatus
1007 4217 1227 4290 cognominatur
1250 4216 1374 4288 Sophia3
1400 4214 1589 4286 presentibus
1603 4217 1631 4269 et
1645 4208 1832 4269 audientibus

137 4315 231 4377 corum,
247 4306 334 4362 tertio
359 4301 423 4378 [cr.
440 4307 465 4358 et
479 4319 529 4359 ms.
551 4304 616 4367 lot,
637 4299 685 4378 lv]
706 4301 847 4359 Kalendas
860 4302 949 4360 Octo-
1008 4305 1230 4377 gloriosissimis
1253 4311 1281 4361 et
1309 4302 1603 4377 magnificentissimis
1614 4297 1774 4372 jndicibus,
1801 4297 1829 4353 id

136 4389 211 4466 brias,
228 4394 388 4451 indictione
400 4390 442 4450 ll.
963 4349 1061 4466 Dest,
1084 4395 1203 4451 Petrona
1224 4393 1454 4451 laudabilissimo
1475 4390 1627 4448 exconsule
1653 4386 1785 4460 patricio,
1804 4390 1832 4440 et

162 4483 347 4541 conveniente
361 4482 673 4541 sanctaetuuiversali
693 4482 811 4554 synodo,
827 4496 891 4554 quae
902 4495 950 4554 per
1008 4484 1111 4541 comite
1142 4486 1198 4540 [leo
1231 4483 1389 4540 conservati
1418 4480 1596 4552 imperatorii
1629 4476 1772 4548 obsequii,
1804 4479 1832 4529 et

134 4574 250 4632 divinam
262 4574 385 4647 gratiam
400 4578 429 4629 et
443 4573 519 4644 piam
529 4571 705 4653 sanctionem
722 4572 885 4629 eorumdem
899 4573 950 4629 di·
1007 4573 1114 4630 loanne
1127 4572 1271 4644 imperiali
1292 4572 1412 4630 ostiario
1427 4575 1455 4627 et
1474 4570 1615 4642 logotheta
1632 4565 1769 4624 militaris
1785 4563 1832 4620 lo-

135 4664 234 4721 rinitus
249 4663 484 4721 confirmatorum
504 4663 709 4732 imperatorum
724 4666 893 4735 congregata
906 4667 950 4718 est
1008 4661 1143 4733 gothesil,
1162 4666 1190 4717 et
1209 4666 1268 4718 tota
1292 4665 1389 4718 sancta
1404 4660 1511 4731 synodo
1529 4658 1686 4715 secundum
1701 4654 1831 4711 ordinem

136 4750 159 4807 in
166 4753 329 4809 Nicensinm
337 4751 414 4808 clara
424 4750 574 4822 metropoli
584 4749 815 4820 Bithyuiensium
831 4750 951 4820 provin·
1008 4751 1058 4820 qui
1076 4749 1260 4821 praescriptus
1277 4755 1320 4805 cst
1343 4735 1373 4805 in
1393 4748 1484 4819 prima
1499 4747 1627 4815 actione,
1645 4741 1833 4816 presentibus

134 4839 191 4896 cia:
209 4839 236 4896 id
254 4845 309 4910 est,
330 4841 413 4896 Petro
427 4837 664 4896 reverendissimo
680 4838 773 4909 primo
788 4837 950 4908 presbytero
1008 4840 1094 4897 etiam
1109 4841 1165 4895 Deo
1180 4838 1354 4895 amabilibus
1364 4836 1600 4895 archimandritis
1614 4839 1641 4892 ct
1653 4831 1832 4907 hegumenis,

135 4935 228 4986 ancta
248 4929 383 4985 llomanae
404 4926 539 4984 Ecclesia
558 4925 650 4984 sancti
674 4924 797 4997 apostoli
820 4925 906 4996 Petri,
922 4930 951 4982 et
1009 4935 1093 4999 atque
1109 4927 1186 4984 omni
1204 4927 1370 4984 monachica
1387 4925 1583 4997 plenitudiue,
1597 4922 1754 4995 propositis
1771 4934 1834 4978 san-
1895 4912 1899 4921 '

133 5017 205 5077 Petro
217 5017 458 5076 reverendissimo
479 5015 644 5088 presbytero
659 5019 688 5072 et
703 5015 840 5071 monacho
855 5020 883 5070 et
899 5015 952 5071 he-
1008 5018 1065 5074 ctis
1078 5022 1107 5073 et
1121 5015 1299 5073 intemeratis
1313 5014 1493 5088 Evangeliis:

133 5122 246 5180 gausum
268 5106 443 5165 venerabilis
472 5105 639 5162 monasterii
664 5103 756 5174 sancti
779 5103 876 5160 Sahbae
899 5103 950 5159 siti
1045 5105 1126 5161 Dixit
1139 5104 1301 5162 Demetrius
1315 5107 1372 5161 [leo
1386 5104 1521 5161 amabilis
1534 5104 1674 5163 diaconus
1690 5107 1719 5159 et
1733 5113 1832 5158 scevo-

133 5196 229 5272 lomae,
252 5196 418 5255 tenentibus
440 5196 530 5254 vicem
545 5193 709 5266 apostolicae
730 5193 807 5249 sedis
827 5192 897 5249 almi
924 5198 952 5249 et
1012 5195 1115 5266 phylax
1134 5200 1240 5252 sancta
1253 5194 1577 5266 constantinopolitanae
1593 5192 1740 5251 Ecclesia:

133 5287 302 5348 arctissimi
314 5285 526 5358 archiepiscopi
537 5284 663 5342 senioris
671 5283 766 5340 Romae
773 5282 893 5341 hdriani
904 5302 912 5354 ς
924 5288 953 5340 et
1046 5283 1187 5355 Quoniam
1201 5283 1317 5355 quidem
1333 5283 1501 5356 precedenti
1517 5284 1565 5341 die
1583 5283 1677 5341 visum
1699 5284 1744 5337 est
1763 5292 1833 5336 san-

133 5376 337 5437 iaranlo'almo
357 5382 388 5434 et
409 5375 593 5433 sanctissimo
614 5373 831 5444 archiepiscopo
856 5373 951 5445 magui
1011 5379 1063 5430 ctae
1081 5379 1110 5431 et
1121 5373 1278 5431 universali
1295 5374 1403 5446 synodo
1418 5372 1549 5446 sequenti
1565 5376 1683 5444 paterna
1695 5372 1724 5425 et
1738 5366 1832 5424 eccle-

133 5469 251 5527 nonrinis
274 5464 563 5537 conmntinomlws
587 5476 665 5521 norm
684 5462 789 5535 Itomae,
805 5467 834 5520 et
846 5463 953 5520 toannc
1011 5461 1211 5535 siastieay'ura,
1220 5462 1420 5534 suscipiendos
1435 5460 1589 5532 eosqniex
1600 5457 1832 5517 heresiconver-

134 5570 161 5614 aa
171 5559 279 5616 lucum
293 5553 544 5615 reverendissimis
557 5552 733 5624 presbyteris
758 5551 908 5610 monachis
925 5557 954 5608 et
1012 5554 1129 5622 tuntur;
1145 5565 1253 5609 necnon
1271 5556 1300 5607 et
1318 5564 1367 5609 eos
1382 5551 1556 5607 orthodoxos
1572 5546 1623 5618 qui
1636 5544 1672 5601 ab
1688 5538 1831 5598 hereticis
