3876 6090
167 261 221 320 623
812 265 991 322 dunsltstt
1011 267 1280 326 brantosmucltlttt
1825 271 1881 330 dil

195 426 241 479 aa,
255 403 412 484 παρακαλῶν
425 405 463 481 τῷ
473 401 553 484 κυρίῳ
566 400 648 476 (iaici,
665 402 769 466 καὶτοῖς
784 402 836 459 ἐκεῖ
849 401 893 458 σὺν
903 403 973 481 αὐτῷ
1002 395 1030 452 Α
1046 392 1103 450 sibi
1116 394 1236 466 gloriam
1251 400 1316 451 ante
1329 409 1411 451 omtte
1422 396 1557 452 saeculum
1580 398 1693 468 scitam,
1714 397 1786 469 illis,
1813 412 1880 454 cum

196 489 328 570 ilergius
342 494 416 568 ipio
427 489 506 567 ἁγίοις
519 468 637 570 γιώριμᾶ
650 493 814 558 καταστῆσαι
825 494 917 559 ταῦτα,
929 491 974 557 τῆς
1046 483 1105 539 brec
1115 485 1256 550 audirem,
1270 484 1484 554 respondebam.
1501 487 1535 540 lit
1548 490 1579 541 ut
1589 500 1745 557 cognoscas
1756 492 1785 542 et
1797 486 1880 542 addi·

195 580 275 649 ὠςῆς
288 576 367 658 χάριν
381 577 481 645 αἰτίας,
1045 577 1201 628 lamentum
1218 573 1358 629 orationis
1371 579 1398 629 et
1408 574 1619 645 deprecationis
1635 573 1724 631 iacias
1734 577 1800 640 Deo,
1814 589 1879 631 ma-

1046 660 1881 737 nitestatibiquaedenuntiatasuntmibiexbibni:rogans

1045 755 1186 821 quatenus
1199 750 1257 806 baec
1273 751 1378 806 domno
1400 752 1482 821 l'bio,
1499 756 1527 806 et
1547 752 1657 808 sanctis
1677 753 1814 809 Patribus
1827 756 1878 825 qui

1045 839 1107 896 illic
1126 839 1213 896 simul
1233 853 1298 896 cum
1318 853 1351 896 eo
1372 844 1450 910 suut,
1474 845 1539 896 nota
1567 841 1728 898 constituas
1747 842 1877 912 ejusdem

1043 929 1085 985 rei
1101 929 1203 1000 gratia.

872 1143 1187 1320 Anastasius

94 1424 104 1434 ⁴
199 1361 263 1418 llaec
274 1360 449 1431 jussitmibi
462 1361 653 1419 transcribere
667 1369 696 1419 et
718 1367 784 1419 nota
807 1360 898 1417 iacere
922 1375 992 1418 san·
1047 1361 1234 1418 orthodoxam
1258 1362 1350 1418 iidem.
1372 1365 1491 1433 Magnus
1512 1360 1588 1416 enim
1619 1360 1648 1416 iu
1678 1365 1737 1417 toto
1769 1362 1881 1419 mundo

164 1449 305 1508 ctissimis
323 1449 405 1507 uobis
421 1467 427 1504 :
445 1465 501 1521 quo
523 1455 551 1506 et
571 1465 605 1506 ex
628 1450 674 1506 bis
691 1449 815 1507 motione
835 1455 989 1520 comperta,
1048 1451 1134 1505 timor
1149 1450 1279 1521 babetur,
1294 1465 1358 1506 cum
1373 1451 1432 1506 bac
1448 1449 1672 1519 persecutionem
1687 1458 1882 1506 consonanter

164 1553 341 1597 communem
358 1553 455 1596 omues
471 1553 521 1610 pro
533 1540 678 1596 communi
696 1551 785 1595 matre
808 1545 915 1609 nostra,
939 1551 991 1594 ca-
1046 1537 1082 1593 ab
1096 1537 1232 1594 omnibus
1245 1539 1380 1609 pratiatur,
1394 1538 1450 1594 uisi
1467 1552 1519 1594 sua
1540 1537 1631 1607 gratia
1652 1543 1790 1594 consuete
1803 1553 1882 1608 pra-

164 1717 267 1774 vestris
294 1716 421 1774 alteratis
443 1717 564 1774 Domino
594 1731 715 1787 precem,
739 1717 774 1772 ad
798 1715 1028 1778 roborandumss
1046 1715 1115 1771 tatis
1137 1714 1236 1771 saltem
1256 1716 1363 1771 seniori
1392 1717 1487 1770 Romae
1510 1714 1687 1785 relinquens,
1715 1715 1803 1772 nobis
1821 1730 1880 1772 non

164 1819 262 1862 omnes
272 1811 299 1861 et
310 1819 362 1862 nos
375 1819 489 1876 quoque
505 1805 533 1861 in
549 1804 757 1861 illauobiscum
767 1809 988 1875 perseverantes,
1047 1804 1228 1859 mentientem
1242 1804 1275 1858 ad
1290 1804 1485 1873 apostolorum
1508 1802 1634 1858 habitam
1650 1804 1813 1875 principem
1828 1819 1882 1861 re-

164 1894 321 1950 secandum
332 1892 378 1963 ple
394 1892 424 1948 in
439 1893 500 1964 ipsa
513 1893 720 1963 pradicatana
733 1892 842 1948 sanctis
857 1891 991 1949 Patribus
1048 1893 1266 1962 promissionem
1283 1906 1363 1949 suam
1374 1891 1556 1948 coudrmaus.

629 2135 819 2206 causasti
859 2136 899 2205 S.
953 2135 1176 2206 ldnsunstt
1224 2133 1418 2206 otoltncllt

745 2266 911 2346 Discipuli
935 2267 966 2327 S.
997 2265 1130 2329 abbatis
1151 2267 1292 2329 Maximi

357 2402 411 2467 Ad
441 2417 610 2466 commupe
632 2399 870 2463 macriorem
892 2400 987 2480 oprcd
1012 2400 1167 2464 Caralim
1195 2401 1457 2464 constitutorum
1489 2400 1680 2483 collegium,

199 2539 288 2597 blulta
303 2536 429 2594 scribere
446 2533 598 2592 nosetium
627 2538 729 2603 preter
754 2535 850 2590 votum
880 2538 992 2604 tempus
1046 2540 1235 2607 cognoscatur
1246 2535 1416 2601 existentia,
1431 2539 1460 2591 et
1483 2536 1522 2591 sit
1537 2535 1611 2592 idem
1626 2535 1740 2592 duabus
1762 2549 1831 2608 una,
1849 2536 1877 2591 ld

164 2623 440 2703 probibuitomnia
455 2636 521 2678 uero
545 2622 574 2676 in
589 2634 645 2677 nno
670 2625 735 2676 nota
762 2619 884 2676 iacimus
905 2619 991 2678 serbo
1045 2627 1088 2679 est
1107 2623 1257 2679 alterutris
1280 2628 1346 2694 tres,
1371 2623 1431 2680 sive
1467 2624 1622 2696 naturales,
1649 2624 1710 2680 sive
1738 2623 1880 2680 substan-

163 2714 357 2776 sanctlssimis
370 2711 460 2769 uobis.
473 2710 507 2765 lli
521 2709 582 2780 qui.
592 2708 713 2765 alterius
728 2714 796 2765 sunt
812 2709 916 2782 partis·
928 2708 991 2765 dil·
1046 2711 1139 2768 tiales.

164 2806 296 2863 buitione
312 2799 464 2871 immobili,
481 2803 513 2855 ut
527 2803 580 2868 est,
597 2801 625 2852 et
644 2797 766 2867 propria
787 2797 907 2854 maxime
921 2812 991 2868 pro·
1082 2802 1193 2870 l'erum,
1219 2801 1364 2857 naturales
1388 2803 1504 2873 quidem
1530 2816 1596 2874 non,
1624 2803 1684 2872 sed,
1714 2804 1876 2860 secuudum

162 2893 301 2952 fessionis
312 2889 451 2948 constitui
465 2893 611 2959 paternam
625 2899 681 2941 non
698 2885 987 2960 maluntdoctriuam,
1045 2887 1121 2959 illos,
1134 2887 1378 2960 subsistantiales,
1390 2896 1599 2962 aggregentque
1614 2890 1649 2946 ob
1665 2890 1719 2946 boc
1738 2891 1877 2947 adversus

163 2983 211 3040 sed
224 2981 346 3038 alterius
361 2976 552 3048 impelluntur
564 2973 752 3045 opinionibus
767 2989 839 3044 quas
849 2980 877 3030 et
897 2975 989 3031 dinu—
1002 3023 1027 3086 C
1043 2991 1106 3034 eum
1120 2978 1235 3047 jamaut
1245 2983 1302 3034 tres
1312 2978 1499 3050 snbstantias,
1511 2983 1562 3035 aut
1576 2980 1694 3035 totidem
1717 2979 1877 3036 subsisten-

163 3080 433 3140 merareoperosum
447 3065 483 3121 de
508 3069 608 3120 catera
638 3063 723 3119 duco.
753 3063 835 3131 Modo
862 3077 928 3135 ergo
952 3063 987 3120 ab
1043 3066 1109 3136 tias,
1121 3071 1150 3122 et
1168 3067 1325 3123 secundum
1336 3067 1430 3137 ipsum
1446 3068 1521 3138 aequi
1543 3067 1655 3124 numeri
1672 3069 1873 3138 proprietates,

163 3158 348 3217 inexistentia
362 3155 397 3212 ad
421 3152 680 3211 inconvenientiam
696 3151 828 3208 translati
852 3159 940 3209 suut:
958 3153 986 3209 id
1044 3154 1197 3211 increatam
1213 3155 1347 3212 videlicet
1360 3162 1388 3211 et
1407 3163 1540 3225 creatam,
1563 3161 1591 3211 et
1613 3161 1754 3225 neutram,
1780 3156 1809 3213 id
1832 3162 1876 3213 εει

162 3255 215 3322 εει,
231 3263 265 3306 ex
279 3247 398 3318 eoquod
412 3257 503 3315 neque
514 3256 610 3313 unam,
622 3254 713 3312 neque
727 3240 800 3298 duas
818 3241 929 3314 dicunt,
952 3243 987 3298 ad
1044 3243 1253 3300 inexistentem.
1270 3245 1430 3301 inexistens
1441 3246 1517 3300 enim
1532 3251 1576 3301 est
1589 3245 1662 3315 quod
1675 3245 1812 3302 neutrius
1824 3259 1876 3315 per

162 3337 374 3411 praedicandum
399 3333 473 3390 duas
492 3337 521 3389 et
545 3345 639 3399 uuam,
671 3330 765 3387 idest
790 3337 849 3413 tres
872 3333 901 3387 in
931 3347 988 3390 uuo
1044 3336 1175 3388 naturam
1192 3332 1393 3404 participatur,
1405 3334 1445 3388 ita
1457 3338 1489 3390 ut
1499 3333 1584 3388 etiam
1597 3333 1749 3388 identitate
1762 3347 1827 3403 qna
1839 3333 1872 3389 ad

161 3427 316 3498 eodemque
330 3423 444 3480 Christo
452 3420 613 3478 uoluntates
625 3424 653 3476 et
661 3419 840 3490 operationes
851 3420 986 3492 traducti,
1043 3433 1114 3487 eam,
1130 3420 1159 3475 id
1175 3426 1217 3477 est
1233 3421 1357 3494 tertiam,
1371 3427 1424 3492 est,
1433 3422 1589 3478 secundum
1606 3422 1673 3478 illos
1685 3423 1874 3477 inexistentes

161 3516 237 3590 quod
249 3528 340 3586 neque
351 3511 473 3584 patrius,
489 3522 581 3580 neque
595 3509 760 3580 synodicus,
773 3523 865 3579 neque
885 3509 988 3580 pbysi-
1042 3509 1103 3564 sint
1117 3514 1145 3565 et
1158 3510 1222 3565 dua
1233 3515 1352 3581 naturae,
1365 3515 1393 3566 et
1404 3510 1549 3567 naturales
1563 3510 1657 3579 ipsius
1668 3509 1835 3567 voluntates
1847 3516 1875 3566 ct

160 3618 213 3663 cus
222 3617 315 3662 sermo
329 3599 455 3659 decrerit
470 3617 477 3669 3
494 3599 541 3654 sed
565 3610 655 3667 neque
671 3597 831 3666 priscorum
857 3602 886 3652 et
898 3597 986 3653 deiu—
1042 3597 1232 3667 operationes.
1246 3597 1283 3654 nt
1296 3611 1362 3655 uero
1376 3599 1465 3654 sinon
1481 3598 1587 3663 eadem,
1600 3598 1648 3654 sed
1659 3597 1728 3669 alia,
1745 3599 1874 3669 exeeptis

160 3708 226 3766 ceps
242 3691 441 3749 baereticorum
459 3685 540 3742 iuror
562 3689 681 3740 eatenus
703 3683 861 3754 adiuvenit,
892 3685 987 3742 sciens
1043 3685 1090 3741 bis
1115 3699 1149 3741 ex
1178 3684 1285 3756 quibus
1309 3692 1352 3741 est
1375 3687 1544 3758 credendus,
1568 3687 1597 3742 iu
1621 3701 1654 3743 eo
1683 3699 1733 3757 per
1758 3688 1872 3743 tertiam

161 3783 275 3838 inanem
287 3785 423 3848 uuquam
444 3772 645 3843 uitioproprio
666 3777 829 3841 corruptam
859 3775 986 3831 eamdem
1041 3774 1457 3846 aiunt,eumdemsecundum,
1484 3776 1621 3846 eamdem,
1643 3790 1747 3832 rursus
1775 3775 1875 3846 proie-

159 3869 334 3940 opinionem.
351 3863 380 3919 Si
394 3862 470 3918 enim
482 3860 602 3917 diversae
614 3874 648 3917 ex
662 3860 786 3917 diversis
795 3863 986 3932 compositum
1042 3868 1110 3920 runt
1120 3861 1526 3934 inexistentiam,velntisqui
1536 3864 1872 3920 mediusiuterncutram

160 3955 333 4014 substantiis
353 3949 578 4008 characterizant
592 3948 763 4006 naturaliter
786 3950 984 4026 proprietates,
1042 3949 1143 4007 barum
1159 3951 1273 4023 existat,
1301 3953 1455 4009 increatam
1484 3952 1595 4008 scilicet
1621 3958 1724 4009 natura
1749 3966 1813 4015 sua.
1841 3958 1869 4008 et

159 4047 259 4116 utpote
283 4041 448 4098 nullatenus
471 4039 602 4108 adempta
624 4042 792 4095 naturarum
820 4038 987 4098 diversitate
1040 4045 1163 4095 creatam
1191 4040 1383 4097 substantiam
1409 4046 1495 4112 atque
1522 4041 1657 4096 virtutem
1682 4057 1688 4094 :
1714 4046 1767 4096 aut
1795 4039 1871 4097 enim

159 4137 275 4207 propter
301 4129 471 4199 unitionem,
502 4127 549 4185 sed
581 4126 659 4183 salua
688 4127 786 4198 potius
813 4128 986 4198 proprietate
1041 4127 1286 4185 subsistentialem
1302 4129 1488 4186 roluntbanc
1508 4143 1579 4199 esse,
1597 4132 1649 4185 aut
1669 4129 1871 4200 compositam,

158 4221 313 4294 utriusque
326 4223 470 4276 natureet
481 4217 511 4274 in
525 4230 610 4274 uuam
623 4229 772 4287 personam
782 4221 810 4271 et
821 4230 904 4272 unam
921 4217 986 4273 sub
1040 4223 1091 4273 aut
1104 4217 1279 4289 deivirilem,
1292 4223 1343 4274 aut
1357 4218 1515 4274 unitoriam
1526 4223 1642 4288 propter
1653 4216 1870 4273 adunationem.

158 4310 319 4370 sistentiam
334 4311 532 4377 concurrente,
546 4304 784 4377 quemadmodum
796 4311 893 4360 sancta
903 4305 986 4362 Cbal·
1039 4309 1109 4362 Nam
1122 4320 1178 4363 non
1193 4307 1297 4379 solum,
1314 4311 1346 4363 ιιι
1356 4307 1466 4363 dictum
1479 4311 1532 4378 est,
1545 4307 1618 4361 banc
1628 4319 1684 4362 non
1696 4305 1868 4362 existentem

157 4397 325 4459 cadomensis
337 4396 463 4467 synodus
478 4395 519 4452 ait
533 4413 539 4450 :
554 4400 584 4450 et
598 4393 624 4448 is
635 4394 710 4448 Deus
725 4405 759 4448 ex
774 4393 831 4450 lieo
849 4395 941 4465 Patre,
956 4400 985 4451 ει
1040 4395 1237 4465 introducunt,
1254 4396 1328 4465 quod
1340 4395 1498 4452 secundum
1512 4394 1588 4451 nibil
1599 4408 1697 4452 eorum
1713 4393 1872 4466 exquibus

122 4480 129 4506 *
157 4490 243 4549 bomo
257 4502 291 4546 ex
311 4486 427 4545 bomine
441 4496 551 4554 semper
570 4481 683 4554 uirgine
705 4488 804 4554 matre,
832 4482 906 4538 idem
924 4484 985 4554 ipse
1040 4490 1083 4540 est
1098 4488 1229 4539 naturam
1244 4484 1320 4540 bunc
1331 4483 1535 4540 characterizet
1551 4501 1557 4538 :
1575 4497 1673 4540 verum
1688 4483 1873 4539 etiamana-

157 4579 285 4638 existens
298 4575 484 4650 cognoscitur
502 4573 586 4642 juxta
611 4575 742 4628 naturam
767 4576 861 4642 natus,
889 4587 985 4642 quau·
1040 4572 1128 4631 turali
1148 4570 1327 4644 cognatione,
1350 4585 1435 4643 quam
1459 4572 1545 4628 babet
1560 4586 1625 4629 cum
1646 4573 1704 4628 Deo
1726 4576 1756 4628 ει
1775 4573 1868 4640 Patre,

158 4680 244 4740 quam
266 4661 487 4735 incorporaliter
506 4664 535 4717 et
564 4659 627 4716 sinc
661 4673 764 4731 causa,
798 4661 985 4731 corporaliter
1040 4659 1872 4732 redduntexternum.bliuusenimdicendumquiaper·

158 4759 253 4814 autem
281 4767 316 4809 ex
342 4753 395 4808 bac
419 4753 534 4822 propter
557 4761 683 4820 causam,
711 4749 832 4806 salutem
851 4749 985 4806 uidelicet
1039 4750 1140 4807 bibent
1157 4764 1233 4820 eum,
1260 4750 1347 4806 etiam
1374 4750 1563 4822 acougeuita
1590 4749 1766 4820 proprietate
1785 4761 1871 4820 quam

157 4848 285 4902 nostram
302 4860 309 4897 r
328 4840 471 4911 quomodo
485 4837 624 4908 possibile
633 4843 676 4894 est
694 4852 779 4895 uuam
801 4839 984 4909 eamdemque
1039 4837 1165 4895 babetad
1178 4840 1374 4896 intemeratam
1388 4841 1507 4894 matrem
1519 4844 1548 4894 et
1558 4837 1709 4910 virginem,
1721 4836 1868 4893 alienum:

158 4943 318 5006 personam,
335 4928 364 4986 id
377 4933 420 4984 est
431 4941 518 4985 uuum
530 4927 719 4997 eumdemque
730 4927 877 4983 Christum
889 4927 985 4984 Domi·
1038 4928 1121 4998 quasi
1132 4929 1289 4985 secundum
1302 4933 1434 4984 neutrum
1445 4928 1545 4984 borum
1557 4925 1869 4996 babeatcompositam,

157 5035 227 5080 num
243 5024 370 5076 nostrum
385 5023 413 5074 et
423 5019 522 5088 Deum,
536 5030 622 5087 super
633 5016 706 5072 duas
720 5016 806 5072 etiam
816 5015 873 5071 alia
884 5030 984 5073 seeun-
1037 5022 1088 5074 aut
1098 5016 1353 5087 subsistentialem,
1365 5023 1415 5073 aut
1435 5017 1609 5088 deivirilem,
1632 5021 1684 5072 aut
1710 5015 1870 5072 unitoriam

158 5113 227 5170 dum
243 5110 322 5180 ipsos
334 5106 506 5179 proprietate
524 5104 695 5161 naturaliter
709 5103 839 5176 figurari,
850 5104 885 5159 ad
898 5105 985 5162 certi·
1038 5106 1183 5176 propriam
1196 5104 1370 5162 voluntatem
1385 5111 1414 5161 et
1425 5106 1628 5176 operationem.
1652 5106 1757 5162 Verum
1776 5102 1872 5159 Patris

159 5198 290 5257 tudinem
305 5210 402 5254 eorum
415 5194 577 5267 exquibus,
593 5199 622 5250 ct
634 5194 664 5249 iu
678 5192 786 5264 quibus
800 5198 829 5249 et
841 5207 904 5263 quae
917 5195 984 5251 esti
1038 5194 1153 5266 quidem
1170 5193 1389 5263 incompositam
1402 5195 1465 5251 sinc
1476 5193 1620 5264 principio
1636 5192 1723 5249 babet
1759 5199 1789 5250 et
1802 5191 1872 5251 sub

158 5287 189 5347 Si
202 5286 392 5344 enimeaedcm
413 5285 571 5341 creduntur
594 5283 680 5339 etiam
697 5281 857 5353 paraliam,
883 5283 912 5339 id
941 5290 984 5341 est
1039 5282 1200 5340 stantialem
1215 5286 1302 5353 atque
1316 5282 1443 5338 divinam
1455 5301 1463 5354 ς
1477 5283 1577 5339 matris
1587 5297 1653 5340 rero
1665 5289 1790 5340 creamm
1813 5299 1872 5342 na·

160 5391 211 5451 per
229 5374 354 5446 tertiam,
377 5386 440 5444 quae
463 5376 491 5427 et
519 5385 569 5442 per
591 5370 745 5428 dualitates
773 5371 934 5429 voluntates
956 5379 986 5430 et
1039 5372 1314 5429 turaetbumanam.

159 5464 342 5540 operationes
367 5463 515 5532 ejusque
540 5459 697 5517 aecuudum
724 5463 855 5517 naturam
891 5466 981 5520 suut:
1073 5461 1181 5519 Deinde
1190 5460 1276 5518 ctiam
1290 5460 1400 5518 divisas
1423 5465 1541 5518 naturas
1559 5475 1595 5518 ex
1613 5461 1721 5533 quibus
1737 5464 1800 5535 ipse
1825 5466 1869 5521 est

52 5629 56 5635 Ι
160 5568 274 5615 necesse
283 5555 371 5612 estut
385 5550 556 5609 indemitate
569 5548 986 5611 mbibitiouisiudissimilitas
1041 5549 1179 5624 inierunt,
1199 5551 1283 5623 quasi
1303 5564 1354 5623 per
1374 5550 1578 5624 operationem,
1594 5556 1622 5608 et
1637 5565 1694 5609 uon
1719 5565 1771 5623 per
1793 5554 1870 5612 sub-
