3876 6090
48 299 119 361 1044
540 302 690 361 llnnnnlll
707 302 833 361 TURON.
854 303 900 361 DE
919 303 1035 363 fflRAC.
1057 307 1087 364 B.
1108 307 1264 370 llnnTinl.
1684 324 1754 386 tols

47 424 233 496 Quapropter
244 425 395 482 unanimes
403 426 492 482 Deum
506 425 691 496 deprecemur
705 425 830 482 tideliter
844 429 877 481 ut
888 426 919 488 A
931 430 1054 501 ostenso,
1065 435 1122 487 tres
1131 431 1231 491 obolos
1239 440 1338 494 mutuo
1346 441 1479 513 sumpsit,
1491 442 1752 514 qulbusmndepam

49 514 198 572 bominem
227 515 315 572 istum
333 514 435 572 liberet
458 528 475 571 a
502 517 629 573 daemone
644 529 701 589 quo
715 515 873 573 obsidetur.
931 524 1120 587 comparatam
1135 521 1249 579 civibus
1263 523 1297 580 ad
1313 527 1403 584 sancti
1418 529 1543 587 tumbam
1556 532 1671 591 obtulit.
1689 537 1753 595 llaec

48 604 131 662 Tunc
142 604 253 661 daemon
263 618 313 676 per
324 619 357 662 os
366 607 567 679 energumeni:
580 607 645 678 llos,
658 606 764 677 inquit,
779 617 877 662 omues
933 616 978 660 res
991 607 1127 665 omnibus
1136 610 1249 669 civibus
1262 615 1438 673 Turonensis
1451 616 1580 676 civitatis
1593 623 1690 680 eadem
1708 624 1753 682 le-

51 705 108 751 non
120 693 220 765 timeo,
234 707 284 750 nec
297 708 390 751 meum
406 694 589 765 palaestritem
601 710 651 768 per
663 695 875 752 rosdimittam.
934 692 1012 750 mina
1024 695 1161 756 referente
1175 701 1312 761 innotuit.

49 783 138 841 Solus
151 784 295 841 llartiuus
321 784 374 842 boc
397 785 503 856 poterit
523 790 552 842 et
579 786 634 842 boe
660 790 753 843 tamen
771 784 800 840 in
815 785 880 855 ejus
969 784 1013 840 Vl.
1027 786 1085 843 Sub
1099 789 1163 859 ipso
1181 797 1308 864 tempore
1318 795 1377 853 alia
1387 794 1504 871 femina,
1521 801 1636 858 nomine
1649 800 1753 875 lignes,

52 874 163 930 bonore
180 873 269 930 missa
288 872 439 931 celebrata.
934 873 969 929 de
982 875 1088 945 oppido
1101 878 1176 936 Faiae
1191 894 1305 941 manum
1321 886 1483 958 pedumque
1494 886 1587 946 officio
1603 903 1652 961 per
1668 889 1756 948 bien-

85 962 169 1032 Quod
191 963 342 1020 audientes
366 963 476 1034 clerici,
497 964 621 1022 oonsilio
645 964 720 1022 inito
748 964 824 1021 inter
851 976 881 1021 se
936 965 1017 1023 nium
1029 968 1178 1041 destituta,
1194 977 1226 1029 ut
1237 975 1272 1030 ad
1286 976 1449 1046 sepulcrum
1458 976 1532 1034 beati
1542 979 1686 1038 antistitis
1695 987 1760 1052 post

51 1054 208 1112 dixerunt:
224 1055 259 1110 lit
268 1053 293 1110 si
308 1051 445 1111 diabolus
457 1055 637 1127 mendaxest,
651 1060 728 1111 certe
739 1055 781 1112 vel
796 1068 883 1126 quan·
938 1054 1038 1130 longos
1053 1059 1165 1119 labores
1177 1065 1272 1134 potuit
1286 1068 1428 1139 accedere,
1441 1073 1498 1124 tam
1511 1067 1569 1126 fult
1584 1070 1702 1129 illicito
1721 1087 1767 1131 so·

51 1143 150 1216 doque
164 1142 262 1200 dicere
286 1156 385 1200 verum
408 1144 531 1217 cogitur.
556 1146 619 1201 Non
643 1145 735 1217 igitur
757 1144 792 1200 ab
819 1144 883 1217 ipso
938 1147 1073 1217 spitatem
1089 1152 1308 1227 reciperequam
1323 1157 1493 1228 postulasse.

52 1235 139 1292 tidem
154 1234 310 1305 capientes,
326 1234 374 1290 sed
390 1232 426 1290 ab
441 1247 474 1291 eo
488 1234 535 1291 cui
559 1233 669 1291 invitus
683 1233 880 1292 testimonium
973 1234 1030 1291 Vll.
1045 1237 1116 1295 Cum
1130 1240 1293 1314 itaquepro
1308 1244 1509 1302 tantisettam
1533 1247 1696 1306 manifestis
1711 1248 1764 1306 mi·

53 1322 199 1396 perhibet,
216 1324 246 1380 in
262 1323 310 1379 bis
323 1335 375 1380 nos
389 1323 487 1380 domni
503 1323 620 1380 Martini
631 1322 751 1395 gloriosi
765 1321 881 1379 missam
939 1323 1047 1382 raculis
1061 1327 1160 1385 clerici
1172 1331 1253 1404 signa
1265 1333 1421 1407 pulsarent,
1438 1339 1466 1391 et
1481 1336 1617 1407 bynrnum
1633 1341 1668 1395 Te
1678 1342 1764 1395 Deum

52 1411 244 1484 celebramus,
270 1412 421 1469 credentes
436 1412 466 1467 in
481 1425 545 1469 eum
573 1413 623 1484 qui
650 1417 677 1468 et
704 1410 789 1468 malis
811 1410 883 1467 bene
939 1412 1232 1485 laudemasjucuudis
1247 1421 1765 1498 vocibusdecantarent,quidamole-

53 1503 159 1560 utitur.
176 1504 233 1559 Neo
253 1515 348 1574 mora,
370 1501 471 1558 festiva
497 1503 526 1557 ln
541 1503 669 1559 crastino
693 1501 781 1557 missa
806 1499 884 1556 cele-
938 1500 1285 1565 riousdeecoleslabeati
1300 1510 1376 1567 Petri
1388 1512 1527 1583 puellaris
1543 1514 1572 1570 in
1585 1517 1763 1586 pedecancri

52 1591 310 1649 braturinlronore
324 1591 566 1664 saucti.ltumque
576 1589 643 1663 posti
653 1590 883 1647 communionem
938 1587 1035 1646 aloem
1049 1605 1213 1667 pereussos,
1227 1597 1327 1654 audita
1338 1599 1517 1657 cantantium
1528 1615 1605 1674 voce,
1622 1604 1690 1662 nisu
1706 1619 1766 1677 quo

53 1683 324 1744 sacramllartinus
333 1681 526 1737 Amolaesinu
536 1682 614 1737 letus
624 1682 770 1750 excipitur,
787 1678 882 1735 clerus
937 1679 1044 1750 potuit,
1060 1683 1198 1739 comitum
1214 1690 1391 1744 sustentatus
1401 1689 1523 1759 auxilio,
1539 1691 1679 1750 miracula
1700 1709 1763 1766 quae

52 1771 230 1841 decantaret,
241 1770 376 1829 diabolus
387 1785 443 1828 non
456 1770 550 1828 lerens
562 1776 669 1827 tantam
682 1769 793 1827 laudem
811 1771 883 1825 llar-
895 1757 922 1820 B
937 1765 979 1822 ibi
990 1766 1095 1825 flebant
1104 1770 1230 1843 visurus,
1241 1771 1391 1830 basilicam
1402 1775 1478 1833 beati
1490 1779 1607 1836 llartini
1617 1779 1760 1852 introivit,

54 1861 122 1931 tlni,
139 1865 246 1917 tetrum
262 1862 413 1919 clamorem
430 1863 574 1932 emittens,
604 1866 767 1932 tetrumque
789 1859 883 1916 relin-
936 1855 1101 1929 statimque,
1131 1860 1207 1930 quod
1224 1861 1357 1918 mirabile
1371 1863 1462 1932 dictu,
1481 1866 1644 1933 sanitatem,
1675 1883 1761 1939 quam

54 1963 148 2021 quens
175 1951 301 2023 odorem,
335 1951 372 2008 ab
401 1965 593 2024 energumeno
614 1951 775 2022 discedens,
815 1963 881 2008 eum
937 1958 993 2003 noo
1009 1947 1129 2019 petebat,
1141 1949 1238 2006 molem
1250 1949 1320 2007 bora
1333 1952 1457 2021 adipisci
1482 1957 1650 2024 promeruit.

54 2052 157 2096 mnum
172 2044 201 2096 et
211 2039 321 2097 invitus
333 2041 472 2100 deseruit.
486 2041 566 2111 Quod
576 2040 701 2098 clericus
711 2040 812 2111 videns
824 2052 881 2096 non
971 2036 1038 2092 vlll.
1051 2037 1142 2094 Sedet
1157 2038 1263 2108 puella,
1276 2040 1391 2097 nomine
1402 2040 1526 2109 Osanna,
1540 2058 1604 2115 quae
1620 2060 1677 2116 prae
1688 2045 1762 2104 diu-

52 2126 113 2185 luit
127 2128 155 2185 ei
183 2129 254 2187 satis
268 2128 324 2187 sub
345 2130 490 2188 communi
505 2128 678 2187 clericorum
702 2129 762 2185 alta
783 2133 881 2184 sancto
936 2129 1023 2183 turno
1041 2126 1189 2185 ambarum
1215 2131 1328 2185 tumore
1353 2143 1490 2188 manuum
1514 2135 1650 2204 operandi
1677 2150 1761 2195 usum

53 2217 201 2274 deservire
212 2219 346 2290 liartino,
361 2218 409 2275 sed
427 2218 562 2288 placitam
575 2217 693 2274 llartini
707 2217 796 2273 vitam
811 2229 882 2286 pro-
935 2214 1081 2287 amiserat,
1098 2215 1235 2289 sullragio
1251 2217 1343 2274 sancti
1358 2218 1414 2274 uiri
1431 2218 1485 2277 dde
1498 2221 1599 2280 devota
1619 2222 1759 2296 invocato,

54 2304 160 2379 lasus,
174 2307 205 2363 in
221 2308 322 2378 majori
338 2308 512 2365 monasterio
534 2307 733 2365 monachicum
749 2305 880 2362 habitum
937 2304 1359 2376 perimmutatioueudextera
1366 2307 1470 2364 excelsi
1485 2310 1616 2381 pristinae
1627 2312 1763 2371 restituta

54 2397 285 2469 monachumque
292 2397 400 2454 virtute
416 2397 554 2468 suscepit,
568 2403 596 2454 et
604 2398 761 2454 monachus
776 2394 879 2463 lactus,
935 2397 980 2450 est
991 2393 1134 2466 sospitati.
1150 2466 1153 2474 ι

54 2483 190 2543 monachi
201 2485 334 2558 vigilavit
348 2487 378 2542 in
401 2491 492 2557 actus,
513 2486 583 2542 adeo
609 2489 641 2542 ut
663 2478 760 2557 postea
783 2487 882 2541 custos
971 2483 1021 2539 IX.
1037 2483 1141 2540 Eodem
1155 2483 1628 2562 nibilominusdiequidampuer,
1647 2491 1763 2548 nomine

53 2575 170 2634 ordinis
183 2575 213 2630 lu
233 2575 329 2632 eodem
347 2576 520 2633 monasterio
535 2589 594 2646 prae
608 2576 759 2631 sanctitate
773 2574 839 2631 vitae
854 2576 883 2630 et
936 2570 1105 2644 Gaulridus,
1121 2573 1277 2630 contractis
1291 2575 1413 2647 genibus
1433 2589 1484 2647 per
1503 2576 1662 2634 triennium
1683 2577 1763 2637 iule-

53 2662 554 2736 rellgioniscustodlaponeretur.0
571 2663 726 2720 llartinum
740 2661 883 2720 nulliiere
937 2661 1006 2718 licia
1015 2661 1141 2719 membra
1153 2663 1676 2739 baculosustentarerat.Qui,virtute
1685 2668 1762 2727 beati

52 2758 221 2810 sanctorum
241 2753 353 2809 meritis
370 2751 546 2821 interiorem,
569 2751 644 2808 nulli
662 2751 819 2809 secundum
836 2764 883 2820 po
936 2751 1054 2807 liartini
1082 2756 1245 2824 renovatus,
1272 2751 1374 2812 baculo
1394 2769 1451 2826 quo
1478 2769 1529 2825 pro
1548 2757 1618 2827 pede
1641 2758 1685 2814 uti
1711 2773 1764 2816 so-

52 2840 189 2914 tentiam,
204 2840 279 2899 nulli
304 2840 464 2899 visceribus
488 2841 641 2898 charitatis
656 2840 806 2910 minorem,
829 2837 881 2909 qui
937 2837 1022 2911 lebat,
1037 2840 1066 2896 in
1085 2840 1206 2898 basilica
1220 2843 1312 2899 sancti
1336 2841 1510 2902 contessoris
1533 2846 1568 2902 ad
1596 2849 1762 2906 memoriam

53 2928 233 2988 mirabiliter
243 2931 451 2989 demoniacum
466 2931 589 3003 curavit,
605 2935 633 2987 et
647 2932 710 3001 ejus
729 2930 879 2986 sanitatem
936 2931 1114 2998 posterorum
1135 2930 1277 3001 deposito,
1292 2935 1321 2987 et
1346 2932 1457 2989 atrabe
1482 2948 1632 3007 suspenso,
1659 2942 1763 3009 gratu-

52 3018 162 3077 clerico
176 3033 230 3076 suo
245 3021 473 3077 misericorditer
486 3034 558 3077 verae
569 3019 675 3077 salutis
688 3031 803 3077 oaumm
819 3029 882 3073 esse
937 3014 1082 3074 labundus
1091 3022 1119 3074 et
1130 3017 1287 3076 incolumis
1299 3019 1405 3089 populo
1429 3026 1575 3091 spectante
1596 3024 1631 3080 ad
1645 3039 1697 3082 sua
1713 3040 1763 3083 re-

50 3108 182 3164 donavit.
195 3107 645 3182 llartinumlgitureoergumeni
655 3105 753 3164 laudat
762 3105 879 3163 medela.
895 3095 919 3156 C
936 3106 1058 3176 pedavit.

50 3197 210 3255 llartinum
225 3198 389 3271 magnificat
412 3197 504 3268 plebis
524 3197 679 3254 admiratio
699 3200 728 3252 et
755 3195 878 3253 devotio.
970 3196 1006 3251 X.
1024 3197 1092 3252 ltem
1102 3196 1182 3253 allud
1197 3195 1266 3254 huic
1280 3196 1379 3254 simile
1394 3210 1450 3254 non
1463 3201 1508 3253 cst
1521 3197 1666 3257 silendum
1678 3201 1762 3259 mira-

50 3285 292 3344 ltartinumvero
313 3287 457 3361 glorificat
475 3286 881 3344 olericladllominumcon-
935 3283 1041 3340 culum.
1059 3285 1129 3341 Nam
1153 3285 1282 3357 quaedam
1306 3286 1420 3357 mulier,
1451 3285 1567 3342 nomine
1592 3288 1691 3361 llaria,
1712 3291 1760 3347 cui

49 3373 148 3431 versio
163 3374 549 3447 periectalitubiquetanto
566 3375 730 3432 mirabilior
739 3374 881 3432 ldartinus
934 3373 980 3428 vir
994 3388 1075 3446 suus,
1092 3373 1229 3432 suadente
1251 3375 1376 3447 diabolo,
1396 3387 1497 3432 nervos
1521 3375 1659 3434 tibiarum
1683 3377 1760 3436 ier-ro

51 3461 177 3522 bubeium
191 3470 299 3537 quanto
320 3466 499 3538 poscentium
524 3465 594 3523 ddes
610 3465 644 3522 ad
667 3464 821 3521 Dominum
844 3463 879 3520 ad
935 3462 1106 3535 absciderat,
1115 3464 1222 3521 amisso
1231 3464 1380 3537 gradiendi
1391 3478 1445 3521 usu
1457 3464 1759 3535 pertrienniumdomi

54 3550 211 3625 ipsumque
222 3555 336 3613 devotio
351 3559 538 3626 promeretur.
933 3550 1109 3624 elanguerat.
1126 3553 1204 3625 Quae,
1223 3552 1323 3611 audita
1335 3557 1378 3612 tot
1393 3554 1542 3628 signorum
1568 3554 1706 3630 potentia,
1728 3572 1759 3615 se

87 3642 133 3698 lv.
149 3643 202 3699 Per
216 3642 291 3700 idem
305 3648 419 3715 mnpus
433 3643 610 3701 sanubertus
629 3643 747 3716 quidam
762 3641 879 3699 diutino
934 3644 1098 3698 sustentans
1110 3641 1222 3709 baculo,
1235 3641 1301 3699 nisu
1316 3656 1374 3714 quo
1389 3642 1484 3715 potuit
1496 3642 1530 3699 ad
1543 3642 1686 3701 tumulum
1696 3659 1759 3702 san·

50 3731 192 3805 languore
216 3738 390 3804 contractus,
416 3734 463 3790 oui
491 3733 571 3790 nulla
596 3732 721 3790 remedia
748 3730 879 3788 valebant
933 3728 973 3785 cti
994 3728 1049 3785 viri
1069 3731 1202 3787 accedere
1217 3744 1273 3788 non
1286 3732 1413 3805 distulit,
1428 3732 1511 3801 juxta
1526 3745 1609 3804 quem
1633 3732 1757 3790 orationi

51 3822 201 3892 prolicere,
217 3836 282 3880 cum
295 3824 329 3880 ad
351 3823 496 3881 tumulum
521 3823 597 3880 beati
609 3822 728 3879 Martini
752 3821 783 3878 in
806 3820 879 3878 lecto
934 3832 999 3876 oum
1012 3819 1407 3891 larymisdiutiusinoubuit.
1424 3821 1496 3877 llira
1508 3821 1644 3892 deinceps
1654 3836 1699 3879 res
1719 3837 1760 3880 se

51 3908 159 3968 inisset
172 3911 288 3983 allatus,
306 3913 432 3983 primum
444 3911 521 3968 circa
536 3925 637 3984 genua,
654 3910 805 3981 inquibus
820 3921 881 3982 gra·
934 3912 1001 3965 oum
1015 3914 1067 3965 est.
1083 3909 1220 3966 Oratione
1231 3923 1354 3982 namque
1369 3909 1519 3980 completa,
1536 3909 1637 3966 multis
1655 3911 1760 3968 viden-

50 3998 161 4056 riorem
177 4000 342 4071 patiebatur
352 4000 491 4072 dolorem,
508 3999 709 4070 sudorecoepit
721 4012 777 4056 noo
793 4011 879 4069 pario
935 3996 1025 4070 tibus,
1042 3998 1183 4068 rejunctis
1195 3999 1292 4054 nervis
1304 3998 1482 4072 genibusque
1498 3998 1648 4071 reparatis,
1662 4000 1760 4058 subito

51 4090 216 4147 madescere
228 4088 489 4164 deindetepelaciis
501 4090 591 4159 venis,
611 4089 810 4160 reparatisque
819 4101 880 4143 ner·
935 4086 1040 4143 mulier
1051 4100 1082 4144 se
1096 4087 1198 4144 erexit.
1214 4090 1337 4158 lloxque
1354 4088 1468 4144 concito
1482 4088 1572 4161 gradu
1587 4088 1704 4145 domum
1718 4104 1761 4147 ve·

50 4175 106 4247 ris,
127 4176 272 4234 redivivos
287 4178 370 4249 pedes
383 4179 521 4236 extendit.
538 4180 595 4235 Nec
618 4176 708 4234 multo
731 4180 794 4248 post
812 4189 879 4232 cer-
933 4175 987 4247 nit,
1008 4180 1035 4232 et
1049 4177 1145 4233 eadem
1171 4176 1240 4232 hora
1268 4174 1392 4246 rediens,
1409 4175 1561 4246 cortinam,
1579 4190 1665 4247 quam
1678 4178 1756 4234 domi

49 4271 137 4322 mente
152 4267 268 4340 populo,
284 4268 412 4324 surrexit
438 4267 602 4337 incolumis,
620 4266 799 4339 pedibusque
813 4264 877 4321 suis
933 4261 1064 4336 habebnt,
1081 4263 1243 4321 letabunda
1260 4262 1370 4331 attulit,
1391 4262 1507 4319 allatam
1530 4265 1565 4319 ad
1592 4265 1757 4321 memoriam

49 4355 87 4411 ad
114 4356 232 4427 propria
258 4357 393 4413 remeavit
413 4357 462 4428 qui
492 4356 625 4414 manibus
652 4356 758 4413 allatus
783 4354 878 4412 luerat
932 4354 1024 4409 sancti
1037 4353 1092 4410 viri
1105 4367 1171 4409 oum
1187 4351 1292 4426 gaudia
1307 4354 1335 4408 et
1349 4351 1499 4407 devotione
1514 4350 1629 4407 obtulit.

49 4442 169 4501 alienis.
894 4445 922 4508 D
968 4443 1017 4497 Xl.
1033 4444 1169 4498 Praeterea
1178 4440 1359 4514 lledigunnis
1374 4439 1491 4512 quidam
1507 4439 1686 4511 sagenarius,
1706 4440 1755 4498 cui

87 4533 119 4589 V.
137 4535 207 4591 ltem
219 4534 347 4605 quaedam
364 4535 478 4607 muller,
496 4534 781 4606 nomineliosoelina,
793 4546 878 4605 quam
933 4531 1022 4589 amba
1033 4545 1133 4587 manus
1143 4537 1267 4587 curvate
1280 4529 1367 4586 simul
1381 4534 1408 4585 et
1423 4526 1581 4584 tumelaetae
1592 4527 1676 4600 longo
1690 4534 1757 4585 tem-

49 4622 199 4696 malignus
213 4624 337 4694 spiritus
353 4639 402 4695 per
412 4625 645 4696 quinquennium
663 4625 838 4694 possederat,
851 4626 879 4679 et
935 4634 1002 4692 pore
1023 4633 1107 4677 usum
1132 4619 1262 4690 piscandi
1290 4623 1469 4691 negaverunt,
1486 4630 1550 4674 mox
1568 4621 1599 4673 ut
1628 4617 1756 4675 tumbam

46 4711 85 4768 ab
94 4711 176 4768 omni
188 4713 377 4770 membrorum
392 4715 531 4784 privatam
543 4714 693 4785 obsequio,
707 4713 879 4771 abintroitu
934 4709 1026 4767 sancti
1049 4708 1192 4765 antistitis
1213 4708 1294 4763 llrma
1310 4707 1364 4764 flde
1391 4707 1497 4779 tetigit,
1523 4711 1676 4777 conspectu
1704 4723 1759 4779 po-

48 4814 167 4873 quoque
181 4802 309 4859 ecclesiae
321 4804 374 4860 diu
390 4803 586 4874 prohibuerat,
607 4809 756 4875 postquam
772 4802 880 4859 basili·
935 4799 997 4870 puli
1012 4796 1238 4866 circumstantis,
1253 4796 1407 4866 utriusque
1420 4795 1625 4865 palmaesednto
1637 4800 1757 4870 tumore,

46 4904 112 4946 mm
133 4891 227 4947 sancti
239 4892 384 4948 antistitis
401 4892 543 4962 introivit,
572 4892 711 4948 continuo
726 4890 878 4947 liberatae
934 4893 962 4944 et
983 4885 1102 4957 expulso
1115 4884 1224 4954 dolore,
1246 4882 1398 4938 sanitatem
1423 4895 1507 4953 quam
1525 4895 1596 4951 puro
1609 4883 1693 4939 corde
1705 4898 1760 4955 po-

45 4978 204 5048 daemonio,
221 4979 879 5051 totiuscorporisalacritatemnonsineadml·
933 4981 1062 5047 posoerat
1072 4968 1600 5045 impetravit,redivivamquedextera,
1611 4975 1670 5028 tota
1679 4973 1760 5043 plebe

47 5067 330 5125 rationemultorum
344 5069 398 5125 sub
413 5075 556 5126 momento
571 5069 687 5140 recepit.
703 5068 756 5126 Cui
774 5069 878 5127 deinde
935 5065 965 5122 in
992 5063 1128 5122 laudibus
1146 5063 1197 5118 Dei
1213 5061 1388 5118 acclamante
1403 5064 1431 5116 et
1453 5073 1511 5130 prae
1535 5059 1642 5133 gaudio
1663 5062 1758 5134 lenm,

46 5155 167 5213 domum
181 5157 334 5213 revertenti
362 5162 394 5214 ut
416 5158 564 5214 candelam
581 5163 762 5228 prepararet,
790 5171 875 5229 quam
933 5153 1023 5211 libere
1036 5167 1065 5209 se
1078 5150 1212 5225 signavit.

47 5258 114 5301 cum
128 5243 199 5301 aliis
210 5243 472 5303 fidelibusvcniens
484 5245 607 5318 offerret,
624 5246 671 5303 sed
688 5247 878 5303 undeemeret
969 5242 1029 5300 llll.
1046 5245 1102 5299 Nec
1124 5241 1221 5298 minus
1234 5239 1281 5296 liis
1307 5238 1467 5311 gloriosum
1492 5237 1653 5296 addendum
1673 5237 1758 5294 credo

47 5332 170 5391 omnino
188 5347 245 5391 non
270 5334 396 5403 baberet,
424 5335 542 5407 quidam
567 5336 724 5393 monachus
747 5336 877 5409 angelica
932 5332 1114 5390 miraculum.
1129 5332 1181 5388 Tot
1203 5330 1300 5402 itaque
1322 5333 1349 5385 et
1365 5334 1510 5385 tantorum
1534 5327 1759 5397 circumquaque

47 5422 157 5481 canitie
170 5423 324 5481 decoratus
336 5425 365 5481 in
380 5423 495 5483 foribus
509 5425 636 5482 ecclesiae
648 5424 784 5487 obviavit.
795 5426 878 5483 dans
934 5425 1115 5481 discurrente
1131 5419 1272 5492 preconio
1289 5419 1448 5493 signorum,
1463 5418 1538 5474 inter
1552 5419 1669 5471 caeoeros
1680 5412 1761 5469 debl-

45 5526 104 5584 que
117 5511 163 5569 illi
177 5512 330 5585 purissimi
355 5514 490 5571 candoris
510 5528 677 5585 mummum,
703 5513 800 5570 subito
821 5527 877 5572 non
933 5513 975 5569 les
989 5511 1023 5567 ad
1039 5510 1203 5566 memoriam
1216 5508 1309 5565 sancti
1317 5506 1462 5564 antistitis
1475 5488 1604 5573 undique
1613 5499 1758 5556 conluen-

45 5602 222 5674 comparuit
234 5601 359 5674 Accepto
372 5602 654 5675 muliernummo,et
673 5602 878 5661 nummulariis
933 5598 1248 5673 tes,alluitetquaedam
1257 5588 1763 5664 calamitosapuella,nominelbco·
