3876 6090
183 240 253 304 ⁴32⁴
625 236 769 295 APPEND.
790 234 838 292 44)
855 233 937 292 SAEG.
958 232 1008 291 IX.
1023 262 1060 275 -
1071 230 1250 289 adelonus
1267 230 1436 289 luorillss.
1815 229 1882 292 ⁴328

181 365 285 436 dendo,
301 364 376 421 idest
389 359 407 418 5
421 359 524 433 signis,
540 362 569 416 44
582 357 600 415 6
614 357 745 429 partibus
761 356 943 428 interpositis
956 373 963 426 3
978 357 1045 419 444
1059 353 1112 411 4444
1125 356 1219 410 44444
1232 353 1335 410 444444
1346 349 1381 410 24
1390 352 1504 424 diebus,
1520 356 1549 409 44
1559 350 1650 409 tertia
1662 353 1746 423 parte
1755 351 1825 421 diei,
1837 354 1886 411 hoc

180 455 258 512 sicut
271 453 339 510 luna
354 449 387 508 ⁴2
399 455 522 522 quatuor
537 447 684 505 mensibus
696 451 723 503 et
737 443 770 502 ⁴⁴
784 445 916 517 partibus
930 443 1005 500 elon·
1060 447 1102 499 est
1123 441 1141 497 8
1165 443 1245 499 horis
1272 440 1445 515 signiferum
1474 441 1614 512 pervolat.
1644 442 1715 498 Post
1738 436 1771 495 49
1797 447 1884 498 auten

180 549 290 618 gatnra
301 543 370 614 sole,
383 542 445 611 hoc,
459 553 577 596 numero
591 539 762 608 interposito
778 535 845 591 luna
863 532 896 589 48
906 534 1006 604 adpro
1058 545 1149 589 annos
1163 531 1319 603 completos
1335 532 1365 587 in
1381 531 1510 589 eumdem
1524 530 1673 587 circulum
1690 531 1854 588 revertitur.

182 635 304 706 pinquat
322 633 357 690 ad
377 631 474 689 solem.
491 631 525 686 Et
540 629 584 686 sic
601 628 636 684 de
654 625 780 698 singulis
798 637 889 696 usque
905 624 940 680 ad
956 622 1006 679 lu-
1265 640 1303 693 lle
1317 639 1462 693 pelogam
1482 653 1576 694 cmg,
1596 639 1682 692 punge,

181 735 245 779 ”³¹¹¹
261 719 305 779 3⁰·
660 805 665 816 ,
824 804 829 814 ,
1094 745 1188 800 cxlll.
1203 746 1282 802 Luna
1296 746 1421 801 vicinior
1433 751 1475 802 est
1490 746 1586 817 terris,
1603 757 1694 816 quam
1708 743 1764 814 sol,
1781 743 1886 800 undeet

286 810 457 910 Α’,ΜΜ
471 806 503 861 de
517 803 745 905 ⁶¹f'⁸“.⁸⁰l²⁸p⁰'‚
756 800 789 858 ⁴²
803 817 911 902 ⁸²⁹⁷³“·‚
1006 903 1009 908 ¹
1059 833 1188 890 breviore
1210 833 1279 890 orbe
1296 833 1420 890 celerius
1440 835 1550 906 peragit
1565 846 1688 891 cursum
1708 845 1814 903 snum,
1830 847 1885 889 nan

214 900 284 956 cxi.
304 898 334 954 Su
354 910 429 953 44444
444 894 580 963 volueris,
604 906 634 948 rn
651 907 707 965 quo
722 905 816 965 signo,
840 890 882 945 vel
905 903 934 945 un
950 901 1006 959 qua
1061 923 1125 994 iter,
1143 923 1218 993 quod
1237 923 1268 977 in
1286 923 1389 979 diebus
1405 921 1459 978 365
1476 928 1503 979 e,
1521 923 1687 995 quadrante
1707 920 1751 978 sol
1772 922 1885 993 peragit.

181 994 260 1059 parte
271 987 347 1088 signi
363 991 406 1041 est
419 984 497 1055 luna,
511 987 539 1038 et
553 987 622 1053 quot
636 986 742 1080 paries,
756 980 798 1081 uel
812 984 883 1079 (4404
897 991 1006 1033 ffl⁰⁰⁸⁶⁸
1060 1011 1128 1068 luna
1147 1012 1241 1069 currit
1253 1026 1302 1083 per
1320 1011 1356 1068 30
1369 1013 1452 1083 dies;
1470 1011 1587 1069 undeet
1600 1012 1722 1081 antiqui
1738 1023 1849 1067 menses
1862 1011 1885 1066 in

178 1081 249 1132 ⁸⁰⁰⁸
272 1080 347 1131 mter
367 1073 454 1129 δοκῶ
478 1077 506 1127 et
526 1071 633 1141 ΝΜ
656 1084 686 1126 ¹¹¹
702 1083 779 1125 ⁰m¹¹¹
797 1068 846 1169 ,ὼε
861 1080 942 1124 sume
956 1065 1007 1167 ’Ψ
1061 1100 1129 1157 4444
1140 1114 1232 1157 44444
1243 1118 1251 1172 3
1263 1114 1318 1157 non
1333 1102 1362 1157 44
1376 1100 1458 1172 44444,
1469 1115 1557 1158 44444
1571 1104 1750 1172 posueruut.
1763 1100 1885 1156 Crescens

180 1177 244 1220 nam
270 1167 447 1234 praesentem,
473 1171 674 1231 quamcunque
695 1158 832 1225 volneris,
855 1162 883 1212 et
902 1153 1007 1254 444444-
1060 1193 1155 1245 amem
1177 1189 1246 1245 luna
1271 1190 1410 1246 orientem
1438 1189 1577 1246 comibus
1597 1189 1674 1259 pem
1696 1205 1704 1255 3
1729 1189 1885 1244 mmm

181 1252 257 1325 plica
277 1250 441 1312 duodecies,
465 1247 533 1320 quia
556 1245 590 1304 ⁴2
609 1245 742 1318 partibus
767 1244 832 1301 luna
856 1256 934 1300 omnr
958 1243 1007 1299 dic
1060 1276 1235 1334 occidentem
1249 1295 1257 1349 ἱ
1273 1283 1301 1334 θ,
1313 1278 1426 1348 memo,
1441 1278 1638 1350 quiawsm’
1656 1276 1885 1334 mmmm

179 1340 359 1413 elongatura
378 1338 447 1409 sole,
461 1341 489 1393 et
504 1342 610 1408 quotus
632 1349 769 1392 numerus
788 1333 823 1390 44
837 1332 888 1389 4444
903 1330 1007 1389 multi·
1062 1364 1169 1423 lumen·

180 1430 337 1502 plicatione
356 1428 455 1499 luerit,
481 1430 523 1482 tot
544 1429 648 1496 partes,
670 1424 745 1480 idest
766 1423 839 1495 dies,
857 1421 902 1478 444
924 1421 1007 1493 signa
1061 1456 1099 1510 lle
1115 1469 1229 1510 ascensu
1242 1455 1317 1520 soh-3,
1333 1458 1359 1510 e,
1373 1455 1502 1511 descensu
1514 1471 1566 1526 W
1583 1459 1675 1511 ,otum
1689 1469 1809 1518 mm,
1825 1470 1884 1524 ⁴⁴⁰·

180 1524 249 1576 sunt
269 1518 344 1574 inter
358 1516 456 1585 solem,
472 1520 501 1570 et
515 1514 626 1570 lunam.
645 1512 675 1568 Si
690 1517 785 1569 44444
802 1511 940 1568 terdecies
956 1510 1008 1566 ln·
1094 1526 1173 1581 modo
1205 1528 1299 1582 mg
1329 1528 1359 1582 g„
1390 1542 1558 1598 unaquaque
1593 1527 1653 1591 gie,
1690 1527 1737 1580 „eg
1767 1527 1884 1596 qum

181 1620 246 1664 nam
270 1604 429 1677 quamlibet
460 1602 711 1672 multiplicaveris,
739 1603 846 1671 quotus
868 1612 1006 1655 numerus
1096 1596 1234 1653 decrescit.

180 1693 279 1765 444444,
301 1698 342 1749 444
364 1697 458 1763 partes
477 1690 520 1747 444
541 1703 651 1745 menses
666 1693 751 1745 erunt
766 1688 842 1744 inter
857 1687 940 1743 illnm
959 1684 1048 1747 lo-B
1096 1685 1189 1742 CXIV.
1218 1687 1292 1756 Quot
1321 1686 1385 1744 4444
1415 1691 1483 1746 suut
1505 1687 1535 1743 in
1561 1687 1739 1744 ascensione
1764 1686 1843 1757 solis,
1863 1693 1885 1743 et

179 1797 256 1854 cum,
277 1781 307 1838 in
329 1795 387 1852 quo
406 1781 474 1838 luna
493 1792 611 1835 accensa
629 1777 729 1849 luerit,
750 1783 777 1834 et
797 1777 876 1833 illam
898 1780 1005 1848 purtem
1060 1774 1254 1846 descensione,
1269 1780 1301 1832 ut
1312 1776 1352 1832 sit
1362 1776 1564 1847 aequadirisio
1576 1777 1656 1833 inter
1667 1776 1776 1847 lucem,
1786 1781 1814 1832 44
1824 1782 1885 1833 tene

178 1871 255 1940 coeli,
279 1870 329 1926 ubi
351 1869 419 1925 luna
439 1868 533 1924 currit
552 1879 685 1938 presens.
709 1866 790 1921 illam
809 1878 876 1936 ergo
898 1869 1005 1935 partem
1059 1863 1136 1935 bras,
1156 1864 1209 1922 hoc
1226 1871 1270 1920 est
1288 1865 1362 1921 inter
1381 1878 1530 1923 ascensum
1549 1865 1634 1928 44444.
1654 1870 1684 1922 44
1703 1865 1886 1923 descensum?

179 1958 256 2030 coeli,
270 1971 355 2029 quarn
376 1957 468 2028 prima
484 1956 552 2012 luna
566 1955 614 2011 die
632 1960 771 2025 nocteque
785 1953 925 2024 completa
938 1965 1007 2023 per·
1059 1952 1089 2008 Si
1106 1952 1245 2009 44444444
1263 1952 1398 2025 44444444,
1422 1954 1461 2010 ita
1482 1954 1724 2026 investigandum
1744 1958 1798 2010 est
1813 1955 1835 2010 4
1849 1968 1884 2011 un

179 2049 282 2119 currit,
294 2046 337 2102 sic
354 2043 459 2115 44442,
474 2044 523 2100 ubi
540 2044 643 2114 currit,
661 2042 702 2098 ihi
717 2040 752 2099 2⁴
768 2043 832 2098 dies
848 2040 891 2099 sol
905 2054 1007 2112 perve-
1060 2040 1319 2099 Kal.lanuar.dles
1331 2043 1571 2114 incipitcrescere
1579 2043 1718 2114 usquein
1728 2057 1758 2100 xi
1771 2043 1885 2101 4444444.

180 2137 249 2207 4444,
266 2139 295 2191 44
309 2136 349 2192 ita
365 2133 596 2205 investigandum
613 2137 657 2188 est
672 2145 721 2202 per
735 2136 839 2188 cetera.
1061 2131 1114 2187 444
1127 2137 1171 2188 444
1184 2131 1302 2202 perduo
1314 2130 1359 2198 94,
1372 2138 1401 2189 44
1413 2133 1486 2189 duos
1496 2133 1570 2202 dies,
1585 2133 1665 2189 idest
1681 2147 1736 2204 per
1749 2133 1767 2188 6
1778 2147 1885 2205 menses,

349 2226 387 2278 De
401 2227 501 2292 septem
515 2221 651 2275 4444444444
665 2220 832 2275 errantibus.
1060 2219 1110 2290 qui
1132 2219 1236 2276 hahent
1256 2220 1319 2276 dies
1341 2218 1402 2278 482.
1421 2223 1473 2278 Ρ44
1496 2222 1548 2278 444
1567 2235 1638 2294 ergo
1658 2236 1709 2278 444
1730 2236 1848 2293 menses,
1863 2228 1887 2278 ct

212 2315 294 2370 cxli.
311 2311 388 2368 Inter
402 2311 506 2367 coelum
522 2313 684 2380 terramque
700 2313 807 2378 septem
822 2306 918 2364 sidera
932 2318 1006 2376 peu·
1059 2308 1214 2365 dimidium
1229 2310 1306 2366 diem
1322 2310 1492 2380 naturalem,
1509 2310 1563 2367 hoc
1576 2314 1623 2366 cst
1638 2307 1673 2365 ⁴2
1691 2311 1781 2367 44444
1795 2312 1887 2367 crescit

180 2403 249 2461 4444
270 2402 357 2459 444444
377 2401 502 2456 44444444
520 2398 633 2470 spatiis,
658 2412 721 2469 444
740 2404 878 2454 44444444
899 2393 952 2463 444,
977 2398 1006 2451 44
1060 2396 1120 2467 444,
1141 2401 1169 2453 44
1186 2398 1259 2469 4444,
1279 2402 1307 2454 44
1320 2398 1461 2455 decrescit
1480 2413 1546 2467 nox,
1567 2402 1597 2455 44
1619 2398 1751 2456 tenebrae
1771 2399 1800 2455 44
1818 2401 1887 2456 4444

177 2490 257 2560 4444,
271 2488 354 2545 444444
365 2487 495 2558 Saturni,
507 2485 589 2543 stella
601 2485 689 2556 44444,
702 2484 785 2541 stella
797 2483 908 2552 Martis,
922 2481 1005 2537 stella
1059 2485 1106 2541 die
1120 2499 1169 2557 per
1180 2484 1198 2543 2
1211 2494 1362 2557 4444444,
1377 2494 1405 2543 44
1422 2487 1590 2560 44444444,
1615 2494 1645 2544 44
1656 2495 1773 2545 sextam
1790 2494 1886 2558 partem

177 2579 303 2648 Teneris,
318 2577 401 2633 stella
413 2575 560 2632 llercnrii.
578 2575 641 2629 llaec
653 2578 747 2630 autem
763 2569 780 2628 4
795 2573 891 2629 sidera
902 2583 1006 2627 erran·
1060 2575 1207 2649 momenti,
1229 2575 1281 2631 lnoc
1299 2576 1426 2632 estduas
1445 2576 1546 2632 tertias
1563 2578 1721 2633 momenti.
1741 2578 1777 2633 Et
1789 2577 1827 2633 444
1846 2590 1888 2647 per

178 2668 219 2725 tia
240 2667 380 2724 dicuntur
401 2664 580 2722 contrarium
602 2666 612 2686 ·
633 2663 771 2718 444444
796 2661 911 2732 agentia
934 2674 1006 2715 cur·
1060 2659 1094 2718 ⁴5
1114 2662 1186 2735 4444,
1209 2667 1238 2719 44
1264 2663 1350 2734 paulo
1380 2664 1506 2735 amplius
1531 2664 1603 2722 44444
1630 2666 1754 2722 crescit.
1785 2667 1835 2722 Per
1859 2663 1890 2721 94

177 2770 252 2827 444,
274 2757 348 2811 44444
370 2754 438 2809 laevo
460 2751 511 2807 illo
531 2763 642 2819 semper
665 2749 694 2804 in
714 2748 830 2805 dextera
853 2747 1002 2818 percipiet,
1058 2756 1152 2807 antem
1166 2752 1229 2809 dies
1239 2752 1303 2809 duae
1317 2753 1394 2810 4444
1413 2758 1555 2824 crescunt,
1572 2754 1623 2811 sed
1645 2759 1747 2811 tamen
1760 2757 1889 2812 ncnsuut

178 2843 309 2915 quamuis
320 2840 438 2896 assidua
452 2837 678 2908 conversatione,
694 2835 723 2891 in
738 2849 833 2892 mense
844 2835 1004 2891 celeritatis
1060 2838 1118 2896 illae
1135 2840 1199 2896 444
1213 2841 1290 2898 hore
1304 2842 1421 2914 integrae
1438 2842 1533 2899 adhuc
1548 2841 1732 2914 usquedum
1749 2844 1888 2914 pervenias

176 2929 358 2987 adtolluntur
378 2927 413 2983 ab
432 2941 475 2998 44,
498 2926 706 2997 rapianturque
728 2925 758 2981 in
783 2937 926 2996 occasum,
950 2923 1006 2979 44·
1059 2928 1093 2984 44
1111 2933 1176 2986 4444
1198 2929 1283 2986 horas
1303 2929 1361 2986 diei
1382 2930 1417 2987 de
1438 2944 1534 2988 mense
1552 2936 1711 3003 sequente.
1734 2933 1767 2988 in
1785 2930 1890 2988 duobus

176 3031 258 3076 44444
277 3022 370 3074 tamen
387 3017 428 3073 444
448 3021 527 3072 4444
543 3028 593 3085 per
608 3027 677 3071 suos
692 3027 812 3085 quaeque
832 3026 935 3083 passus
948 3011 1041 3078 arn-c
1058 3023 1153 3072 autem
1169 3018 1317 3076 mensibus
1335 3015 1351 3075 ⁴
1364 3019 1441 3076 444444
1453 3024 1586 3076 crescunt
1601 3020 1632 3076 44
1642 3020 1711 3077 4444
1723 3021 1754 3077 44
1767 3033 1891 3093 augmen

175 3112 326 3167 444444444
339 3120 416 3164 4444
427 3104 561 3177 44444444,
573 3117 650 3160 4444
660 3103 796 3174 superius
807 3105 923 3173 propter
933 3100 1004 3158 obli·
1058 3108 1087 3161 to
1101 3107 1170 3176 diei,
1184 3107 1233 3164 sed
1245 3112 1338 3165 tamen
1353 3106 1411 3163 illae
1424 3105 1441 3163 4
1454 3109 1531 3165 horae
1543 3120 1603 3164 non
1613 3114 1690 3166 sunt
1700 3109 1794 3181 plenae
1808 3121 1890 3181 usqne

176 3197 325 3272 quitatem.
350 3193 487 3268 Signiferi
512 3197 652 3266 vagantur
671 3210 679 3263 ς
700 3191 792 3262 rapiis
814 3194 910 3247 auten
932 3189 1004 3246 solis
1058 3195 1092 3249 ad
1108 3192 1254 3252 loliorum
1274 3195 1333 3252 diei
1352 3197 1388 3254 de
1407 3210 1502 3253 mense
1521 3196 1619 3254 444444.
1632 3200 1674 3255 Et
1692 3199 1735 3256 ita
1750 3199 1782 3256 44
1803 3197 1889 3255 tribus

177 3287 342 3361 praepedita,
358 3283 500 3356 anomala,
516 3282 559 3339 444
580 3282 755 3355 retrograda,
774 3280 816 3337 vel
832 3279 1004 3337 stationaria
1060 3283 1207 3340 mensibus
1230 3285 1359 3355 tricenis,
1386 3290 1414 3342 44
1436 3287 1466 3342 44
1488 3286 1616 3344 444444
1639 3287 1760 3360 addito,
1784 3288 1837 3344 4444
1853 3293 1891 3343 444

177 3377 259 3435 4444.
281 3377 429 3433 Summum
452 3373 640 3444 planetarum,
659 3371 733 3426 idest
747 3370 905 3426 errantium
922 3368 1004 3425 side-
1058 3385 1108 3443 per
1126 3370 1157 3429 94
1173 3373 1238 3430 dies
1255 3388 1303 3430 sen
1320 3373 1396 3431 44444
1415 3380 1559 3433 crescam.
1579 3376 1633 3433 Tot
1654 3376 1725 3434 dies
1739 3385 1811 3436 sunt
1825 3390 1841 3433 a
1854 3389 1889 3433 un

177 3482 252 3539 rum,
267 3465 384 3523 Saturni
398 3464 481 3520 sidus
492 3467 536 3518 est
551 3466 654 3517 natura
669 3459 806 3532 gelidum.
820 3458 886 3515 lnde
900 3457 1003 3530 Augu·
1058 3460 1120 3518 Kal.
1133 3462 1249 3519 Januar.
1264 3465 1400 3534 usquead
1412 3478 1453 3521 111
1467 3464 1529 3521 Kal.
1542 3465 1625 3536 apr,
1640 3465 1700 3522 hoc
1712 3472 1758 3524 est
1768 3464 1803 3523 ⁴2
1818 3466 1889 3522 horis

176 3557 273 3614 stinus
287 3555 365 3611 dixit
378 3572 384 3607 :
398 3552 483 3608 Stella
498 3550 614 3606 saturat
628 3549 761 3603 circulum
775 3563 855 3602 suam
866 3544 901 3603 30
914 3562 1005 3601 4444-
1059 3550 1089 3607 44
1103 3551 1161 3622 444,
1175 3558 1203 3607 44
1220 3549 1254 3608 42
1269 3553 1299 3608 44
1315 3558 1396 3609 nocte
1412 3554 1572 3625 ,aqualem
1594 3567 1728 3626 namque
1746 3556 1885 3624 horarum,

174 3664 237 3704 ram
255 3646 344 3717 spatio
361 3643 465 3714 implet,
486 3655 547 3710 quae
562 3655 614 3710 pro
635 3653 771 3708 aquarum
789 3639 929 3691 vicinitate
949 3637 1003 3704 444·-
1057 3645 1087 3697 44
1101 3646 1319 3713 momentorum,
1335 3657 1399 3714 quae
1414 3640 1476 3715 484,
1489 3648 1517 3699 44
1530 3643 1655 3701 4444444
1673 3645 1705 3700 44
1717 3645 1770 3701 444
1786 3650 1853 3717 quot
1864 3645 1887 3700 44

177 3736 243 3806 gidu
263 3749 318 3789 esse
337 3734 436 3801 fertur.
457 3727 492 3785 30
506 3728 592 3783 annis
606 3724 782 3797 Signiferum
803 3725 923 3795 peragit.
941 3726 1004 3780 llaec
1059 3736 1150 3786 nocte.
1163 3732 1193 3786 ln
1207 3728 1318 3788 644444
1332 3738 1427 3789 autem
1446 3732 1647 3790 crescentibus
1666 3738 1815 3791 momenta
1830 3738 1887 3790 snut

177 3838 246 3895 ergo
265 3821 348 3877 stella
370 3821 400 3875 in
420 3819 541 3888 septimo
562 3815 632 3871 coelo
655 3815 748 3883 posita
766 3826 828 3869 esse
843 3813 953 3869 dicitur
966 3809 1005 3883 37
1058 3816 1121 3876 244.
1139 3821 1207 3875 4444
1222 3818 1258 3875 ab
1274 3834 1303 3876 44
1319 3820 1380 3876 Kal.
1402 3820 1471 3891 444.
1490 3835 1582 3893 usque
1599 3821 1639 3877 ab
1662 3835 1706 3878 444
1726 3823 1793 3879 lini.
1812 3819 1888 3879 4444

178 3913 255 3969 4444
270 3910 336 3966 coeli
352 3922 413 3965 esse
427 3907 575 3962 dicuntur.
594 3902 661 3958 lnde
675 3904 752 3958 enim
768 3903 897 3959 isidorus
911 3903 1002 3959 dicit:
1060 3921 1171 3965 menses
1184 3913 1261 3979 sunt,
1276 3910 1324 3982 qni
1338 3909 1442 3967 habent
1454 3907 1576 3982 444494,
1588 3917 1617 3967 44
1630 3911 1679 3968 444
1691 3911 1886 3970 crescitsolin

178 3999 335 4068 Philosophi
353 3991 479 4051 maruntii
494 3994 571 4047 celos
585 3992 726 4060 44444444
746 4007 859 4047 consono
873 3997 947 4047 motu
961 3993 1004 4047 in·
1059 4012 1234 4070 unoquoque
1248 3999 1296 4054 die
1318 4013 1368 4071 per
1389 4000 1446 4056 duo
1470 4004 1624 4068 momenta,
1648 4005 1680 4057 et
1701 4002 1781 4060 duas
1800 4001 1887 4058 tertias

179 4092 370 4148 trcduuerunt.
387 4088 418 4140 ln
433 4089 514 4140 sexto
529 4082 601 4139 coelo
616 4081 699 4138 stella
713 4082 791 4139 44444
806 4095 867 4138 4444
882 4083 1004 4155 4444444,
1060 4088 1207 4144 momenti.
1227 4089 1280 4144 Ρ44
1299 4085 1333 4144 45
1349 4094 1444 4145 autem
1463 4088 1599 4145 diesuna
1620 4088 1696 4146 hora
1717 4091 1837 4160 crescit,
1848 4087 1886 4145 444

180 4193 244 4253 quac
264 4177 323 4233 alio
345 4174 461 4231 nomine
477 4175 595 4229 vocatur
616 4170 698 4228 stella
717 4170 880 4242 phaetonis,
902 4176 1005 4228 natura
1059 4180 1152 4233 tannen
1175 4176 1261 4247 paulo
1284 4176 1410 4247 amplius
1427 4196 1434 4247 ς
1452 4178 1520 4250 quia
1541 4179 1695 4249 usquead
1717 4178 1737 4234 4
1758 4181 1844 4237 horas
1862 4175 1887 4232 44

180 4270 346 4338 temperata,
371 4264 456 4320 annis
478 4259 512 4318 42
535 4275 653 4318 cursum
678 4274 763 4317 suum
791 4261 912 4332 peragit.
940 4258 1006 4316 445
1059 4265 1120 4322 4444
1140 4278 1196 4323 444
1211 4271 1254 4323 444
1269 4265 1321 4322 4444
1335 4266 1405 4323 4444
1424 4267 1546 4339 integra.
1563 4268 1599 4323 Et
1616 4267 1663 4323 sic
1678 4268 1710 4325 in
1731 4282 1792 4326 uuo
1806 4279 1887 4325 meust

180 4357 292 4415 circulo
315 4352 397 4411 stella
418 4352 519 4409 4444444
539 4362 656 4408 currere
673 4349 794 4414 dicitur,
818 4363 881 4421 quae
903 4350 1007 4420 Vesper
1022 4342 1095 4412 D30
1116 4354 1229 4411 dierum
1253 4355 1317 4412 duae
1343 4355 1420 4412 horae
1443 4360 1585 4413 crescunt.
1608 4357 1643 4412 Ill
1665 4357 1790 4415 duobus
1819 4370 1888 4414 mell-

180 4453 298 4507 vocatur
314 4450 416 4501 444444
431 4440 550 4513 4444444,
564 4440 649 4497 44444
661 4437 775 4495 duobus
789 4452 906 4525 cursum
922 4452 1007 4496 suum
1061 4444 1143 4502 sibus
1156 4442 1173 4500 4
1186 4444 1271 4516 44444,
1287 4450 1316 4500 44
1330 4444 1372 4501 ita
1388 4445 1417 4501 in
1433 4444 1528 4501 tribus
1543 4444 1699 4504 mensibus
1714 4464 1722 4519 3
1737 4446 1794 4504 hoc
1807 4451 1849 4503 est
1860 4443 1887 4501 44

180 4549 314 4610 peragere
324 4534 448 4603 ridetur,
465 4534 558 4587 totum
573 4541 638 4585 4444
654 4527 798 4584 44444444
813 4526 961 4584 zodiacum
975 4525 1009 4584 45
1061 4534 1244 4605 AEquinoctio
1263 4533 1382 4605 4444444,
1400 4546 1491 4605 usque
1505 4532 1540 4590 alr
1554 4533 1742 4608 solstitium,
1760 4537 1791 4593 id
1807 4533 1886 4592 estad

181 4627 294 4699 peragit
310 4622 403 4679 annis.
428 4622 457 4676 ln
477 4623 581 4690 quarto
596 4616 667 4674 coelo
687 4616 730 4673 sol
746 4616 859 4674 medius
876 4617 1008 4688 planeta-
1062 4637 1091 4678 m
1107 4622 1169 4678 lial.
1188 4622 1257 4694 444.
1272 4635 1363 4694 usque
1382 4623 1417 4680 ad
1431 4637 1460 4678 11
1476 4621 1537 4678 Kal.
1559 4622 1616 4680 lul.
1634 4638 1688 4694 per
1699 4622 1736 4681 94
1758 4625 1825 4682 dies
1835 4623 1886 4681 4444

182 4730 247 4771 444
266 4713 359 4769 444444
370 4708 423 4767 365
437 4709 550 4778 diebus,
571 4712 599 4763 et
612 4706 770 4778 quadrante
787 4721 903 4763 cursum
922 4722 1006 4764 suum
1062 4725 1111 4770 sex
1126 4712 1202 4768 horae
1216 4716 1359 4780 crescunt,
1373 4712 1416 4768 sic
1433 4711 1509 4768 enim
1524 4711 1707 4771 anatholius
1722 4711 1886 4773 Alexandri·

184 4815 329 4875 peragens,
344 4801 392 4857 sed
409 4807 501 4856 tamen
518 4803 581 4868 post
595 4794 732 4852 2844444
748 4801 876 4867 peractos
889 4796 920 4853 in
932 4811 1008 4854 eum-
1062 4816 1116 4859 nus
1127 4800 1569 4873 Laodiciaecivitatisepiscopus
1577 4800 1771 4861 demonstrat
1783 4806 1883 4862 diceus:

182 4894 247 4950 dem
261 4890 404 4946 circulum
420 4888 583 4944 revertitur.
599 4888 628 4941 ln
643 4886 728 4941 tertio
743 4885 815 4941 coelo
828 4885 911 4941 stella
924 4887 1007 4942 Vene·
1060 4892 1112 4946 Per
1136 4888 1170 4946 45
1192 4890 1250 4945 dies
1274 4890 1329 4944 sole
1352 4890 1512 4946 ascendente
1532 4906 1586 4962 per
1610 4890 1671 4947 duc
1696 4885 1883 4955 momentus

183 4983 226 5040 ris
239 4979 314 5036 44444
327 4979 414 5035 44444
427 4980 604 5049 4444444444,
617 4990 679 5047 quae
692 4975 807 5032 Lucifer
821 4976 940 5046 dicitur,
953 4980 1006 5033 ut·
1061 4979 1216 5043 dimidium,
1234 4983 1259 5034 et
1272 4983 1376 5034 444444
1388 4985 1497 5051 portem
1510 4983 1653 5046 momenti,
1672 4982 1749 5040 toro
1765 4981 1883 5040 44444444·

182 5071 306 5129 4444444
321 5066 485 5125 3484444444
499 5080 616 5125 444444
629 5080 715 5122 4444
729 5065 888 5136 perficiens.
904 5068 1006 5123 'lotum
1061 5069 1154 5126 tarde
1168 5069 1295 5132 44444444,
1315 5067 1364 5123 444
1378 5073 1417 5123 444
1431 5069 1465 5124 de
1480 5072 1567 5133 nocte,
1583 5074 1609 5124 et
1629 5074 1736 5129 4444444
1754 5075 1787 5130 in
1800 5071 1882 5128 444444

182 5166 278 5220 autem
299 5155 441 5215 circulum
464 5170 561 5212 novem
583 5156 669 5211 annis
688 5155 807 5225 implere
831 5155 951 5211 dicitur.
974 5158 1006 5213 ln
1060 5158 1108 5217 444
1127 5162 1165 5213 est
1180 5159 1209 5212 44
1223 5158 1275 5212 die.
1292 5158 1327 5213 Et
1341 5157 1384 5214 sic
1398 5163 1531 5215 crescunt
1551 5155 1585 5215 42
1602 5159 1697 5234 liora,
1717 5163 1777 5220 4444
1790 5168 1830 5220 est
1842 5153 1881 5215 484

182 5250 307 5310 4444444
331 5246 402 5303 coelo
424 5245 558 5301 llercurii
582 5245 664 5302 sidus
684 5257 800 5301 currere
823 5244 934 5302 dieitur
954 5242 1007 5301 3444
1061 5250 1201 5303 momenta
1227 5259 1243 5301 a
1266 5259 1307 5301 444
1339 5244 1401 5302 Kal.
1429 5248 1491 5303 lan.
1520 5260 1614 5319 usque
1642 5249 1675 5306 in
1697 5264 1731 5308 xi
1759 5251 1820 5308 Kal.
1835 5244 1878 5303 444.

181 5342 285 5399 diebus
302 5338 399 5395 444444
416 5333 529 5390 ambitu
553 5334 635 5390 modo
657 5354 663 5389 :
684 5340 749 5390 ante
771 5333 843 5391 solis
863 5338 1004 5408 exortum,
1059 5340 1171 5392 ettunc
1187 5332 1308 5391 444448
1327 5335 1447 5392 444444
1463 5335 1511 5392 444
1531 5336 1691 5395 solstitiali
1716 5342 1827 5412 aestiro,
1839 5337 1880 5393 444

183 5431 266 5488 4444
293 5432 356 5500 post
377 5436 509 5483 occasum
537 5421 699 5493 splendens.
719 5425 751 5479 ln
775 5423 869 5495 primo
894 5423 1005 5482 circulo
1059 5423 1128 5482 est3
1141 5428 1236 5497 partes
1249 5424 1308 5481 4444
1324 5424 1476 5496 444444444,
1491 5425 1542 5498 qui
1558 5425 1799 5489 444442444444
1813 5430 1879 5495 inse,

182 5520 251 5578 luna
272 5530 437 5590 percurrere
455 5513 565 5572 dicitur
584 5509 619 5569 28
635 5509 748 5583 diebus,
769 5519 797 5569 et
815 5510 848 5570 ⁴2
865 5513 955 5587 444444,
973 5519 1005 5572 44
1059 5518 1087 5572 44
1103 5519 1204 5587 quarta
1220 5528 1286 5586 pars
1301 5514 1384 5573 illius
1395 5515 1453 5573 4444
1471 5509 1618 5602 naturalis
1637 5516 1671 5576 llt
1687 5519 1721 5577 in
1738 5524 1821 5578 nocte
1830 5514 1880 5573 sol-
