3876 6090
59 198 130 260 lull
480 195 613 256 rsnnno
631 192 839 256 unrmnlnnl
861 192 925 252 unt
953 192 1000 252 DE
1023 192 1113 254 vlnls
1140 194 1231 295 noll,
1244 197 1346 259 PONT.
1697 195 1769 260 iffi

58 324 305 398 Tbeopbylactum
325 321 572 394 archidiaconum,
598 319 649 378 alll
666 321 743 378 bunc
756 311 927 378 volebantA
943 317 990 394 lls,
1006 326 1035 380 et
1052 321 1230 382 fortissimus
1241 324 1406 385 orthodoxae
1427 327 1503 401 lldei,
1524 308 1554 386 et
1575 328 1675 401 patriae
1695 343 1765 399 snae,

62 418 168 477 babere
193 414 376 487 pontificem:
403 414 450 470 sed
477 425 542 485 pars
567 412 627 486 illa,
652 427 715 484 quae
740 411 829 482 major
855 424 888 467 ac
943 418 972 470 et
987 413 1078 485 plebis
1092 414 1150 471 sibi
1165 415 1325 473 commissa
1342 416 1483 486 defensor,
1499 419 1534 475 ad
1554 419 1693 476 sedandas
1716 432 1767 476 ca-

60 507 187 566 validior
215 504 283 576 luit,
309 504 422 561 tandem
439 504 515 560 bunc
538 502 645 576 elegit3
670 506 698 560 et
722 502 762 558 ita
777 501 889 558 caeteris
943 503 1079 577 lumnias,
1103 508 1133 562 et
1150 505 1370 575 devastationes,
1386 519 1458 576 quas
1471 509 1639 566 Desiderius
1653 511 1767 582 Longo-

59 596 215 669 dispersis,
234 595 288 652 iste
303 594 398 651 sedem
413 591 549 650 obtinuit.
567 593 619 649 llic
636 591 812 650 consecravit
823 589 890 661 epi·
942 593 1098 652 bardorum
1121 607 1170 652 rex
1190 593 1219 651 in
1235 594 1320 652 bonis
1337 595 1364 651 s.
1386 596 1462 653 Petri
1480 599 1618 670 exercuit,
1633 599 1765 657 carolum

61 679 885 760 scoposviqinti,presbyterosduodecim,diaconosduos·
942 686 1075 756 llaguum
1103 685 1278 742 Francorum
1307 699 1400 758 regem
1424 688 1540 743 llomam
1566 689 1686 745 vocavit.
1710 688 1766 759 Qui

269 772 678 831 xcvi-suurnnnuslv.
942 786 1007 829 cum
1035 774 1138 846 quinto
1163 788 1238 832 anuo
1262 775 1342 848 regni
1365 776 1412 833 sui
1437 775 1508 832 illuc
1533 778 1667 850 venisset,
1692 778 1768 835 inter

329 860 421 935 (Anno
436 859 622 933 cbristi768.)
941 866 1052 936 caetera,
1076 879 1139 936 que
1161 865 1197 922 ab
1222 866 1285 937 ipso
1318 865 1359 922 ibi
1395 866 1545 939 magnilica
1583 873 1662 941 qesta
1688 870 1765 940 sunt,

95 957 269 1028 Stephanus,
283 952 535 1023 nationeSiculus,
550 967 584 1008 er
599 955 678 1023 patre
691 949 797 1022 Olirio,
811 948 887 1007 sedit
941 953 1027 1010 etiam
1054 960 1161 1024 partem
1182 955 1310 1029 aliquam
1324 956 1454 1014 Saxouiae
1471 957 1500 1013 in
1525 957 1673 1027 provincia
1695 958 1768 1013 We·

58 1061 152 1105 annos
179 1051 247 1108 tres,
265 1057 375 1100 menses
398 1042 537 1115 quinque,
559 1043 622 1099 dies
647 1041 752 1114 viginti
769 1046 885 1112 septem.
941 1043 1077 1115 stphalia,
1093 1058 1177 1116 quam
1200 1045 1235 1103 ad
1259 1046 1342 1103 iidem
1361 1045 1592 1103 christianitatis
1614 1046 1766 1119 convertit,

58 1139 133 1194 Dum
161 1135 267 1191 Paulus
283 1145 353 1204 papa
377 1147 411 1188 ex
424 1132 476 1188 bac
491 1132 550 1188 vita
573 1132 731 1205 migrasset,
748 1131 887 1187 continuo
941 1138 974 1191 ut
1001 1134 1062 1205 ipse
1078 1135 1135 1205 J’avn
1167 1137 1321 1205 pradictus
1342 1151 1413 1209 papa
1438 1137 1581 1208 praecepit,
1606 1141 1635 1193 et
1656 1137 1766 1210 docuit,

58 1224 267 1283 Constantinus
293 1222 409 1294 quidam
434 1221 527 1279 laicus
546 1235 561 1278 a
577 1221 721 1294 germanis
736 1220 885 1292 iratribus,
941 1224 1065 1281 secunda
1081 1223 1153 1281 leria
1172 1225 1286 1282 Paschae
1302 1230 1330 1282 ln
1346 1224 1466 1283 basilica
1490 1226 1517 1282 S.
1541 1227 1617 1282 Petri
1631 1227 1767 1300 apostoli,

58 1319 88 1372 et
104 1314 167 1371 illis
182 1327 255 1384 quos
274 1309 377 1368 iratres
393 1324 508 1381 quoquo
525 1309 607 1367 modo
625 1310 768 1367 attrahere
784 1314 887 1380 potue-
942 1314 1018 1371 inter
1048 1318 1159 1386 caenra,
1197 1329 1260 1388 quae
1292 1315 1327 1372 ad
1361 1330 1476 1373 manum
1510 1329 1589 1387 papae
1622 1314 1766 1389 olierebat,
1830 1312 1834 1320 '

60 1407 140 1474 runt,
164 1401 318 1459 latrocinio
339 1401 369 1457 in
393 1400 601 1471 patriarchium
623 1404 666 1457 est
686 1399 885 1469 introductus;
940 1404 998 1459 Deo
1020 1403 1050 1460 in
1077 1404 1252 1462 sacrificium
1277 1404 1393 1478 obtulit,
1428 1411 1456 1462 et
1480 1406 1509 1461 in
1534 1405 1596 1462 loco
1619 1404 1767 1478 Osbrugge

60 1493 162 1564 ibique
186 1495 299 1562 repente
323 1503 378 1546 una
399 1490 447 1547 die
467 1489 498 1545 lit
521 1489 655 1560 clericus,
671 1488 728 1545 alia
750 1503 815 1546 vero
840 1488 888 1544 die
942 1496 1040 1550 vocato
1063 1494 1258 1565 episcopatum
1283 1495 1468 1566 constituere,
1493 1499 1522 1550 et
1548 1495 1768 1551 decimisnovi-

59 1581 258 1639 subdiaconus
282 1583 310 1636 et
337 1579 487 1645 diaconus,
513 1592 530 1634 a
558 1579 681 1650 Georgio
712 1578 887 1635 Praenestino
943 1586 986 1639 ter
1013 1582 1047 1639 ad
1077 1582 1160 1639 iidem
1180 1597 1394 1652 conversorum,
1422 1584 1447 1640 si
1475 1597 1562 1641 sanus
1594 1588 1622 1640 et
1658 1583 1770 1639 incolu-

58 1670 195 1742 episcopo
209 1673 394 1726 consecratus
408 1672 468 1726 est:
483 1672 510 1724 et
528 1667 660 1740 proximo
674 1666 825 1724 Dominico
839 1665 887 1723 die
903 1646 928 1708 Β
942 1673 999 1728 mis
1025 1677 1186 1745 remeasset,
1213 1686 1285 1744 papa
1319 1673 1359 1729 ita
1388 1673 1526 1745 dictante,
1553 1677 1582 1730 et
1608 1671 1768 1745 privilegiis

59 1774 126 1818 cum
140 1757 328 1816 mullitudine
348 1761 523 1815 armatorum
544 1757 578 1814 ad
599 1756 748 1814 ecclesiam
764 1757 793 1811 B·
809 1756 885 1812 Petri
941 1762 1005 1820 suis
1019 1761 1216 1834 conflrmante,
1233 1764 1331 1821 dotare
1355 1763 1479 1820 devovit.
1500 1762 1652 1821 ordinavit
1672 1766 1767 1819 autem

60 1861 260 1921 properans,a
280 1847 416 1920 praedicto
430 1846 552 1919 Georgia
565 1850 594 1903 et
607 1846 676 1903 aliis
690 1846 805 1903 duobus
820 1845 887 1916 epi·
940 1852 1090 1922 episcopos
1122 1857 1236 1908 centum
1260 1856 1289 1908 et
1316 1853 1460 1924 octoginta
1494 1866 1552 1921 seu,
1588 1851 1768 1923 presbyteros

59 1939 168 2010 scopis,
183 1936 342 1995 albanense
357 1936 490 1995 videlicet
509 1941 537 1992 et
558 1937 723 2007 Portuense,
739 1935 769 1991 in
786 1935 887 2006 ponti·
940 1940 1045 2012 viginti
1066 1944 1200 2011 quatuor,
1221 1941 1359 1997 diaconos
1381 1954 1438 1997 sex.
1464 1940 1518 2011 Qui
1543 1938 1698 1996 defunctus
1723 1941 1767 1995 est

59 2032 141 2089 dcem
152 2029 304 2088 ordinatus
318 2031 371 2098 est,
387 2031 414 2084 et
434 2027 522 2084 unius
534 2027 602 2083 anni
621 2032 649 2083 et
672 2027 779 2084 mensis
792 2028 885 2098 spatio
939 2029 1076 2086 Kalendis
1092 2028 1232 2086 ianuarii.
1260 2029 1312 2086 llic
1327 2028 1470 2100 episcopis
1484 2028 1688 2099 Hispaniarum
1700 2027 1768 2097 epi-

59 2122 217 2178 Romanam
244 2117 400 2174 Ecclesiam
424 2116 478 2173 hac
507 2116 656 2173 invasione
681 2117 830 2174 detinuit:
856 2121 884 2173 et
941 2119 1043 2177 stolam
1058 2119 1225 2190 destinavit,
1239 2119 1268 2175 in
1283 2133 1339 2191 qua
1354 2119 1456 2176 multis
1468 2118 1642 2191 rationibus,
1655 2116 1768 2174 miultis-

59 2209 137 2269 inira
150 2207 203 2266 boc
227 2207 353 2279 spatium
374 2206 523 2278 episcopos
536 2211 611 2277 octo,
637 2205 815 2277 presbyteros
836 2210 886 2263 to·
941 2223 997 2281 que
1031 2208 1188 2266 multorum
1215 2208 1449 2280 auctoritatibus,
1476 2208 1623 2265 christum
1655 2220 1764 2277 verum,

60 2299 162 2372 tidem,
178 2303 206 2355 et
224 2297 361 2355 diaconos
385 2301 510 2369 quatuor
532 2296 687 2353 ordinavit.
710 2295 762 2353 Sed
777 2296 886 2367 pradi-
939 2302 967 2356 et
1000 2312 1055 2355 nou
1085 2299 1244 2372 patavium,
1273 2299 1432 2370 proprium,
1458 2303 1486 2355 et
1514 2311 1569 2356 non
1597 2297 1764 2368 adoptivum

58 2396 125 2448 ctus
142 2387 337 2445 Praeuestiuus
357 2386 509 2458 episcopus
524 2399 579 2443 non
597 2385 688 2443 multo
703 2390 766 2457 post
785 2385 884 2442 divina
938 2389 1033 2446 Patris
1045 2388 1152 2447 Filium
1165 2402 1227 2447 esse
1242 2388 1448 2460 comprobavit.

58 2479 172 2538 ultione
201 2481 351 2547 correptus
372 2481 437 2533 est:
463 2490 527 2532 nam
550 2476 665 2532 dextera
696 2489 798 2531 manus
821 2477 884 2545 ejus
1195 2477 1500 2536 chlll.-LEOlll.

58 2569 148 2638 aruit,
163 2572 193 2623 et
222 2569 368 2624 eontracta
385 2570 439 2638 est,
464 2565 534 2622 adeo
547 2570 579 2622 ut
593 2565 628 2622 ad
650 2578 683 2621 os
701 2578 762 2621 eam
774 2565 884 2636 erigere
1205 2567 1411 2638 (Annocltristi
1423 2564 1498 2639 795.)

58 2672 116 2716 non
133 2659 244 2729 posset,
260 2661 288 2713 et
309 2654 408 2712 taliter
421 2656 561 2728 languens
575 2655 662 2710 vitam
679 2653 783 2710 linivit.
805 2653 884 2710 Con·
973 2659 1037 2729 Leo,
1063 2657 1178 2714 natione
1197 2658 1351 2726 Romanus,
1375 2671 1410 2714 en
1431 2660 1511 2727 patre
1525 2654 1665 2725 azuppio,
1692 2652 1768 2710 sedit

49 2746 205 2806 'stantinus
230 2757 296 2802 vero
320 2745 441 2802 decurso
465 2744 534 2800 anni
558 2748 588 2799 et
609 2742 717 2800 mensis
740 2743 844 2813 spatio.
867 2756 883 2798 a
938 2760 1029 2804 annos
1043 2746 1160 2820 viginti,
1190 2760 1301 2804 menses
1322 2746 1461 2818 quinque,
1481 2745 1545 2803 dies
1559 2743 1693 2801 sedecim.
1713 2743 1767 2798 llic

57 2836 195 2895 Romanis
208 2838 237 2892 et
261 2834 456 2907 longobardis
476 2838 590 2905 repente
603 2833 881 2904 supervenientibus,
940 2834 970 2892 in
1001 2835 1091 2891 natali
1117 2837 1144 2892 S.
1168 2835 1305 2907 Stephani
1338 2833 1558 2905 protomartyris
1575 2832 1684 2889 electus
1711 2836 1764 2900 est,

58 2923 209 2982 interiecto
235 2937 292 2981 uno
320 2936 355 2979 er
377 2921 517 2979 iratribus
539 2922 612 2991 suis,
631 2922 754 2992 capitur.
777 2921 885 2977 Deinde
939 2928 967 2981 et
983 2925 1145 2995 insequenti
1170 2925 1218 2982 die
1230 2924 1383 2982 ordinatus
1404 2928 1456 2981 est.
1478 2923 1531 2979 llic
1553 2935 1618 2979 curn
1640 2935 1675 2977 ex
1688 2932 1767 2977 more

58 3014 195 3086 praedicto
219 3026 298 3084 papae
319 3012 461 3083 Stephano
483 3012 541 3082 jam
566 3011 655 3067 electo
684 3014 882 3082 praesentatur,
900 2984 925 3048 C
940 3018 1057 3085 paratus
1081 3013 1111 3069 in
1131 3013 1243 3084 litania,
1269 3027 1333 3084 qnae
1359 3013 1449 3082 major
1473 3012 1594 3085 dicitur,
1611 3011 1764 3081 incederet,

57 3102 370 3175 ibiqueassistenlium
392 3100 683 3171 judicio‘gdeponitur.
701 3099 883 3156 Postmodum
938 3102 974 3159 ab
999 3101 1111 3173 iniquis
1142 3103 1333 3159 Rornanorum
1349 3103 1460 3170 captus,
1484 3098 1579 3156 oculis
1604 3104 1648 3155 est
1667 3099 1766 3169 priva-

56 3193 213 3265 praedictus
225 3193 333 3250 electus
344 3192 374 3248 in
388 3190 550 3262 pontificem
561 3191 722 3248 ordinatur.
738 3191 814 3246 luter
825 3189 884 3244 baec
938 3197 996 3262 tus,
1012 3196 1041 3248 et
1056 3192 1155 3263 lingua
1178 3195 1340 3261 truncatus,
1368 3189 1397 3245 in
1412 3194 1549 3260 arctaque
1562 3187 1694 3244 custodia
1716 3201 1766 3244 re-

55 3283 224 3340 Tbeodorus
243 3283 405 3354 episcopus,
426 3279 608 3337 Constantini
635 3279 841 3350 vicedominus,
866 3291 883 3334 a
938 3282 1046 3339 clusus.
1061 3281 1125 3353 Sed,
1154 3283 1210 3339 Deo
1234 3285 1412 3351 cooperante,
1440 3283 1469 3335 et
1491 3280 1522 3334 D.
1551 3278 1633 3334 Petro
1657 3276 1766 3334 suflra-

56 3371 144 3428 turba
158 3376 267 3441 raptus,
291 3369 385 3427 oeulis
407 3369 546 3440 privatur,
564 3367 663 3440 lingua
680 3372 840 3437 truncatur,
856 3372 885 3424 et
940 3377 1033 3445 gante,
1048 3376 1076 3428 et
1097 3371 1191 3427 visum
1207 3371 1323 3440 recepit,
1345 3372 1372 3425 el
1387 3368 1487 3440 lingua
1500 3368 1527 3424 ei
1542 3367 1576 3424 ad
1589 3366 1763 3439 loquendum

56 3461 194 3518 Passlvus
207 3460 335 3529 ejusdem
349 3458 531 3515 Constantini
549 3470 702 3530 germanus
714 3461 882 3527 excecatur,
940 3461 1072 3517 restituta
1082 3464 1171 3531 estet
1180 3460 1283 3530 exipsa
1292 3456 1627 3515 custodialiberatusDei
1640 3455 1763 3527 auxilio,

55 3548 165 3620 etipse
189 3548 395 3605 Constantinus
412 3548 526 3605 demum
542 3547 667 3617 capitur,
696 3545 806 3602 lumine
819 3545 884 3615 pri·
938 3549 1118 3607 adCarolum
1146 3562 1238 3622 regern
1262 3553 1290 3605 et
1307 3549 1498 3605 Romanorum
1523 3545 1677 3619 patricium
1693 3557 1766 3617 pro-

55 3642 152 3709 vatur,
177 3637 279 3694 misere
294 3635 323 3692 in
348 3637 440 3707 platea
456 3637 550 3706 jacere
565 3635 752 3706 relinquitur.
775 3633 883 3690 Deinde
938 3637 1030 3696 iectus
1044 3644 1105 3695 est:
1121 3651 1205 3710 aquo
1214 3643 1243 3695 et
1252 3636 1437 3694 devotissime
1449 3640 1599 3708 susceptus
1613 3639 1666 3691 est.
1682 3633 1762 3703 Quod

56 3741 110 3799 pro
125 3727 222 3797 impie
238 3726 397 3783 invasionis
411 3725 634 3796 presumptione
646 3724 753 3796 synodo
767 3725 797 3781 in
813 3723 883 3781 urbe
938 3727 1139 3785 nefandissimi
1161 3726 1354 3784 Romanorum
1375 3726 1535 3796 audientes,
1557 3723 1629 3781 ialsa
1641 3723 1764 3780 crimina

55 3817 184 3873 Romana
199 3821 378 3888 congregata,
394 3815 487 3886 primo
507 3828 590 3871 omne
610 3814 751 3884 scriptum
772 3813 807 3869 de
821 3814 884 3883 ejus
937 3817 964 3873 ei
992 3817 1137 3888 imponere
1159 3817 1342 3887 studuerunt,
1369 3820 1402 3872 ut
1426 3815 1485 3888 regi
1501 3821 1529 3871 et
1549 3811 1685 3870 omnibus
1698 3824 1763 3868 eum

54 3903 223 3962 actionibus
237 3910 348 3978 gestum
364 3904 425 3977 igni
439 3902 601 3960 mandatur.
622 3903 730 3959 Deinde
743 3903 884 3959 statuitur
939 3905 980 3962 lta
999 3905 1131 3963 odiosum
1158 3890 1307 3962 edicerent.
1332 3903 1385 3962 Sed
1408 3903 1564 3975 praedictus
1583 3897 1712 3972 pontifex
1729 3899 1763 3956 ad

56 3994 203 4051 utomnia
221 4007 284 4066 quae
312 3993 387 4050 idem
406 3993 612 4050 Constantinus
631 3992 662 4048 iu
679 3991 885 4049 ecclesiasticis
939 3994 1032 4052 sedem
1069 4007 1151 4050 suam
1174 4008 1313 4066 reversus,
1343 3992 1428 4065 paulo
1461 3994 1526 4063 post
1556 3989 1764 4061 prenominato

55 4083 256 4153 sacramentis,
271 4087 322 4140 aut
346 4083 446 4140 divino
461 4083 543 4139 cultu
565 4085 670 4155 egerat,
699 4081 882 4152 iterarentur,
939 4097 1005 4156 rege
1032 4087 1179 4156 presente,
1203 4084 1374 4155 cunctisque
1397 4082 1483 4139 etiam
1505 4081 1582 4138 clero
1605 4084 1633 4136 et
1659 4077 1766 4150 populo

56 4176 161 4244 praeter
176 4185 288 4229 sacrum
309 4172 461 4243 baptisma,
480 4176 531 4228 aut
545 4174 675 4228 sanctum
688 4169 823 4227 chrisma.
844 4171 883 4227 De
940 4172 1140 4244 presentibus,
1169 4186 1224 4230 uon
1249 4177 1376 4242 coactus,
1403 4172 1450 4228 sed
1468 4174 1643 4242 spontaneus
1655 4169 1690 4226 de
1706 4167 1765 4224 im-

55 4260 278 4318 coutumacibus
301 4266 329 4317 et
357 4260 600 4330 inobedientibus,
616 4265 645 4317 et
663 4260 840 4317 contentioni
856 4263 886 4315 et
940 4262 1044 4333 positis
1058 4260 1232 4317 criminibus
1246 4259 1435 4329 jurejurando
1458 4272 1488 4315 se
1502 4257 1681 4330 expurgavit.
1699 4256 1767 4310 Post

56 4348 194 4407 scandalo
221 4348 423 4407 insistentibus
454 4349 597 4420 praecepit,
625 4350 651 4405 si
673 4353 738 4420 post
763 4349 884 4419 primam
899 4374 926 4436 D
940 4351 999 4408 baec
1012 4351 1060 4407 die
1072 4350 1183 4407 Natalis
1201 4347 1357 4406 salvatoris
1378 4348 1470 4403 nostri
1492 4346 1528 4403 ab
1543 4345 1678 4403 omnibus
1690 4355 1765 4414 prae-

56 4443 87 4496 et
103 4439 256 4495 secundam
269 4438 494 4495 admonitionem
512 4452 542 4493 se
564 4438 683 4494 minime
695 4438 883 4509 correxerint,
938 4440 1036 4497 dictus
1064 4453 1123 4512 rex,
1146 4440 1338 4498 Romanorum
1371 4437 1526 4507 imperator
1548 4434 1698 4506 Angustus
1722 4439 1766 4489 est

57 4531 92 4584 ut
102 4527 186 4597 quasi
196 4528 373 4584 zizaniorum
384 4529 571 4584 seminatores
583 4526 618 4583 ab
632 4527 764 4584 Ecclesia
774 4529 882 4599 gremio
937 4529 1125 4600 constitutus,
1148 4534 1176 4586 et
1199 4543 1216 4586 a
1242 4543 1313 4600 papa
1343 4525 1489 4585 nominato
1518 4523 1652 4596 pontillce
1678 4534 1765 4578 coro-

54 4616 243 4685 ainciautur.
258 4618 586 4689 llicconstituitseptem
597 4618 759 4676 cardinales
773 4619 881 4689 episco
936 4624 1031 4685 natus,
1057 4624 1085 4674 et
1110 4617 1151 4674 ita
1169 4620 1234 4689 ejus
1261 4624 1386 4689 tempore
1415 4616 1540 4688 primum
1571 4614 1763 4669 Romanorum

56 4717 120 4776 pos3
146 4706 196 4777 qui
220 4705 383 4763 alternatim
405 4707 434 4762 in
456 4707 577 4765 ecclesia
600 4709 630 4764 u.
656 4709 731 4764 Petri
755 4707 877 4779 apostoli
935 4706 1091 4776 imperium
1106 4708 1235 4777 pervenit
1254 4709 1290 4766 ad
1314 4710 1446 4765 Francos.
1466 4704 1518 4762 llic
1541 4701 1707 4772 constituit,
1733 4703 1766 4756 ut

56 4791 250 4851 hebdomadas
263 4795 448 4868 celebrarent,
462 4801 491 4854 et
507 4797 643 4869 hymnum
664 4799 825 4871 angelicum
850 4800 879 4857 in
933 4785 995 4852 ires
1013 4794 1076 4852 dies
1087 4802 1154 4853 ante
1163 4796 1342 4853 Dominicam
1358 4796 1561 4854 ascensionem
1576 4792 1686 4851 litaniae
1695 4791 1768 4849 cele·

55 4883 214 4941 missorum
229 4884 380 4942 solemniis
394 4887 587 4944 decantarent.
602 4887 654 4943 llic
670 4887 884 4960 ordinavitepi·
936 4884 1099 4942 brarentur.
1121 4885 1174 4942 llic
1192 4887 1339 4943 ordinavit
1355 4887 1507 4958 episcopos
1520 4889 1635 4942 eentum
1655 4888 1683 4940 et
1707 4882 1765 4939 tri-

55 4986 161 5045 scopos
174 4975 281 5048 decem,
299 4975 480 5049 presbyteros
499 4977 640 5049 quinque,
654 4976 792 5036 diaconos
807 4991 883 5050 qua·
938 4975 1019 5049 qiuta
1040 4986 1100 5048 sex,
1117 4974 1297 5049 presbyteros
1315 4976 1447 5048 triginta,
1466 4975 1605 5032 diaconos
1619 4972 1763 5032 undecim.

54 5069 137 5136 tuor,
314 5119 316 5123 ,
939 5065 1272 5138 Sepultusestautemn
1288 5065 1459 5123 ldusluuii.

271 5155 375 5214 xcvll.
392 5186 428 5196 -
441 5157 469 5213 S.
486 5155 670 5214 lDlilllNUS.
1149 5155 1247 5213 XCIX.
1259 5185 1296 5197 -
1308 5153 1508 5213 STEPHANUS
1521 5155 1553 5211 V.

341 5243 635 5318 (bononiensem.)
1208 5245 1299 5318 (Anno
1310 5245 1412 5302 Christi
1421 5243 1497 5313 816.)

90 5331 248 5404 Adrianus,
274 5335 392 5393 natione
415 5335 569 5405 Romanus,
591 5350 626 5393 ex
646 5339 725 5407 patre
752 5336 886 5395 Tbeodo-
975 5338 1146 5410 Stephanus,
1170 5335 1285 5394 natione
1308 5336 1464 5409 Romanus,
1477 5349 1511 5394 ex
1536 5338 1615 5406 patre
1639 5326 1760 5394 llarino,

56 5436 101 5493 ro,
125 5423 162 5480 de
174 5423 291 5497 regione
310 5425 359 5482 via
381 5426 459 5497 Lata,
484 5424 560 5483 sedit
582 5439 672 5483 anuos
694 5426 803 5499 viqiute
815 5431 883 5496 tres,
940 5426 1016 5485 sedit
1028 5439 1139 5485 menses
1153 5430 1271 5497 septem.
1285 5425 1338 5483 llic
1349 5424 1495 5483 ordinavit
1508 5420 1657 5491 episcopos
1672 5412 1763 5485 (luin-

57 5525 171 5570 menses
193 5514 301 5585 decem,
328 5514 391 5572 dies
414 5521 530 5587 septem.
547 5516 600 5574 llic
625 5515 671 5574 vir
691 5515 773 5573 valde
796 5515 885 5574 uobi—
934 5531 1001 5596 que,
1017 5518 1197 5591 presbyteros
1213 5530 1324 5589 novem,
1346 5516 1482 5575 diaconos
1502 5511 1635 5582 quatuor.
