3876 6090
58 289 131 351 isis
493 288 626 353 Pseudo
647 293 855 354 tomentum
873 297 938 355 titt.
962 297 1007 354 ott
1025 297 1113 356 vltis
1130 295 1214 356 nott.
1235 297 1335 359 PONE.
1693 304 1763 368 tabo

55 413 113 484 Qui
126 423 281 490 corruptus
292 423 422 494 pecunia,
436 424 519 482 talem
528 426 605 483 clero
615 419 731 479 induxit
741 421 882 484 timorem,
896 411 925 473 A
939 419 1051 489 pienter
1057 424 1235 497 promiserat,
1245 430 1764 504 respouditsenunquameieonsenti·

58 508 91 560 ut
108 505 157 576 qui
173 508 237 577 ejus
246 508 425 567 ordinationi
438 525 494 568 non
505 513 708 584 consensisset,
722 508 884 567 sinedubio
940 522 979 579 re,
993 511 1175 570 utbomlnem
1185 515 1360 590 hereticum,
1372 525 1421 575 eta
1432 523 1625 581 sanctissimis
1635 523 1760 597 ligapeto

55 590 154 665 gladio
165 596 328 665 puniretur.
341 601 440 671 ltaque
452 601 573 660 silverio
585 601 639 659 sub
654 601 681 657 vi
693 605 721 657 et
736 603 812 656 metu
824 597 883 668 jam
938 603 966 654 et
973 598 1095 659 silverio
1107 601 1272 663 damnatum
1284 612 1437 664 revocaret.
1451 610 1491 667 Eo
1499 614 1625 683 tempore
1641 613 1760 669 liomani

55 682 201 756 ordinato,
218 686 330 743 tandem
353 689 588 764 subscripserunt
607 693 636 749 in
652 691 716 761 ejus
729 687 885 746 conllrma-
937 685 1066 745 dolentes
1093 693 1168 761 quod
1193 693 1335 752 silverius
1356 697 1481 755 consilio
1496 698 1596 771 vigilii
1612 700 1761 770 depositus

55 772 164 830 tionem
184 777 341 834 secuudum
370 794 476 839 morem
502 781 669 853 presbyteri.
691 781 758 836 Post
772 790 883 833 meuses
938 771 1041 847 iuerat,
1063 778 1191 837 videntes
1206 783 1288 841 modo
1309 786 1565 859 opportunitatem,
1580 786 1653 845 duos
1668 789 1762 846 inter-

55 868 152 921 autem
165 864 250 937 duos,
262 868 417 937 pradictus
430 876 570 944 tyrannus
581 877 655 929 nutu
666 870 767 926 divino
776 866 883 924 exstin·
936 865 1761 949 emisseeumapudAugustamaccusaverunt.Quoeudito,

55 953 167 1024 quitur.
190 956 295 1014 Dolens
309 965 404 1016 numm
423 974 456 1018 eo
478 962 508 1019 in
521 966 648 1032 tempore
659 958 806 1015 Theodora
820 955 883 1012 llu-
936 954 1189 1027 Augustaliomam
1198 961 1363 1020 scribonem
1372 965 1761 1038 misit,quilligiliumcepit‚

55 1049 141 1114 gusta
165 1044 334 1104 bntbimum
350 1049 542 1120 patriarcham
562 1063 579 1105 a
597 1050 628 1105 s.
643 1049 768 1121 Agapeto
792 1043 883 1102 luisse
936 1043 1761 1124 etinnavipositumtlonstautinopolimduxit.Quitamen

54 1130 230 1207 depositum,
250 1141 278 1192 et
294 1137 323 1192 in
347 1138 410 1207 ejus
428 1138 521 1196 locum
538 1141 668 1195 hennam
683 1135 880 1207 subrogatum,
936 1133 1161 1210 abimperatore,
1174 1144 1205 1196 ut
1220 1140 1387 1199 vicariusli.
1399 1143 1485 1215 Petri,
1500 1145 1593 1215 primo
1604 1145 1762 1203 honorifice

56 1222 181 1281 consilio
195 1239 261 1283 cnm
271 1226 380 1299 vigilio
394 1229 518 1286 diacono
534 1229 618 1301 inito,
631 1226 786 1286 silverium
799 1225 883 1282 litte-
936 1230 1088 1295 susceptus
1113 1232 1166 1298 est,
1194 1234 1223 1285 et
1237 1229 1354 1289 biennio
1378 1232 1437 1302 jam
1452 1240 1551 1290 exacto
1570 1233 1718 1307 Augustus
1732 1240 1762 1292 et

56 1312 101 1369 ris
118 1313 287 1386 obsecravit,
301 1323 334 1373 ut
348 1317 390 1374 vel
405 1319 441 1375 ad
461 1332 491 1375 se
513 1316 683 1375 festinanter
697 1315 815 1386 veniret,
832 1315 883 1370 aut
936 1313 1063 1385 Augusta
1090 1317 1252 1375 cautionem
1279 1334 1381 1378 manus
1396 1336 1455 1379 sua
1475 1324 1501 1381 el
1518 1324 1708 1395 ostendentes,
1725 1325 1761 1382 de

57 1401 250 1472 patriarcham
274 1405 442 1465 anthimum
463 1408 603 1465 inlocum
619 1410 762 1464 revocaret
777 1403 883 1474 pristi·
936 1401 1072 1462 anthimo
1088 1407 1255 1480 revocando,
1270 1409 1444 1469 obsecrando
1454 1416 1483 1469 et
1494 1412 1659 1471 altercando
1674 1413 1760 1470 insti·

57 1503 138 1547 num.
153 1492 208 1561 Qui
220 1493 288 1550 dum
303 1493 386 1553 lectis
396 1496 513 1569 litteris,
526 1496 727 1568 quamvisvitae
738 1493 821 1550 linem
833 1505 883 1563 per
937 1494 1043 1548 terunt.
1058 1492 1186 1565 tigillus
1195 1501 1290 1553 autem
1305 1504 1439 1555 constans
1451 1500 1486 1557 ad
1501 1502 1598 1557 omnia
1614 1502 1684 1574 pati,
1698 1501 1763 1558 nul·

57 1578 147 1650 bolus
174 1594 266 1640 causae
286 1585 464 1643 occasionem
489 1587 611 1657 timeret,
628 1589 723 1642 tamen
746 1581 881 1640 fiduciam
938 1578 1051 1638 latenus
1064 1595 1163 1639 eorum
1180 1585 1313 1655 petitioni
1329 1587 1484 1659 acquievit,
1501 1593 1529 1645 et
1552 1590 1666 1647 tandem
1680 1590 1763 1648 cola-

58 1669 167 1728 babens
188 1671 361 1745 inltomino,
379 1675 882 1748 rescripstthugusmenunquamse
937 1669 1080 1742 phizatus,
1113 1673 1182 1742 quia
1214 1687 1269 1731 non
1295 1675 1491 1733 lastinianum
1521 1682 1550 1734 et
1585 1679 1761 1736 Theodoram

56 1764 255 1818 revocaturum
280 1763 424 1821 bominem
440 1765 606 1822 baereticum
626 1764 656 1821 in
678 1776 731 1821 sua
751 1757 921 1833 nequitlaB
937 1758 1095 1832 piissimos,
1110 1760 1158 1817 sed
1172 1762 1383 1821 Diocletianum
1396 1766 1600 1823 etLotberiam
1611 1762 1762 1841 [Eleuthe-

56 1848 223 1906 damnatum
242 1852 328 1922 iuste.
352 1853 431 1910 Unde
454 1854 603 1927 indignata
618 1855 747 1927 Angusta
770 1852 882 1908 Belisa-
937 1846 1020 1924 riam]
1043 1863 1073 1906 se
1093 1850 1236 1908 invenisse
1253 1853 1375 1925 dixerat,
1393 1855 1542 1926 respondit
1564 1857 1600 1913 ad
1624 1857 1759 1930 singula:

57 1938 104 1994 rio
120 1938 242 2008 patricio
253 1940 343 2010 jussit
358 1948 391 1999 ut
404 1942 558 2001 silverium
585 1943 735 2000 occasione
750 1954 883 2013 quacun-
936 1936 1031 1996 Facite
1047 1939 1195 2012 utvultis3
1211 1941 1298 2014 digna
1308 1943 1384 1999 enim
1397 1941 1482 2001 iactis
1491 1944 1608 2016 recipio.
1621 1947 1656 2002 Et
1665 1947 1763 2005 volens

56 2041 114 2099 que
129 2027 243 2086 inventa
256 2031 419 2103 deponeret,
435 2037 465 2090 et
480 2034 618 2107 vigilium
632 2032 880 2102 archidiaconum,
937 2028 1025 2098 hujus
1038 2042 1172 2086 aerumnae
1186 2035 1317 2088 eventum
1332 2034 1541 2104 quoquomodo
1555 2033 1655 2104 rimie,
1671 2035 1700 2091 in
1711 2049 1764 2092 ec-

56 2116 110 2187 qui
137 2118 306 2177 llnthimum
332 2135 461 2180 revocare
478 2123 657 2194 promiserat,
689 2121 796 2190 ineius
820 2118 883 2176 loco
936 2117 1053 2174 clesiam
1072 2119 1100 2175 s.
1124 2120 1289 2191 Euphemiae
1317 2120 1440 2193 lugiens,
1469 2122 1572 2180 altaris
1598 2124 1761 2181 columnam

56 2204 256 2265 substitueret.
270 2208 325 2278 Qui
340 2208 403 2283 (hac
418 2212 531 2269 tandem
547 2212 696 2270 occasione
710 2211 834 2280 inventa,
851 2210 885 2264 ut
938 2207 1217 2277 amplexuastrtnxit
1228 2229 1235 2280 3
1246 2209 1295 2266 sed
1310 2210 1351 2265 ibi
1363 2215 1506 2284 arreptus,
1517 2217 1597 2268 extra
1611 2212 1762 2269 ecclesiam

56 2294 214 2353 Romanam
234 2297 332 2355 urbem
357 2301 460 2357 Gothis
480 2301 590 2358 tradere
611 2298 706 2373 vellet)
720 2311 785 2355 eum
805 2295 885 2352 adse
939 2295 1067 2367 ducitur,
1089 2295 1214 2368 luneque
1227 2297 1302 2355 collo
1314 2299 1377 2368 elus
1390 2299 1519 2372 alligato,
1544 2314 1593 2372 per
1615 2301 1762 2358 civitatem

56 2389 200 2456 vocatum,
214 2391 244 2443 et
257 2387 332 2444 clero
345 2395 373 2446 et
383 2389 488 2460 populo
500 2391 535 2447 ad
548 2389 671 2460 primum
687 2392 716 2444 et
729 2384 885 2443 monadum
941 2388 1650 2463 usqueadvesperamcircumquaqucdistrahitur,
1659 2391 1764 2448 deinde

56 2471 151 2530 velum
172 2475 301 2546 retentis,
326 2477 429 2535 stolam
444 2478 577 2536 etalbam
597 2475 665 2534 iecit
682 2476 709 2533 ei
725 2472 844 2542 aulerri,
858 2471 887 2528 et
943 2476 972 2532 in
996 2477 1128 2534 custodia
1143 2483 1325 2546 reservatur;
1351 2477 1449 2536 clerici
1472 2493 1549 2551 vero,
1576 2481 1706 2553 quicum
1729 2494 1763 2537 eo

59 2566 137 2618 veste
149 2563 316 2622 monachica
330 2566 413 2623 indui
423 2567 522 2637 jussit.
540 2568 575 2623 Et
590 2567 644 2623 hoc
655 2565 769 2639 negotio
779 2562 887 2633 impie-
941 2563 1122 2634 advenerant,
1133 2564 1258 2634 dispersi
1272 2565 1595 2639 inexsiliareleqantor:
1611 2568 1766 2639 sedpostea

58 2650 130 2707 tatis
141 2651 252 2724 audito,
272 2654 313 2725 hi,
331 2655 461 2726 quicum
479 2669 512 2714 eo
530 2659 674 2725 venerant,
691 2652 841 2726 fugerunt:
858 2653 887 2708 et
942 2652 1067 2710 liomauo
1081 2653 1158 2709 clero
1172 2658 1201 2709 et
1215 2659 1316 2710 senatu
1335 2655 1514 2726 rogantibus,
1531 2656 1662 2714 redditus
1677 2663 1705 2714 et
1717 2671 1768 2714 re-

58 2740 188 2813 vigilius
201 2742 435 2813 archidiaconus,
446 2745 529 2816 quasi
546 2744 577 2800 in
588 2757 641 2801 sua
654 2742 709 2799 ilde
718 2755 783 2799 enm
797 2740 888 2797 susci·
941 2740 1064 2798 stitutus
1075 2747 1119 2799 est
1128 2742 1260 2815 l'igilius.
1273 2743 1325 2799 sed
1338 2743 1368 2799 in
1382 2744 1445 2813 ipso
1458 2744 1563 2816 redito,
1582 2745 1611 2803 in
1626 2747 1766 2818 syracusa

61 2829 156 2901 plens,
171 2829 200 2886 in
213 2830 333 2888 Pontum
346 2832 450 2890 exsilio
466 2833 602 2905 relegavit
616 2851 622 2887 ι
640 2831 689 2888 ubi
704 2843 776 2901 pane
788 2829 888 2886 tribu·
941 2828 1076 2886 videlicet
1091 2829 1170 2901 urbe,
1182 2831 1287 2889 calculi
1303 2833 1402 2891 dolore
1415 2834 1503 2891 ritum
1517 2833 1622 2891 linivit.

60 2918 181 2976 lationis
195 2924 223 2976 et
236 2933 310 2992 aqua
325 2922 467 2995 augustiae
480 2926 669 2994 sustentatus,
686 2919 799 2978 tandem
812 2919 887 2976 detl-
976 2919 1029 2975 llic
1046 2919 1187 2977 Eucherio
1211 2917 1370 2995 [Eutherio]
1383 2924 1517 2994 episcopo
1533 2924 1704 2995 rescriptum
1716 2924 1766 2982 di·

59 3009 150 3082 ciens,
168 3009 198 3066 ln
212 3010 308 3068 eodem
324 3009 439 3069 locoru
455 3011 572 3069 Kalend.
585 3011 657 3069 lulli
673 3008 819 3068 consessor
833 3009 888 3066 de-
942 3009 1028 3082 retit,
1045 3008 1143 3081 inquo
1155 3023 1219 3066 enm
1236 3011 1388 3072 instruxit.
1405 3013 1475 3084 quid
1491 3012 1527 3069 de
1542 3013 1589 3070 bis
1603 3018 1700 3071 tenere
1713 3013 1768 3071 de-

60 3095 181 3156 functos
194 3103 256 3156 est:
274 3098 323 3156 ubl
334 3100 404 3174 aegri
421 3101 505 3159 multi
521 3105 671 3158 sanantur.
902 3097 1015 3170 cheat,
1032 3098 1083 3169 qui
1100 3097 1351 3156 itaahstinentiam
1366 3100 1514 3172 simulant,
1528 3104 1560 3156 ut
1571 3114 1622 3157 esu
1635 3102 1767 3159 carnium

95 3187 149 3245 llic
162 3188 312 3260 epistolam
328 3191 479 3262 rescripsit
493 3190 614 3248 amatori
629 3189 774 3261 episcopo,
787 3188 818 3245 in
830 3200 886 3260 qua
941 3186 1098 3259 quemlibet
1113 3187 1204 3259 pollui
1220 3188 1356 3261 credant;
1378 3190 1418 3245 ita
1434 3195 1497 3260 post
1512 3190 1603 3247 multa
1620 3190 1766 3261 premissa

59 3280 89 3333 et
103 3276 157 3334 boc
183 3277 351 3350 postulanti,
378 3279 505 3351 qualiter
523 3279 601 3336 circa
621 3292 651 3336 se
665 3282 760 3335 actum
781 3276 885 3348 inerat,
941 3275 1138 3349 subiungens:
1161 3276 1330 3349 Quapropter
1354 3293 1403 3333 nee
1417 3278 1613 3334 abstinentiam
1631 3282 1685 3334 beo
1697 3279 1768 3351 pla-

60 3365 185 3423 bteviter
195 3368 349 3440 enarravit,
366 3372 395 3426 et
407 3368 533 3426 oiilcinm
545 3381 630 3426 suum
644 3381 701 3425 non
715 3366 778 3424 ideo
792 3365 886 3422 dimt-
942 3367 1023 3421 mom
1038 3366 1224 3436 reprobamus,
1242 3383 1290 3422 nec
1313 3382 1367 3436 eos,
1392 3369 1441 3438 qui
1454 3373 1632 3423 easecramur
1658 3370 1769 3424 Domini

60 3456 145 3528 sisse,
158 3457 206 3514 sed
225 3458 407 3532 congregatis
420 3459 576 3530 episcopis,
601 3472 674 3530 quos
689 3456 794 3529 potuit,
809 3456 886 3528 illos,
942 3460 1107 3519 creaturam,
1121 3457 1152 3510 in
1161 3460 1255 3510 nostra
1269 3457 1395 3512 societate
1409 3458 1565 3528 recipimus.
1578 3459 1659 3530 ltem,
1670 3456 1706 3513 de
1720 3457 1768 3514 bis

61 3547 426 3620 quiipsumdeposucrant,
439 3545 889 3605 seanathematisvinculoohli-
944 3545 994 3617 qui
1018 3545 1048 3601 in
1070 3544 1125 3601 tine
1147 3544 1320 3615 psalmorum
1337 3544 1480 3603 subducta
1500 3559 1557 3603 una
1585 3546 1769 3617 conjunctiva

60 3637 529 3710 gassesiqnitlcat,etcaeteros,qui
541 3636 889 3708 deincepsullumepisco·
943 3633 1053 3706 syllaba
1065 3633 1186 3691 dicunt:
1203 3633 1394 3698 Gloricl’atn',
1409 3636 1515 3690 Filioet
1528 3635 1648 3706 Spiritui
1660 3639 1767 3691 saneto:

61 3738 163 3797 porum
175 3725 887 3799 indeciperent,anathcmamamnathatertdtrtt,
943 3722 1770 3794 etitadicendo,periectaeTrinitatisvocabulumminuere

96 3816 176 3887 item
201 3815 309 3890 vigilio
322 3819 381 3889 jam
404 3830 483 3888 papae
509 3817 669 3874 constituto
689 3815 841 3886 epistolam
859 3814 889 3870 in
944 3810 1372 3885 conantur,;subjungttdicens:
1386 3812 1770 3884 Quodsiinerroreperman·

60 3917 141 3960 suam
163 3904 375 3963 damnationem
393 3906 485 3974 misit,
512 3905 553 3962 ita
579 3906 654 3962 inter
675 3908 775 3961 caetera
788 3903 890 3960 dicens
943 3903 1040 3965 serim,
1062 3904 1128 3955 socii
1146 3903 1223 3956 nobis
1248 3917 1377 3956 essenon
1398 3906 1524 3971 possunt.
1539 3902 1579 3956 De
1600 3901 1646 3958 bis
1669 3903 1720 3972 qui
1733 3902 1769 3958 ab

59 3990 116 4065 (93,
133 4008 161 4065 q.
177 3991 205 4066 i,
229 4008 255 4051 c.
278 3997 459 4067 Belisorr'oslz
477 3996 581 4051 Habeto
599 4011 662 4065 erpo
681 4010 743 4050 cum
764 3995 817 4064 his,
841 3996 890 4064 qm·
944 3989 1062 4046 Arianis
1072 3989 1240 4059 rebaptizati
1252 3996 1329 4062 sunt,
1341 3990 1467 4061 qualiter
1475 3991 1535 4047 sint
1548 3991 1770 4062 recipiendi,di·
1828 3998 1831 4004 ’

59 4087 111 4141 tihi
118 4086 301 4150 consentiunt,
313 4101 400 4157 penae
413 4085 600 4142 damnationis
612 4087 786 4147 sententiam,
800 4084 890 4139 subla
944 4079 997 4134 cit:
1011 4077 1129 4144 Quorum
1140 4079 1333 4142 reconciliatio,
1349 4094 1404 4134 non
1410 4095 1461 4150 per
1481 4079 1560 4134 illam
1571 4080 1770 4149 impositionem

59 4179 171 4246 tumque
189 4175 240 4231 tibi
260 4191 357 4231 nonen
373 4180 401 4231 et
419 4191 519 4231 munus
540 4176 689 4231 ministerii
711 4173 891 4242 suendotolig
943 4183 1052 4231 monus,
1078 4182 1139 4238 qua
1162 4182 1214 4237 per
1240 4168 1329 4221 sancti
1355 4166 1477 4237 Spiritus
1500 4169 1697 4223 invocationem
1726 4170 1768 4237 tlt,

58 4279 184 4333 oqnoscq
201 4263 322 4336 Spiritus
336 4267 425 4320 suncti
447 4265 555 4334 judicio
570 4269 596 4320 et
616 4263 765 4334 apostolico
780 4278 797 4317 a
812 4262 890 4317 nobis
944 4262 1091 4328 operaturr
1116 4256 1165 4312 sed
1190 4271 1242 4327 per
1266 4256 1354 4319 illam,
1384 4272 1440 4325 qua
1467 4258 1637 4326 penitentia
1660 4259 1768 4323 metus

59 4355 223 4409 auctoritate
251 4354 407 4410 damnatus.
429 4353 474 4409 Sic
502 4356 574 4409 enim
588 4354 663 4410 decet
683 4351 740 4424 (25,
763 4367 790 4424 q.
811 4349 839 4415 s,
855 4365 882 4408 c.
943 4348 1107 4416 acquiritur,
1131 4349 1156 4401 et
1185 4345 1379 4400 communionis
1395 4339 1507 4417 [sanetae
1530 4343 1607 4414 com]
1631 4343 1767 4397 restitutio

59 4441 105 4498 so.
115 4442 199 4515 decet)
209 4443 290 4514 {idem
305 4447 461 4499 sanctorum
481 4445 594 4499 Petrum
607 4445 637 4498 in
649 4443 769 4498 Ecclesia
783 4443 888 4498 sanari
901 4457 929 4521 D
939 4439 1094 4511 perficitur.
1122 4438 1207 4493 ltem:
1234 4436 1273 4490 lie
1295 4433 1404 4500 febrim
1427 4432 1575 4502 cetjuslibet
1593 4431 1719 4493 ecclesie,
1739 4430 1766 4485 si

59 4533 204 4597 catholico,
223 4538 265 4598 nt,
285 4534 359 4605 quod
387 4535 484 4589 habuit
505 4535 623 4596 amittat,
650 4534 700 4603 qui
713 4531 888 4603 improbabili
942 4528 1055 4597 dirupta
1081 4527 1176 4592 suerit,
1207 4521 1393 4579 instauranda
1419 4521 1463 4592 (de
1484 4521 1563 4578 Gens.
1584 4520 1613 4577 d.
1636 4515 1661 4583 l,
1685 4532 1711 4575 c.
1727 4519 1766 4574 lte

59 4624 220 4696 terneritote,
233 4623 307 4695 quod
316 4638 371 4678 non
380 4626 529 4694 aecepmot
541 4623 727 4694 assumpserit.
940 4615 1061 4686 sobmon)
1074 4632 1083 4681 ς
1096 4617 1121 4669 et
1139 4615 1165 4668 si
1174 4615 1204 4669 in
1225 4628 1254 4669 eo
1273 4612 1482 4669 consecrationis
1500 4609 1657 4666 solemnitas
1669 4607 1767 4663 debeam

324 4712 393 4768 txl.
408 4740 446 4752 -
467 4711 623 4768 lllGlLlUS.
940 4705 1093 4768 iteratim
1109 4718 1162 4774 quo
1176 4705 1337 4760 sanctuaria
1350 4718 1404 4759 non
1422 4701 1537 4772 menni,
1557 4698 1629 4756 nibil
1645 4698 1766 4769 judica-

321 4799 414 4873 (Anno
433 4801 536 4858 Christi
549 4798 624 4874 bid.)
940 4798 1028 4851 nimus
1042 4795 1159 4865 officere,
1178 4795 1203 4850 si
1221 4807 1302 4864 super
1319 4808 1379 4848 eam
1393 4792 1504 4848 minime
1524 4805 1600 4862 aqua
1612 4790 1766 4845 camarata

95 4888 233 4962 vigilius,
246 4889 363 4947 natione
374 4890 530 4961 Romanus,
545 4904 579 4947 ex
595 4890 800 4961 patretoarme,
814 4902 887 4947 oon·
935 4884 1068 4954 iactetur,
1084 4885 1150 4955 quia
1166 4883 1393 4939 consecrationem
1417 4879 1563 4949 cujuslibet
1584 4879 1709 4946 ecclesie,
1734 4879 1765 4932 in

57 4977 231 5049 solerent
253 4992 345 5037 annos
368 4980 581 5052 septemdecim,
605 4993 716 5037 mensos
742 4993 800 5050 sex,
822 4979 887 5037 dies
941 4989 996 5045 quo
1017 4973 1136 5045 spiritui
1155 4977 1248 5028 saneto
1271 4986 1321 5026 ara
1340 4985 1395 5025 non
1417 4970 1541 5040 ponitur,
1561 4968 1766 5024 celebrationem

57 5067 320 5141 vigintiquinque.
337 5070 390 5127 llic
411 5070 557 5127 ordinavit
571 5070 721 5141 episcopos
742 5070 887 5142 octoginta
942 5059 1144 5141 [celebritatem]
1165 5069 1273 5120 tontum
1286 5063 1385 5117 scimus
1400 5074 1456 5115 esse
1470 5060 1634 5115 missorum:
1654 5055 1763 5117 elidem

56 5161 88 5216 et
102 5172 204 5232 unum,
221 5159 402 5232 presbyteros
412 5160 604 5233 quadraginta
619 5173 678 5231 sen,
694 5161 831 5218 diaconos
846 5175 888 5218 se·
940 5155 966 5208 si
977 5169 1033 5224 qua
1045 5158 1200 5210 tantinum
1222 5153 1365 5209 basilicaa
1385 5150 1575 5220 moramentis
1587 5149 1668 5203 eiiam
1678 5143 1765 5211 Μ’*

55 5246 163 5306 decim·
186 5250 226 5306 Εο
240 5252 335 5307 auom
357 5256 493 5324 tempore,
510 5265 567 5322 quo
591 5250 738 5308 Theodora
757 5251 886 5325 Augusta
940 5248 1082 5311 innovato,
1097 5247 1156 5301 sine
1164 5245 1261 5315 aliquo
1274 5243 1455 5313 dubitatione,
1465 5256 1525 5296 cum
1537 5241 1568 5292 in
1576 5252 1608 5291 ea
1617 5235 1763 5289 missorum

56 5326 582 5411 vigiliumtnsmeapostottcssicut
595 5339 889 5411 ipsainsserat,con·
940 5338 1096 5393 solemnitas
1123 5337 1211 5403 {nemi
1229 5334 1372 5398 celebrata,
1402 5333 1484 5388 totius
1509 5323 1667 5393 sanctitatio
1694 5333 1763 5374 eon-

55 5425 430 5501 stltntumlnisseaccepit3
444 5430 470 5487 ei
484 5429 612 5501 scripsit,
623 5442 725 5501 rogans
735 5434 766 5486 ut
779 5430 840 5500 ipse
850 5431 885 5488 ad
938 5428 1097 5484 secretionis
1112 5425 1278 5495 implebitur.
1301 5424 1331 5480 si
1342 5438 1403 5480 uero
1416 5415 1584 5476 sanctuaria,
1601 5424 1662 5481 quae
1680 5406 1762 5510 hahe-

55 5517 345 5590 sevenlret,et,quod
358 5517 584 5577 bouarolontate
594 5517 887 5590 denntbtmapromt-
942 5520 998 5583 hat,
1017 5518 1113 5573 obluta
1126 5519 1192 5588 sint,
1208 5531 1306 5571 rursus
1317 5527 1408 5570 rorum
1425 5503 1597 5602 repositione,
1608 5501 1644 5599 ‘ti
1656 5511 1761 5600 mitto-

55 5605 885 5682 semtadimpleret.vtgtltusautem,quamvispriustnsl·
939 5624 1003 5667 rum
1014 5608 1192 5676 solemnitate,
1207 5604 1385 5664 reuerentiam
1404 5593 1627 5664 sanctificationis
1637 5592 1760 5657 adaptet

252 5716 370 5776 Parnon.
395 5715 521 5777 cxxtx.
1581 5692 1618 5753 39
