3876 6090
114 240 186 303 ’4346
555 238 700 297 tarem.
719 235 768 295 AD
784 233 994 296 SAEC.1X.-
1015 232 1195 296 sucroitils
1221 235 1389 295 iudum.
1751 231 1818 295 4346

114 365 334 440 preparationis
344 363 476 424 bissexti.
491 363 523 423 84
539 362 615 423 44444
629 361 810 435 emansit,
821 361 940 420 bissex-
951 367 981 430 Α
993 359 1091 434 dnus,
1109 361 1183 435 dies,
1211 361 1396 432 bebdomada,
1423 360 1543 434 mensis,
1568 358 1696 432 tempas,
1720 373 1818 423 44444,

113 457 241 515 inserit.
994 451 1101 523 cyclus,
1117 452 1290 510 vicissitudo
1304 449 1457 524 triformis,
1473 448 1625 521 44444444,
1641 455 1724 523 etas,
1737 464 1821 508 muu-

147 547 216 601 Item
233 547 396 614 argumento
418 541 452 598 de
470 540 692 597 resumentibus
709 539 906 595 monstrandis.
993 538 1073 597 dnm.
1086 539 1207 598 4444444
1219 553 1321 598 nomen
1337 538 1466 598 Grecnm
1484 541 1539 611 est,
1556 539 1636 612 quod
1649 538 1821 612 interpretr-

150 632 299 690 LXXXIII.
309 632 338 688 84
351 631 396 688 444
410 628 670 699 scireadlcctioues
679 628 762 700 solis,
781 628 810 685 id
824 632 942 685 estnon.
995 632 1043 685 tur
1058 629 1262 703 indivisibilis,
1277 641 1341 687 nam
1351 633 1459 685 44444444
1472 628 1549 700 apud
1571 629 1689 686 Grecos
1715 629 1822 686 iudiri-

113 727 264 779 currentes
278 721 445 790 septimane
458 718 522 775 dies
534 729 564 773 rx
579 716 640 772 IIal.
654 716 735 789 4444,
756 730 838 774 sume
848 729 942 773 annos
994 730 1070 789 snm,
1079 718 1122 774 vel
1135 717 1316 776 indivisibile
1329 719 1546 790 iuterpretatur.
1555 717 1649 774 04444
1660 718 1739 774 euim
1748 719 1819 790 qnod

114 810 151 868 ab
172 809 370 868 incarnatione
386 807 511 877 Domini,
532 806 709 878 quicumque
730 804 850 878 inerint,
866 819 893 861 4.
911 820 939 877 g.
996 807 1026 863 ln
1042 806 1148 865 mundo
1161 811 1205 864 est
1219 808 1281 864 sive
1293 808 1450 878 corporale,
1471 821 1521 865 sen
1537 806 1731 878 incorporale,
1747 809 1820 880 quod

111 897 174 957 840.
188 901 245 956 4444
255 898 353 956 444444
368 910 419 968 per
429 902 556 968 quatuor
568 900 673 969 partes,
691 903 720 952 et
734 909 876 954 annorum
888 893 938 966 qni
993 893 1090 952 dividi
1102 908 1135 952 ac
1150 896 1252 966 partiri
1268 909 1324 954 non
1345 901 1446 968 potest,
1471 901 1587 954 atomus
1610 900 1666 952 est.
1690 895 1822 953 84444444

112 985 223 1045 inerint
236 983 254 1043 i
265 992 373 1058 partem
386 997 498 1055 semper
511 983 614 1056 adjice,
635 978 814 1041 bissextilem
835 985 911 1041 diem
924 981 941 1039 4
995 984 1140 1042 Isidorus:
1154 980 1272 1041 4444444
1282 983 1447 1056 philosophi
1460 985 1563 1041 dicunt
1573 983 1718 1057 quasdam
1733 990 1822 1054 partes

112 1089 225 1148 semper
248 1088 324 1132 anno
340 1076 446 1131 iurent.
462 1073 531 1130 'bic
543 1073 634 1130 addit.
653 1076 684 1130 Iu
708 1071 760 1130 400
774 1087 841 1146 ergo
856 1072 942 1130 44444
997 1073 1026 1130 44
1040 1075 1147 1131 maudo
1166 1072 1390 1134 minutissimas.
1405 1078 1436 1129 ut
1450 1073 1526 1130 visui
1550 1085 1610 1129 non
1633 1076 1760 1144 pateant,
1776 1085 1822 1129 uec

112 1163 431 1223 bissextilesdiessnnt
443 1161 504 1219 400.
519 1164 550 1218 44
564 1159 628 1233 8440,
641 1159 750 1219 444450
765 1161 938 1219 bissextiles.
995 1164 1150 1221 sectionem
1175 1164 1326 1235 recipiant.
1342 1163 1403 1219 iluc
1429 1162 1559 1234 Illucque
1584 1159 1726 1218 feruntur
1753 1161 1824 1219 sicut

113 1256 183 1312 Item
196 1254 227 1310 in
247 1251 297 1310 460
311 1252 407 1324 44444,
422 1252 475 1309 boc
489 1255 532 1308 est
555 1251 585 1307 in
611 1251 725 1309 dnobus
747 1251 893 1324 octogenis
907 1247 942 1307 40
996 1252 1340 1324 minutissimipulreres,
1354 1251 1405 1323 qui
1424 1250 1508 1308 eilusi
1529 1263 1580 1321 per
1595 1250 1736 1307 tenebras
1757 1251 1823 1308 soils

112 1344 187 1415 dies,
205 1342 326 1401 bissexti
342 1340 379 1398 88
392 1341 478 1398 44444
490 1337 509 1396 ”l
520 1344 598 1397 sunt.
623 1340 715 1397 Simul
730 1344 825 1396 autem
843 1337 941 1397 44840
996 1340 1088 1397 radiis
1102 1342 1245 1399 ridentur.
1267 1341 1433 1397 ettenorum
1453 1352 1556 1412 genera
1583 1337 1722 1410 quinque
1748 1346 1822 1407 44444,

113 1433 200 1489 44444
214 1431 379 1489 bissextiles
393 1430 456 1487 dies
471 1436 540 1487 suut
550 1425 613 1486 804.
627 1427 707 1497 Quod
720 1429 824 1499 adjicit
839 1429 942 1500 Diony·
996 1429 1026 1487 id
1041 1434 1084 1487 est
1098 1436 1211 1488 atomus
1224 1431 1254 1486 in
1272 1443 1312 1497 re,
1325 1435 1439 1486 atomus
1461 1429 1492 1484 44
1512 1441 1647 1499 corpore,
1662 1433 1779 1485 atomus
1797 1430 1823 1486 in

114 1522 178 1579 sius
191 1534 278 1592 snper
300 1533 392 1577 44444
405 1518 532 1588 Domini,
555 1518 679 1588 peractis
690 1515 776 1589 5888
795 1517 881 1574 44444
905 1517 941 1574 ab
995 1520 1134 1592 oratioue,
1144 1525 1257 1577 atomus
1269 1519 1299 1575 iu
1319 1531 1448 1590 numero,
1464 1522 1579 1575 atomus
1600 1516 1781 1588 intempore.
1796 1520 1823 1576 Iu

114 1609 291 1666 ortumuudi
302 1608 399 1664 eadem
413 1606 624 1663 Cbronicornm
639 1605 779 1662 relatione
796 1611 942 1662 monstra·
995 1622 1027 1666 re
1042 1609 1131 1666 sicuti
1148 1608 1279 1680 predicti
1295 1608 1435 1679 pulveres.
1450 1604 1482 1662 In
1505 1619 1632 1678 corpore
1657 1605 1751 1663 4444444
1765 1621 1823 1664 cum

113 1703 172 1755 444.
181 1698 251 1753 Item
263 1696 294 1752 in
303 1695 455 1753 chronicis
467 1694 583 1766 legitur.
592 1692 698 1750 Omnes
705 1693 774 1750 anni
784 1693 820 1750 ab
828 1693 942 1766 origine
955 1696 980 1757 B
996 1698 1115 1769 partiris
1123 1698 1396 1769 quamlibetpartem
1407 1695 1514 1768 lapidis
1522 1696 1553 1752 in
1565 1693 1651 1763 4,000
1660 1697 1822 1767 particulos,

115 1785 215 1843 mnndi
229 1783 368 1856 usquead
384 1782 616 1854 predicationem
631 1783 747 1839 Domini
765 1782 856 1839 nostri
873 1784 941 1839 lesu
996 1786 1151 1844 millesima
1164 1800 1231 1857 pars
1244 1800 1308 1858 qne
1322 1786 1437 1856 partiri,
1460 1784 1504 1842 rel
1528 1784 1627 1842 dividi
1643 1798 1705 1842 uon
1730 1791 1822 1858 potest,

114 1874 234 1947 Christi,
247 1887 311 1945 que
337 1871 411 1931 lacta
436 1877 480 1929 est
493 1869 527 1928 45
541 1884 616 1928 4444
630 1871 739 1929 Tiberii
760 1871 892 1944 cesaris,
913 1875 942 1928 et
995 1879 1109 1933 atomus
1124 1876 1154 1931 in
1168 1887 1288 1946 corpore
1299 1873 1420 1946 dicitur,
1434 1872 1462 1930 id
1482 1878 1526 1931 est
1540 1873 1753 1931 indivisibilis.
1765 1877 1822 1932 444

114 1962 251 2036 usquead
265 1961 440 2033 baptismum
450 1961 564 2018 Domini
574 1958 668 2032 5888,
685 1961 823 2033 usquead
833 1973 941 2017 annum
996 1978 1061 2022 mns
1077 1965 1106 2020 in
1124 1965 1263 2036 44444444,
1277 1963 1366 2021 444444
1381 1963 1475 2019 oratio
1490 1963 1521 2019 iu
1547 1976 1664 2035 444444,
1681 1963 1713 2018 44
1729 1970 1822 2035 partes,

115 2060 210 2112 autem
226 2055 392 2124 presentem
404 2048 495 2122 6,038.
997 2053 1028 2110 44
1039 2052 1163 2125 syllabas
1172 2052 1325 2116 dividitur.
1338 2052 1379 2107 ita
1393 2050 1503 2123 syllaba
1515 2052 1546 2109 in
1556 2050 1675 2123 literas,
1690 2051 1775 2109 litera
1783 2067 1824 2111 au·

132 2151 180 2207 Ad
194 2166 258 2206 onn.
268 2151 500 2221 preparationem
514 2148 627 2204 dissecti
640 2147 676 2203 ab
696 2149 802 2217 origine
814 2146 923 2210 mnndi.
998 2146 1053 2198 tem
1064 2142 1170 2214 dividi,
1182 2141 1225 2198 vel
1245 2141 1317 2198 solui
1333 2153 1390 2197 non
1407 2144 1509 2212 potest,
1535 2140 1666 2212 ideoque
1690 2146 1825 2198 atomus-a

151 2248 310 2305 4444444444.
330 2246 360 2304 44
383 2246 429 2303 444
442 2245 518 2303 serre
538 2246 643 2303 inrum
665 2244 827 2302 bissextus
850 2256 944 2300 annus
997 2231 1457 2302 rarrnnpuuosouursuneen.
1477 2230 1603 2287 somus
1619 2230 1650 2286 rr
1667 2231 1825 2288 numenn-

116 2349 186 2395 num
198 2336 248 2408 sit,
274 2348 310 2392 44
332 2335 420 2391 etiam
445 2348 539 2391 annus
561 2335 781 2405 praeparationis
803 2333 941 2390 bissexti:
998 2320 1058 2377 culi
1071 2320 1194 2377 ³0¹lilur
1207 2320 1315 2378 millias
1331 2320 1360 2376 00
1377 2318 1467 2391 040004
1485 2317 1568 2391 04000
1594 2319 1625 2376 00
1644 2317 1710 2391 0004
1734 2318 1824 2378 00000

115 2438 198 2482 sume
209 2439 300 2482 annos
314 2424 350 2481 ab
373 2424 459 2481 444444
483 2423 584 2481 mnndi
600 2436 692 2495 usqne
713 2423 748 2479 ad
777 2426 943 2494 presentem
998 2406 1043 2478 00,
1057 2407 1092 2465 00
1105 2409 1136 2465 00
1152 2407 1194 2480 004
1210 2407 1322 2480 000004
1333 2407 1352 2465 0
1364 2408 1395 2465 00
1418 2405 1476 2479 040
1490 2409 1521 2465 00
1534 2405 1562 2476 ⁴»
1578 2405 1591 2464 ⁴
1610 2422 1681 2466 4000
1692 2410 1770 2482 (4000
1783 2410 1825 2466 00·

117 2527 236 2586 annum,
253 2529 280 2569 v,
298 2529 337 2586 g„
358 2511 450 2586 54439,
468 2515 524 2571 1105
542 2513 640 2570 druge
657 2525 706 2583 pgr
717 2509 743 2568 4,
760 2512 880 2568 ppfflqgtg
895 2524 945 2581 per
997 2498 1070 2569 4444,
1079 2504 1130 2554 444
1139 2498 1212 2555 solvi
1223 2511 1279 2554 uon
1290 2502 1392 2569 potest,
1401 2503 1514 2555 atomus
1530 2497 1563 2554 in
1575 2511 1701 2555 numero
1714 2498 1818 2556 dicitur

116 2599 199 2666 I,000
213 2616 277 2672 444
291 2598 308 2657 t
332 2607 426 2673 partes
447 2602 572 2674 aequapes
584 2607 663 2672 sunt,
676 2605 704 2657 et
720 2605 816 2671 postea
829 2601 945 2657 dimine
997 2585 1118 2644 Atnmus
1133 2587 1312 2658 intempore,
1328 2587 1416 2643 sicuti
1429 2586 1556 2644 solvitur
1568 2587 1716 2643 seculum
1732 2588 1762 2645 iu
1773 2592 1828 2645 444

117 2687 208 2763 4,600,
222 2692 291 2762 quia
303 2687 355 2747 400
374 2696 443 2747 4444
463 2686 480 2745 4
494 2689 617 2746 vicibus.
642 2691 797 2745 Remanent
811 2687 872 2744 389.
890 2688 945 2744 Di-
999 2679 1051 2747 0004
1064 2681 1133 2732 0000
1144 2676 1173 2731 00
1185 2688 1389 2748 000004000οδ
1403 2677 1432 2733 00
1449 2688 1571 2748 00000004
1588 2677 1705 2733 0000000
1724 2678 1753 2734 00
1764 2676 1828 2733 beb-

117 2781 199 2837 mitte
210 2778 272 2836 380.
289 2775 393 2848 Quini
411 2778 543 2850 octogeni
562 2781 649 2848 suut,
665 2782 812 2833 remanent
832 2775 877 2833 69.
890 2776 946 2833 Di-
998 2763 1144 2830 d⁰¹¹¹²d³b
1167 2765 1342 2823 0000040000
1359 2765 1388 2821 00
1409 2765 1483 2832 0004,
1499 2765 1565 2822 0000
1589 2767 1622 2821 00
1648 2767 1826 2838 (4000400044

117 2868 199 2924 mitte
211 2865 255 2940 40,
281 2867 352 2938 quia
373 2864 390 2923 i
413 2866 480 2925 deni
505 2872 589 2938 suut3
607 2870 732 2922 remanet
752 2864 797 2922 39.
825 2867 945 2924 Dimitte
1000 2853 1145 2926 40000000
1156 2855 1186 2910 00
1196 2854 1291 2928 00004
1309 2854 1379 2912 0000
1390 2855 1419 2911 00
1437 2859 1571 2927 00000004
1589 2859 1724 2925 punctus
1738 2855 1768 2910 00
1778 2854 1827 2910 00·

115 2954 161 3030 88,
174 2957 242 3029 quia
264 2953 402 3027 lseptem
415 2959 502 3026 snut,
524 2953 708 3012 remanenti.
726 2955 839 3012 Primus
851 2969 945 3013 annus
1001 2948 1080 3014 num,
1098 2943 1241 3000 0000000
1255 2943 1284 3000 00
1297 2947 1448 3012 momenta,
1467 2948 1650 3000 momentum
1676 2944 1710 3000 00
1730 2952 1828 3000 000004

117 3048 161 3105 est
182 3044 401 3117 properationis
427 3044 559 3102 bissexti.
584 3044 614 3100 si
629 3048 723 3100 autem
749 3041 767 3102 8
786 3049 942 3117 remanent,
960 3044 984 3105 C
1000 3028 1044 3103 004
1059 3044 1124 3103 lili
1135 3030 1179 3095 ⁴6⁹
1194 3045 1259 3103 4400
1271 3031 1364 3089 dividi
1388 3045 1445 3090 000
1460 3037 1564 3103 000004
1580 3032 1827 3103 0004000οῑ0004,

116 3135 260 3193 sccundus
270 3147 363 3192 annus
374 3133 730 3206 preparationIsbissexti.
745 3132 812 3203 843,
827 3135 941 3192 tertius.
999 3119 1028 3178 00
1044 3125 1088 3177 00
1102 3120 1304 3178 0000000000οὃ·
1318 3120 1371 3178 500
1383 3120 1420 3178 00
1434 3121 1488 3178 000
1503 3120 1681 3194 0000000000
1697 3120 1826 3179 000000

115 3224 249 3281 stantem
258 3228 349 3280 totum
363 3222 708 3279 nnmerumannornmab
718 3222 832 3294 origiue
842 3221 943 3278 mnudi
998 3206 1105 3266 0000000
1118 3223 1181 3266 0⁸⁸⁰
1196 3210 1307 3267 000000·
1604 3281 1612 3295 ‚

118 3310 196 3384 peri
206 3317 300 3383 partes
313 3311 439 3383 equales
458 3311 583 3383 partitus
598 3310 699 3383 iuerls,
716 3310 878 3368 bissextilis
888 3324 945 3368 au·
1139 3300 1205 3354 000
1222 3298 1256 3352 04
1275 3300 1373 3354 otonis
1387 3299 1519 3369 00400400
1541 3302 1694 3355 mmm·

117 3414 173 3459 nus
192 3401 257 3459 erit.
1033 3386 1090 3443 XG.
1106 3387 1136 3444 84
1151 3387 1196 3444 444
1210 3388 1286 3445 scire
1299 3392 1371 3459 quot
1391 3387 1480 3445 atomi
1500 3388 1562 3446 sint
1586 3389 1618 3446 in
1637 3385 1653 3444 4
1681 3392 1826 3459 momento,

117 3492 155 3547 04
175 3490 397 3547 concurrentibus
420 3489 608 3546 monstrandis
625 3504 776 3561 perennes
790 3490 825 3545 44
840 3491 945 3560 44444444
997 3473 1118 3533 0040000
1140 3484 1314 3535 0000000000
1330 3477 1361 3534 00
1386 3474 1419 3534 00
1433 3482 1539 3548 0000004
1552 3482 1583 3534 00
1595 3488 1827 3550 unamquamque

474 3561 583 3618 mnndi.
999 3570 1108 3636 partem
1123 3566 1152 3623 in
1168 3562 1212 3640 47,
1228 3567 1298 3637 quia
1310 3563 1344 3623 tl
1362 3580 1429 3637 pars
1440 3565 1474 3624 48
1490 3572 1589 3638 partes
1611 3567 1756 3625 momenti
1770 3571 1829 3624 ato·

151 3649 325 3706 LXXXVIII.
347 3649 378 3706 84
402 3649 447 3706 444
470 3649 546 3705 scire
564 3652 635 3720 quot
649 3653 853 3705 concurrentes
876 3653 945 3705 sunt
998 3667 1064 3711 mus
1077 3655 1308 3725 estintempore.
1326 3653 1362 3712 47
1384 3656 1542 3713 duodecies
1555 3655 1753 3729 muIIIplicati
1763 3655 1828 3713 4444

117 3739 148 3794 44
159 3751 333 3810 unoquoque
349 3751 424 3794 anno
444 3738 588 3808 presenti,
603 3750 685 3793 sume
696 3750 788 3793 anuos
808 3736 843 3792 ab
857 3737 944 3796 initio
998 3738 1068 3797 bol:
1083 3746 1124 3799 tot
1137 3743 1229 3798 atomi
1253 3748 1324 3800 sunt
1339 3743 1370 3800 44
1384 3757 1441 3801 444
1455 3747 1611 3802 momento.
1629 3746 1776 3803 blomeata
1786 3755 1828 3800 aa·

118 3827 229 3896 mundi,
249 3840 276 3881 v.
294 3842 319 3899 g.
345 3824 437 3896 5,989.
454 3829 511 3883 ilos
537 3826 634 3883 divide
657 3838 707 3895 per
729 3823 747 3882 I
762 3832 875 3897 partes,
892 3827 946 3884 boc
999 3835 1055 3889 tem
1069 3836 1139 3888 sunt
1153 3831 1184 3887 in
1200 3829 1211 3888 4
1227 3832 1275 3889 444
1289 3829 1352 3890 480.

117 3920 160 3973 444
175 3911 255 3986 niel
267 3919 393 3988 quatuor
407 3914 539 3986 vicibus,
554 3918 583 3970 et
597 3911 614 3970 l
630 3919 747 3988 partem,
775 3928 860 3988 quam
876 3931 946 3987 par·
1034 3919 1210 3977 8444444444
1236 3927 1305 3993 quot
1327 3922 1416 3979 atomi
1441 3921 1557 3978 444444
1573 3919 1585 3977 4
1605 3921 1691 3995 bora,
1707 3921 1764 3980 dne
1781 3917 1828 3978 tot

116 4005 190 4061 tltus
204 4002 306 4076 444444,
321 4004 373 4060 boc
385 4007 429 4060 est
442 3999 523 4076 4484
538 4003 620 4060 444444
633 4017 720 4074 super
739 4001 832 4076 5,989.
858 4005 946 4062 Fiunt
1000 4009 1181 4082 quadragies,
1198 4011 1271 4068 4444
1283 4009 1384 4081 aeddi
1403 4008 1551 4086 [8844004
1568 4012 1642 4068 Item
1659 4013 1687 4068 si
1701 4012 1778 4069 scire
1790 4025 1829 4068 ro

118 4091 206 4149 simul
230 4088 322 4164 7496.
340 4093 396 4148 iios
416 4090 514 4148 divide
538 4104 587 4162 per
606 4088 624 4147 I
649 4097 753 4164 partes,
775 4095 843 4163 qula
869 4094 945 4150 diem
1001 4095 1101 4168 lueris,
1120 4102 1190 4169 quot
1200 4100 1288 4156 atomi
1301 4106 1370 4158 sunt
1382 4097 1439 4156 444
1463 4100 1511 4156 444
1523 4101 1669 4169 naturali,
1684 4101 1737 4173 qul
1753 4101 1828 4158 babet

119 4179 286 4251 septimane
300 4180 426 4252 queris3
441 4180 557 4237 dimIttc
567 4176 660 4253 7,000,
678 4181 747 4252 quia
759 4186 868 4252 septem
884 4195 946 4253 par·
999 4181 1036 4242 84
1051 4186 1144 4259 boras,
1163 4189 1325 4259 multiplica
1340 4188 1540 4260 supradictum
1557 4202 1716 4247 numerum
1731 4196 1829 4248 atomo

118 4274 162 4326 tes
177 4269 301 4341 equales
322 4274 400 4339 snut,
426 4270 479 4327 boc
491 4274 534 4326 est
559 4266 639 4342 4,000
665 4275 783 4342 septem,
800 4274 947 4327 remanent
1001 4289 1064 4332 rum
1079 4276 1166 4333 unlus
1181 4277 1329 4349 bore,an
1348 4274 1536 4349 4444884464.
1561 4279 1622 4335 ilos
1635 4291 1707 4352 ergo
1730 4278 1827 4336 multi·

118 4356 180 4416 486.
198 4355 349 4416 DimitteI
373 4360 498 4431 4444444,
520 4363 668 4416 remanent
689 4357 734 4416 56.
760 4360 880 4415 Dimitte
898 4357 944 4431 63,
961 4363 1076 4446 Dplica
1088 4366 1178 4423 vicies
1198 4372 1300 4437 quater
1321 4366 1389 4438 [per
1406 4364 1470 4442 84],
1493 4365 1568 4424 4444
1592 4367 1687 4424 simul
1712 4365 1826 4437 644640

119 4449 188 4522 qula
206 4446 224 4505 9
248 4452 354 4519 septem
377 4453 454 4520 sunt,
481 4452 628 4505 remanent
648 4446 674 4503 3.
702 4448 909 4506 concurrentes
927 4445 945 4505 3
1000 4451 1165 4529 [5445864
1179 4456 1233 4513 Tot
1245 4456 1334 4513 atomi
1352 4461 1421 4513 sunt
1435 4457 1466 4513 44
1489 4453 1578 4513 4444.
1594 4456 1641 4514 Τ4
1654 4456 1752 4527 444444,
1774 4456 1828 4513 lco-

119 4543 187 4596 sunt
201 4550 277 4595 auno
291 4537 435 4609 presenti,
456 4536 557 4608 sicque
570 4550 620 4607 per
631 4535 706 4594 alios
720 4551 810 4595 annos
826 4537 878 4595 boc
892 4551 944 4595 ar·
998 4550 1054 4616 tor,
1079 4544 1221 4618 ignoscas,
1246 4545 1317 4616 qnia
1342 4545 1402 4603 bec
1426 4544 1591 4603 calculandi
1617 4549 1649 4603 et
1672 4544 1826 4604 litteriolo·

120 4633 253 4699 gumento
278 4630 481 4685 concurrentes
510 4625 649 4696 invenies,
671 4629 762 4685 tolum
792 4640 943 4687 numerum
997 4632 1133 4692 doxibus.

120 4728 260 4773 annorum
272 4716 309 4773 ab
324 4716 411 4773 iuitio
428 4716 528 4773 mnudi
547 4731 639 4788 nsque
663 4717 693 4773 44
709 4722 874 4788 presentem
887 4731 944 4775 an·
1192 4727 1232 4781 De
1250 4725 1325 4781 444444
1341 4725 1373 4781 444
1386 4739 1459 4780 enno
1473 4727 1539 4796 qnot
1552 4729 1633 4781 sunt.

123 4816 198 4860 mum
211 4804 339 4878 colligas,
355 4811 384 4862 et
396 4804 412 4862 l
423 4812 529 4878 partem
550 4806 765 4878 superaddendo
781 4804 858 4878 perI
870 4809 943 4866 diri·
1032 4814 1103 4872 xci.
1118 4814 1205 4872 84444
1219 4816 1295 4874 scire
1309 4813 1468 4886 quotbore
1487 4819 1558 4871 suut
1572 4813 1605 4871 In
1622 4827 1717 4889 44444,
1731 4813 1826 4873 multl-

120 4892 180 4949 des.
196 4893 306 4962 Quotus
318 4910 457 4953 numerus
482 4898 661 4968 remanserit,
678 4902 721 4954 tot
741 4902 944 4956 concurrentes
998 4900 1073 4974 plica
1083 4903 1173 4960 vicies
1184 4908 1284 4975 quater
1296 4899 1421 4961 365380
1432 4898 1559 4977 [vicies]
1573 4908 1684 4975 quater
1695 4899 1825 4975 multipli

121 4981 246 5038 eruntin
268 4989 404 5053 presente
419 4986 548 5056 quolibet
566 4999 650 5044 anno.
674 4987 703 5043 84
728 4992 822 5043 autem
851 4991 943 5045 tolum
997 4992 1065 5063 4444,
1082 4989 1382 5068 44447,800[’4,680].
1396 4994 1465 5050 Item
1477 4989 1512 5050 60
1527 4992 1622 5051 vicies
1637 4988 1823 5066 quaterducti

122 5082 271 5127 numerum
280 5068 486 5141 perIpartitns
501 5072 632 5148 iueris,I
647 5080 849 5133 concurrentes
859 5079 944 5134 erunt
999 5077 1080 5152 4,440
1104 5081 1187 5139 dunt.
1210 5083 1302 5140 Simul
1333 5087 1429 5141 antem
1455 5087 1484 5139 et
1507 5082 1671 5154 predIctus
1697 5092 1823 5142 numerat

122 5159 215 5217 inille
227 5171 312 5231 anno,
331 5165 359 5216 et
373 5174 403 5216 rx
415 5161 477 5217 IIai.
492 5161 560 5235 apr.
580 5164 703 5222 sabbato
726 5171 811 5223 erunt
832 5166 863 5222 in
892 5165 944 5223 iilo
997 5166 1080 5242 8,640
1095 5170 1177 5228 4444.
1191 5174 1260 5228 Item
1283 5169 1402 5228 5444444
1424 5175 1536 5243 quater,
1552 5170 1598 5228 rel
1621 5168 1661 5229 84
1675 5169 1822 5244 quinquies

120 5263 205 5309 anuo.
860 5289 868 5306 .
998 5258 1079 5316 ducti
1092 5257 1142 5316 480
1152 5263 1230 5317 4444.
1245 5260 1302 5317 ilos
1314 5260 1396 5316 mitte
1418 5273 1507 5332 supra
1519 5272 1680 5318 numerum
1696 5256 1823 5333 suprsti-

332 5338 560 5396 Dedin‘sionibns
570 5346 729 5413 nuperum.
999 5352 1088 5418 ctum,
1104 5348 1177 5406 dunt
1198 5348 1287 5407 simul
1309 5346 1402 5420 8,ldd.
1418 5350 1471 5407 Tot
1495 5349 1574 5407 bore
1594 5355 1668 5408 sunt
1692 5351 1725 5408 ln
1749 5358 1820 5406 anno.

155 5428 307 5487 LXXXIX
328 5429 492 5487 0444444444
512 5434 670 5501 temporum
692 5430 725 5489 46
749 5435 832 5490 sant:
850 5433 880 5491 id
902 5437 946 5492 est
999 5438 1150 5509 Propterea
1159 5442 1254 5497 autem
1266 5435 1419 5496 9445444444
1431 5441 1536 5510 quaer
1545 5437 1745 5510 multiplicrri
1760 5433 1824 5495 dixi·

120 5522 243 5593 atomus,
255 5524 440 5594 momentum,
457 5519 612 5594 minutum,
623 5526 772 5595 puuctum,
784 5524 864 5597 bora,
878 5538 946 5599 qna·
1002 5540 1077 5601 mus,
1089 5524 1202 5601 444484
1215 5529 1294 5589 bore
1306 5533 1375 5589 sunt
1394 5527 1424 5587 in
1438 5525 1451 5584 4
1465 5529 1515 5589 444
1529 5528 1674 5603 44444444,
1688 5529 1779 5588 idest
1791 5526 1825 5583 ir
