3876 6090
648 261 831 325 aasentias
850 269 870 324 l.
1556 266 1611 330 ppo

92 407 119 466 a,
141 393 254 466 salicta,
271 392 358 464 riuos,
380 405 480 466 aquas,
504 403 613 450 necnon
634 387 775 464 aque-A
788 392 1607 472 autexeisdemvenerabilibusiocislureaiienare3sed

92 487 148 541 reta
170 496 236 540 cnm
262 482 365 554 vineis,
389 482 597 554 appendicibus
621 481 685 540 suis
706 485 736 538 ei
790 495 841 539 uec
854 483 942 541 uilam
960 483 1127 542 violentiam
1145 486 1265 556 lactura
1285 487 1391 544 ibidem
1407 487 1513 546 inierre
1533 503 1610 560 pre-

92 587 145 645 que
159 572 280 629 familiis
295 573 330 629 ad
349 586 398 631 eos
412 573 584 647 generaliter
605 572 635 630 in
658 572 737 629 inte-
790 576 903 644 sumat,
927 572 1024 644 potine
1046 578 1141 631 autem
1162 574 1259 633 omnia
1275 575 1334 633 baec
1352 577 1487 648 superius
1500 590 1611 634 aunem

92 660 247 733 luentibus,
274 662 352 720 sicut
373 676 391 719 a
418 663 657 734 predecessorum
682 673 737 718 no-
791 659 845 717 sub
856 674 953 719 annua
967 667 1072 721 unctae
1087 669 1191 722 nostrae
1202 664 1336 722 Ecclesiae
1351 666 1535 736 persolvenda
1548 679 1614 739 peu.

92 754 167 809 trum
181 764 231 822 per
243 750 396 824 priuilegia
409 756 513 808 sanctas
528 748 738 808 reeordationis
792 749 884 815 sione,
900 764 952 809 nec
966 765 1021 811 uon
1042 756 1071 810 et
1084 758 1198 811 centum
1212 755 1298 825 erie
1317 755 1417 811 eleison
1435 769 1487 826 pro
1505 755 1615 813 nostris

92 840 148 898 lani
159 841 302 912 quondam
316 854 395 911 papae
408 841 500 898 eidem
513 839 668 898 venerabili
682 851 739 895 mo·
793 837 975 899 iecinoribus
988 842 1216 915 exclamandum,
1231 844 1274 900 sic
1286 857 1336 915 per
1350 845 1438 916 buJus
1453 845 1544 902 nostri
1559 846 1616 916 prl-

92 929 229 986 miirmata
245 932 313 985 sunt
330 929 523 1000 auctoritate3
538 934 567 985 et
581 929 658 986 sicut
674 926 740 999 pri·
793 928 894 1003 aileqii
909 930 1042 1005 paqlnam
1056 944 1090 988 ac
1103 933 1276 991 auctoritate
1292 933 1403 991 domini
1426 934 1517 991 nostri
1540 933 1616 991 beati

92 1017 739 1089 aucabipsovenerabilimonasteriopossessa
794 1018 870 1076 Petri
883 1019 1619 1094 principisapostolorumsubjnreetditionelpsius

92 1112 217 1167 amenter
237 1121 255 1164 a
280 1107 412 1178 presenti
436 1106 547 1164 decima
569 1104 738 1178 indictione,
797 1108 963 1166 monasterii
976 1109 1140 1182 perenniter
1153 1113 1343 1182 permanenda
1357 1112 1571 1186 confirmamus,
1584 1112 1619 1170 ad

92 1196 182 1257 tsitati
209 1197 326 1269 tuisque
349 1196 565 1254 suecessoribus
588 1195 741 1254 abbatibus
796 1196 908 1255 landem
923 1198 1121 1272 Redemptorls
1140 1201 1231 1258 nostri
1250 1201 1365 1259 Domini
1387 1215 1438 1273 pro
1453 1201 1621 1260 substenta-

92 1286 198 1345 lasterii
224 1285 254 1342 in
276 1289 445 1357 perpetuum
467 1284 653 1344 concedimus
669 1285 742 1343 deti·
796 1287 875 1344 tione
885 1289 1102 1362 monachornm,
1115 1289 1178 1347 iilic
1190 1290 1254 1361 eius
1264 1291 1365 1348 matris
1377 1291 1506 1349 Dominae
1515 1297 1620 1350 nostrae

92 1374 434 1433 rbeavideiicetratione
448 1374 740 1433 ntomuibusdiebus
797 1376 985 1435 seruientium
1012 1377 1181 1448 clementiae,
1212 1385 1354 1454 quatenns
1377 1380 1431 1438 boc
1452 1381 1621 1439 benedcium

92 1465 181 1524 adum
198 1465 293 1536 ipsum
312 1465 478 1522 constiterit
497 1463 658 1522 venerabile
676 1477 741 1522 mo-
796 1465 890 1537 ipsius
908 1467 959 1524 bei
977 1464 1079 1525 iamnli
1100 1469 1207 1542 adepti,
1231 1469 1322 1528 nostrl
1343 1483 1480 1529 memores
1502 1471 1532 1527 lu
1555 1471 1620 1529 suis

102 1554 283 1629 quotidianis
302 1553 416 1627 diebus,
433 1555 547 1627 quando
568 1552 740 1612 cantilenam
794 1554 920 1614 existant
938 1555 1049 1615 crebris
1069 1556 1261 1632 orationibus,
1283 1560 1378 1631 ipsum
1398 1559 1488 1618 Deum
1504 1563 1619 1618 centum

92 1646 220 1703 neodem
241 1650 340 1702 sancto
356 1644 538 1715 monasterio,
561 1659 613 1718 pro
634 1645 741 1702 remis-
795 1645 880 1714 llprie
898 1646 998 1703 eleison
1020 1647 1175 1706 exorando.
1199 1649 1263 1706 llaec
1283 1663 1349 1708 aero
1375 1650 1472 1707 omnia
1494 1663 1512 1708 a
1535 1650 1620 1708 uobis

92 1737 200 1792 ntorum
221 1738 384 1792 nostrorum
404 1738 518 1792 centum
537 1735 622 1804 ltprie
640 1734 741 1790 eleison
755 1716 782 1778 Β
795 1734 979 1794 corroborata
994 1736 1024 1794 in
1047 1742 1216 1809 perpetuum
1235 1738 1410 1797 immutilata
1429 1733 1632 1811 permanenda,

104 1818 254 1882 studeatis.
283 1825 341 1882 llos
368 1838 434 1883 uero
463 1838 561 1883 omues
589 1823 741 1897 predictos
796 1826 952 1883 sancimus.
968 1825 999 1883 Si
1012 1827 1081 1898 quis
1094 1832 1201 1900 antem,
1216 1828 1291 1900 quod
1307 1842 1364 1885 non
1379 1834 1521 1900 optamus,
1539 1834 1622 1887 teme·

104 1914 207 1973 uncias
221 1914 377 1971 existentes
390 1928 425 1971 ex
440 1928 558 1986 corpore
573 1913 740 1986 patrimonii
797 1918 876 1972 rator
884 1914 1031 1973 exstiterit
1040 1916 1076 1973 de
1086 1915 1133 1973 bis
1142 1930 1229 1987 quaea
1239 1916 1323 1974 nobis
1334 1917 1620 1988 piacousideratione

92 2003 201 2062 inonsis
220 2004 299 2075 juris
321 2009 427 2062 sancte
448 2005 591 2077 liomanae,
615 2005 663 2062 cui
684 2005 742 2062 Deo
795 2003 963 2061 confirmata
986 2009 1064 2077 snut,
1087 2005 1160 2063 scial
1178 2018 1209 2062 se
1228 2005 1340 2063 domini
1365 2006 1457 2063 nostri
1480 2005 1622 2079 principis

92 2093 244 2166 servimus,
268 2093 413 2165 Ecclesiae,
437 2093 583 2166 babentes,
608 2095 650 2151 ita
674 2105 742 2151 sane
795 2093 991 2164 apostolorum
1001 2093 1077 2152 beati
1088 2094 1164 2152 Petri
1174 2094 1347 2153 auctoritate
1361 2095 1552 2153 anathematis
1561 2096 1623 2153 vin-

92 2197 156 2257 rque
171 2183 388 2241 successoribus
401 2183 555 2241 abbatibus
569 2183 661 2241 sancti
677 2196 743 2240 mo-
795 2181 862 2240 culo
877 2181 1058 2256 innodatum,
1072 2188 1102 2241 et
1119 2197 1185 2243 cnm
1203 2183 1320 2242 diabolo
1333 2188 1362 2242 ei
1380 2182 1515 2242 omnibus
1529 2188 1622 2245 teten-

91 2272 179 2348 rquiis
191 2272 356 2345 quibusque
369 2273 582 2331 indictionibus
595 2272 742 2344 pensionis
796 2271 881 2329 rimis
892 2271 1005 2343 pompis
1012 2272 1085 2345 eius,
1097 2276 1184 2345 atque
1192 2286 1258 2330 cum
1270 2272 1342 2330 Juda
1355 2273 1494 2330 traditore
1502 2273 1618 2331 Domini

92 2361 213 2421 ,ionibus
224 2373 240 2406 t
250 2362 456 2420 ecciesiasticis
468 2376 488 2418 x
502 2362 567 2421 auri
580 2362 669 2420 solidi
683 2374 743 2434 per·
796 2361 889 2418 nostri
903 2361 969 2418 lesu
981 2360 1090 2421 cbristl
1105 2361 1136 2417 in
1150 2365 1286 2419 amanum
1302 2361 1538 2434 inexstinguibili
1553 2363 1621 2435 ique

92 2449 259 2509 difficultate
269 2452 427 2523 postposita
438 2451 528 2524 omni,
537 2466 601 2525 qna
611 2451 743 2525 indigent
797 2449 975 2523 colligatum.
985 2449 1074 2507 Porro
1088 2449 1140 2523 qui
1154 2453 1252 2508 custos
1263 2456 1292 2509 et
1301 2450 1467 2508 obseruator
1475 2450 1620 2509 exstiterit

95 2555 169 2616 ,seu
185 2542 336 2599 meliorare
348 2541 484 2614 predicta
496 2541 558 2599 loca
572 2541 744 2601 indifferen—
797 2538 999 2610 bulusnostrae
1008 2539 1388 2614 apostolioeinstitutionis,
1399 2553 1487 2612 quea
1496 2537 1581 2597 nobis
1590 2539 1621 2597 iu

92 2644 112 2689 e
126 2630 217 2690 dubio
237 2631 398 2703 procuretis
414 2630 584 2703 efficaciter,
606 2630 744 2704 nullaque
799 2628 863 2699 ipso
874 2626 1032 2686 rencmbili
1046 2628 1219 2686 monasterio
1233 2641 1367 2686 concessa
1381 2631 1435 2693 est,
1449 2627 1624 2686 benedictio·

92 2720 238 2779 ldandam
253 2734 349 2777 annue
364 2721 528 2792 pensionem
540 2733 557 2778 a
568 2720 651 2778 nobis
665 2734 744 2779 mora
800 2717 847 2775 uis
866 2717 987 2790 qratiam
1006 2718 1153 2789 vitamque
1169 2722 1302 2774 aeternam
1316 2731 1333 2774 a
1351 2717 1623 2777 misericordissimo

107 2810 156 2869 sed
178 2809 348 2867 actionariis
369 2815 473 2866 sanctae
495 2813 599 2867 nostre
612 2809 745 2867 Ecclesia
799 2805 856 2862 beo
869 2810 969 2862 nostro
982 2816 1078 2863 eoram
1093 2805 1203 2863 sanctis
1214 2804 1350 2863 omnibus
1365 2809 1516 2863 mercatur.
1540 2851 1545 2861 ,

92 2912 141 2957 ore
176 2898 363 2970 persolvatur.
398 2899 560 2956 Statueutes
587 2899 745 2969 apostoliea
835 2893 978 2964 scriptum
1000 2908 1051 2964 per
1072 2907 1175 2951 manus
1194 2894 1395 2966 cbristopbori
1418 2896 1569 2954 seriniarii
1594 2897 1625 2954 iu

92 2986 122 3045 rb
136 2974 335 3044 ⁵anathematis
363 2987 576 3053 interdictione,
600 2991 630 3044 et
651 2986 744 3044 divini
801 2994 897 3039 mense
913 2981 1060 3052 ianuario,
1081 2981 1241 3039 indictione
1261 2979 1304 3040 to.
1325 2983 1398 3041 liene
1417 2985 1517 3042 valete.

92 3076 296 3146 estationibus,
311 3076 385 3133 nulli
400 3089 525 3148 unquam
540 3077 625 3133 liceat
637 3062 785 3133 nostroG
834 3069 938 3128 Datum
953 3069 1126 3127 xllaleudas
1138 3069 1287 3128 Februarii
1303 3084 1353 3142 per
1367 3084 1468 3131 manus
1480 3073 1623 3144 Theodori

92 3178 197 3224 uorum
210 3167 337 3235 Patrem,
351 3165 393 3222 vel
406 3165 470 3221 aliae
480 3178 589 3237 magnae
598 3177 747 3236 parvaeque
802 3159 1023 3219 nomenclatoris
1043 3164 1149 3217 sanctae
1170 3160 1247 3218 sedis
1267 3159 1442 3234 apostolica,
1466 3161 1626 3233 imperante

92 3267 122 3313 ax
134 3255 208 3326 ipsis
223 3254 307 3324 locis,
324 3253 423 3312 tundis
436 3259 464 3311 et
480 3253 635 3324 casalibus,
654 3267 748 3326 quaea
802 3251 906 3310 domno
920 3248 1063 3306 ludovico
1079 3248 1212 3320 piissimo
1229 3247 1359 3321 Anqusto
1380 3249 1467 3308 alteo
1487 3254 1625 3308 coronato

92 3356 180 3401 omno
192 3343 319 3400 Adriano
335 3357 407 3414 papa
421 3343 488 3400 data
503 3347 581 3414 snut,
595 3346 623 3399 et
635 3355 652 3399 a
664 3342 749 3399 uobis
803 3353 905 3413 maqno
916 3337 1035 3410 paciaco
1048 3338 1219 3410 imperatore
1225 3350 1300 3396 anuo
1306 3335 1333 3410 3,
1340 3344 1369 3396 et
1378 3338 1550 3409 patriciatus
1558 3339 1623 3410 ejus

92 3474 105 3507 .,
120 3432 198 3490 sicut
216 3431 352 3504 superius
375 3432 491 3505 legitur,
508 3433 540 3490 in
559 3433 702 3506 integrum
718 3432 749 3489 in
803 3442 879 3488 anuo
892 3427 921 3502 3,
934 3427 1094 3488 indictione
1108 3424 1152 3486 40.

92 3522 180 3581 litate
199 3522 292 3579 sancti
310 3523 489 3594 monasterii,
507 3523 622 3595 penitus
637 3521 751 3580 auterre

92 3628 142 3689 lus
155 3630 351 3695 ammantibus,
370 3634 421 3687 aut
432 3631 604 3695 damete,
618 3632 651 3687 ut
663 3626 748 3686 inira.

736 3942 822 4046 lli.

451 4189 996 4323 rascatius
1048 4182 1111 4315 I.

329 4533 351 4588 l.
769 4517 886 4584 Dvenit
900 4529 953 4574 nos
967 4511 1105 4587 pastorali
1120 4515 1180 4569 tota
1195 4508 1299 4567 mentis
1312 4506 1451 4566 aviditate
1463 4506 1629 4565 eorumdem

808 4603 1155 4664 venerabiiiumlooorum
1163 4600 1295 4658 maxime
1304 4595 1473 4657 stabilitatis
1483 4596 1633 4670 integrita-

92 4672 153 4717 *¹¹¹⁵
167 4672 274 4716 ”um
286 4672 338 4715 ⁹¹³⁰
352 4668 524 4714 mmmm
537 4663 680 4711 “mm
809 4701 866 4753 tem
879 4705 1043 4767 procurare,
1057 4696 1086 4749 et
1097 4689 1197 4748 sedule
1208 4702 1307 4747 eorum
1325 4686 1484 4746 utilitatum
1498 4685 1632 4745 subsidia

251 4764 342 4838 (Anno
361 4760 435 4835 8⁴7·)
811 4785 874 4842 illle
892 4780 1031 4852 conterre,
1050 4784 1084 4838 nt
1098 4781 1156 4837 lieo
1175 4781 1273 4836 nostro
1293 4777 1482 4849 omnipotenti
1503 4777 1531 4834 ld
1553 4776 1629 4849 quod

92 4875 244 4948 retortum,
260 4875 322 4930 lter.
336 4873 400 4929 ital.
420 4870 519 4941 Scapt·
537 4869 576 4932 H,
592 4879 624 4930 11,
639 4859 753 4938 1)·347·]
809 4889 861 4947 pro
873 4872 1036 4946 einssancti
1046 4869 1289 4941 nominisamore,
1299 4866 1431 4939 etlaude,
1443 4865 1632 4940 atqueqlorla

92 4982 561 5055 asepiscopns,servusservorum
572 4972 634 5045 Dei,
647 4971 753 5029 dilecto
808 4953 1632 5035 elusdiuinamaiestatis,ejusvenerabilibnsnosoertum

92 5088 99 5130 l
121 5071 183 5134 tito
197 5074 331 5129 luconnno
345 5069 441 5127 abbati
467 5063 634 5124 monasterii
650 5066 755 5120 sanctae
809 5063 852 5116 est
861 5051 1019 5115 contulisse
1028 5049 1113 5121 locis,
1123 5048 1221 5120 sitque
1231 5043 1406 5117 acceptabile
1415 5044 1510 5117 nobis,
1524 5058 1587 5118 que
1596 5044 1631 5102 ad

92 5162 129 5222 od
140 5161 298 5234 poniturin
308 5160 400 5229 Faria,
410 5159 440 5215 in
453 5158 515 5215 loco
526 5156 576 5228 qui
589 5153 755 5213 nominatur
809 5139 1134 5221 ejusiocupletissimam
1141 5131 1631 5234 misericordiamdiqnabujusmodi

92 5286 95 5305 .
111 5251 229 5324 tuisque
244 5247 459 5308 successoribus
475 5246 505 5302 in
520 5249 699 5317 perpetuum.
810 5232 991 5311 plioperisin
1001 5227 1124 5287 sidereis
1131 5220 1419 5284 conteraturarorbus
1428 5225 1631 5278 remuneratio.

92 5353 163 5415 aqna
181 5339 381 5399 sollicitudine
400 5336 485 5395 nobis
504 5335 594 5393 instat
613 5346 683 5391 cura
704 5344 755 5403 pro
810 5313 1534 5401 lqiturquiapetistisanobisquatenusexnostra
1547 5308 1633 5381 iarqi·

92 5431 144 5489 bei
165 5429 303 5488 licolesiis
321 5442 354 5486 ac
366 5427 450 5486 bonis
465 5425 537 5483 locis
555 5421 707 5496 vigilandi,
721 5434 757 5477 ne
811 5420 869 5474 tato
883 5418 1040 5483 nostroque
1052 5409 1128 5466 dono
1142 5404 1361 5463 concederemus
1372 5404 1472 5458 nestra
1483 5395 1634 5469 religiosi-

92 5520 408 5590 teeessitatisjaoturam
421 5515 593 5584 sustineant,
605 5511 653 5568 sed
666 5509 759 5582 magis
814 5504 865 5562 tati
876 5495 1140 5559 monasteriiaestri
1151 5484 1634 5558 mnurmationcm,eommdemqne

92 5609 218 5669 utilitatis
226 5608 372 5681 stipendia
380 5599 686 5678 consequentnr3ideo
697 5611 762 5655 con·
814 5594 955 5652 bonorum
971 5601 1036 5661 que
1057 5585 1142 5644 babet
1161 5582 1264 5641 amodo
1282 5585 1313 5637 et
1333 5573 1498 5634 babituram
1521 5570 1580 5628 erit
1600 5571 1633 5630 in
