3876 6090
181 198 231 260 794
873 195 1038 253 STEPHANI
1058 198 1155 254 inita
1175 202 1196 255 ι’
1836 190 1891 250 '192

182 327 331 387 Nicolaum
349 326 430 382 misit
447 328 595 397 episcopos
609 341 673 383 cum
690 326 797 383 litteris
813 327 1005 396 imperatoris,
1021 327 1050 387 Α
1063 328 1172 383 uissent
1195 328 1270 398 quod
1294 329 1395 385 beatus
1408 328 1537 401 ignatius
1559 327 1616 397 jam
1631 326 1803 381 demortuus
1817 331 1891 389 erat,

182 406 210 456 et
221 398 347 470 petiitab
358 397 605 469 illolegatcsmitti
618 400 651 454 ad
662 398 1007 468 constantinopolitanam
1062 399 1256 456 Plictiusillos
1277 400 1444 456 muneribus
1459 405 1608 468 corruptos
1622 397 1744 466 decepit,
1762 402 1792 451 et
1808 396 1892 465 impe

182 471 349 537 Ecclesiam,
364 470 414 539 qui
431 472 710 540 perpenderentquac
728 471 790 539 ipse
811 473 909 524 contra
922 471 1008 540 lgiia-
1062 470 1167 524 ratcris
1189 473 1276 526 minis
1297 473 1400 554 coegit,
1415 476 1447 526 ut
1466 471 1595 527 dicerent
1609 481 1703 524 coram
1725 467 1805 523 omni
1818 467 1892 524 clero

183 542 256 597 tium
277 550 416 612 gesserat:
444 540 518 608 Quod
547 539 652 596 factum
676 545 727 596 est.
746 540 826 596 ilissi
849 543 924 595 enirn
941 544 1008 594 sunt
1062 545 1089 594 et
1104 542 1257 611 episcopis,
1269 549 1296 598 et
1308 543 1419 612 reliquo
1431 541 1535 611 populo
1550 540 1623 609 quod
1636 545 1735 594 contra
1750 537 1891 608 ignatium

181 610 559 667 Itbadoaldusctzacbarias
569 625 632 666 cuin
646 610 889 666 commendatitiis
902 610 1008 666 litteris
1062 611 1201 668 atonnne
1226 626 1295 682 papa
1311 620 1405 668 essent
1427 612 1519 674 missi,
1550 616 1581 666 ut
1606 609 1688 666 illum
1714 607 1892 664 anathemate

182 681 217 739 ad
236 681 401 737 llicliaelem
423 681 620 763 imperatorem
633 686 661 736 ct
679 681 822 738 Piiotium.
838 682 932 752 Legati
950 681 1008 735 ita-
1063 681 1241 745 damnarent,
1261 690 1289 738 et
1303 684 1436 740 Pliotium
1459 681 1648 753 patriarcham
1665 677 1889 750 promulgarent

184 765 240 825 que
251 765 316 808 cuni
330 751 770 820 Constantinopolimvenissent,
784 759 952 835 congregata
965 755 1008 806 est
1062 750 1241 823 Quapropter
1271 754 1401 824 plerique
1437 752 1701 810 comministrorum
1728 757 1891 806 nostrorum

182 822 319 894 synodus,
330 829 358 877 et
371 823 454 893 legati
468 821 601 877 subducti
614 822 757 892 quidema
773 822 873 878 Photic
885 823 1008 878 muneri·
1063 830 1131 877 sunt
1152 824 1273 894 decepti.
1299 826 1350 880 lile
1373 837 1438 880 vero
1459 825 1544 879 etiarn
1560 829 1682 878 vestram
1705 819 1892 891 apostolicam

182 891 247 962 bus,
258 893 421 948 ministero
435 892 471 947 ab
485 893 664 962 imperatore,
682 893 756 948 nibil
768 892 895 949 fecerunt
909 906 1006 949 eorum
1062 893 1156 948 sedem
1176 893 1328 951 fraudibus
1346 896 1460 951 eludere
1477 894 1585 961 rolens,
1600 892 1712 948 litteras
1731 890 1892 961 composuit

224 977 247 1019 ae
283 963 355 1033 ipsis
384 961 497 1018 fuerant
533 963 674 1035 mandata,
710 965 757 1020 sed
789 964 885 1033 potius
922 966 1009 1035 lgna·
1063 965 1290 1037 uominelgnatii
1336 962 1892 1033 atriarctia:etcomministrorumeius,

182 1032 679 1103 tumdamnariint,Pb0tiumi·ero
698 1041 805 1106 contra,
824 1040 1007 1105 praeterpon·
1061 1035 1169 1158 mnibus
1196 1036 1296 1092 orabat
1352 1037 1523 1093 atitudinem
1557 1032 1721 1104 apostolicae
1744 1032 1834 1101 sedis,
1864 1038 1897 1088 ut

181 1103 452 1170 tldcismandatum,
465 1103 495 1157 in
509 1104 694 1173 patriarchali
706 1105 771 1160 sede
781 1105 1005 1173 confirmarunt3
1084 1105 1193 1161 botiuni
1207 1109 1361 1178 reciperet,
1373 1113 1402 1163 et
1420 1107 1471 1161 bas
1489 1105 1601 1162 litteras
1617 1104 1651 1159 ad
1673 1117 1726 1161 nos
1741 1102 1893 1159 miserant.

181 1178 209 1231 et
222 1173 781 1243 itaadapostolicamsedemcnmiitteris
792 1175 830 1231 iin
869 1175 1007 1231 ratcriset
1061 1176 1346 1246 QuapropterPetius
1361 1175 1622 1248 presbyterarobis
1635 1175 1664 1231 in
1676 1174 1779 1230 urbem
1788 1174 1900 1246 regiam

181 1244 276 1300 Photii
294 1248 361 1301 sunt
383 1244 498 1300 reversi.
520 1245 639 1314 Quando
663 1245 775 1302 scilicet
800 1260 859 1303 zea
881 1245 1004 1317 quodam
1061 1249 1263 1305 cumvenisset
1281 1263 1346 1306 cunt
1370 1249 1457 1305 Paulo
1479 1253 1507 1304 et
1535 1246 1673 1318 Eugeuio,
1696 1244 1837 1301 Photiuni
1861 1244 1901 1300 ab

180 1315 727 1388 motusmonacbusilleflieognostus,
764 1317 1006 1373 uictarctiiman-
1059 1317 1216 1386 apostolica
1257 1315 1902 1390 senoreceptumpromulgarunttttnccapia

178 1385 266 1453 drita,
281 1385 353 1441 elain
369 1386 455 1441 etiarn
470 1386 592 1456 ipsesub
612 1389 729 1443 mentita
742 1333 932 1443 (laicaliveste
944 1387 1006 1442 ilo-
1059 1388 1208 1445 occasione
1241 1392 1326 1446 etiarn
1354 1391 1487 1460 politicas
1516 1402 1601 1445 curas
1630 1388 1660 1443 in
1695 1400 1727 1443 se
1756 1386 1904 1457 suscepit,

179 1455 466 1527 mamprodciscitur,
478 1462 506 1512 ct
517 1457 731 1514 sanctissimum
744 1458 892 1514 Nicolaum
903 1470 1003 1528 papam
1059 1464 1087 1513 et
1123 1460 1162 1515 ita
1202 1463 1308 1532 regiani
1348 1464 1513 1531 potestatem
1552 1471 1693 1528 usurpare
1735 1457 1908 1514 contende-

80 1544 82 1549 ·
178 1527 213 1583 de
229 1527 275 1582 bis
296 1527 430 1583 omnibus
444 1527 526 1584 docet
539 1527 754 1600 quaebdrersus
768 1529 909 1601 Ignatium
926 1531 1003 1598 gesta
1059 1529 1115 1584 bat.
1131 1529 1304 1588 abbatulum
1319 1533 1395 1587 enirn
1418 1530 1567 1602 quemdam
1595 1528 1764 1612 ignobilem,
1787 1533 1818 1585 et
1841 1526 1909 1583 bii-

179 1595 300 1653 fuerant.
330 1596 509 1668 Quapropter
535 1598 672 1671 pontifex,
699 1607 868 1672 congregata
883 1600 1001 1669 synodo,
1061 1601 1156 1655 mitem
1172 1607 1257 1672 atque
1284 1604 1453 1671 malellcuni,
1471 1600 1527 1658 sibi
1549 1600 1749 1656 familiaritate
1769 1598 1908 1668 conluti-

178 1681 247 1725 suos
275 1669 382 1741 legatos
403 1668 597 1727 ltiiadcaldum
618 1675 646 1725 et
669 1672 832 1727 taenarium
856 1671 1003 1727 damnarit
1017 1671 1044 1731 Β
1060 1672 1113 1741 xit,
1143 1673 1226 1742 cuius
1250 1681 1329 1744 pater
1353 1674 1563 1730 santabarenus
1593 1675 1782 1743 cognomento
1814 1669 1908 1725 dice-

136 1765 138 1770 2
198 1738 252 1795 uod
274 1737 409 1796 fecissent
423 1744 524 1810 praeiei
536 1740 587 1796 illa
608 1755 669 1811 qua:
684 1742 741 1797 sibi
760 1741 873 1798 fuerant
891 1742 1003 1797 deman·
1060 1741 1153 1812 batur,
1193 1743 1368 1801 Manichacus
1408 1744 1523 1815 quidem
1559 1748 1644 1809 secla,
1691 1748 1721 1797 et
1753 1739 1908 1798 veneficus

177 1753 252 1866 gata.
274 1808 365 1866 dliam
387 1811 455 1893 item
475 1812 614 1882 synodum
641 1819 795 1885 congregat
818 1818 846 1868 et
870 1812 1000 1868 Pbotium
1059 1812 1245 1940 mrofessione,
1272 1817 1321 1886 qui
1351 1829 1416 1872 cum
1441 1814 1558 1888 agnitus
1586 1817 1670 1882 esset,
1698 1818 1729 1868 et
1751 1811 1821 1881 capi
1849 1811 1905 1867 dii·

178 1881 318 1937 uioecbum
343 1887 371 1936 et
392 1895 550 1937 invasorem
575 1883 755 1939 anathemate
774 1885 1004 1954 dannat31gna-
1080 1885 1173 1956 itaiet,
1205 1886 1238 1941 ad
1282 1887 1418 1957 bulgaros
1446 1884 1577 1956 confugit
1607 1884 1701 1940 adbuc
1734 1882 1903 1953 impietatis

178 1950 250 2007 tium
262 1965 328 2008 vero
340 1958 439 2007 contra
452 1952 642 2022 patriarcham
655 1953 1003 2025 constantinopolitanum
1059 1955 1157 2012 inorbo
1191 1956 1362 2025 laborantes,
1401 1957 1451 2014 iibi
1475 1956 1525 2012 ille
1558 1955 1797 2011 Christianorum
1831 1952 1900 2010 fidei

177 2021 286 2079 litteris
301 2023 364 2080 sitis
378 2022 513 2094 declarat,
536 2037 644 2080 necnon
660 2039 837 2098 quacunque
851 2030 929 2098 gesta
947 2023 1005 2080 fue
1058 2025 1280 2084 abrenuntiavit.
1303 2031 1393 2099 liujus
1408 2029 1505 2153 immac
1530 2026 1610 2083 illius
1624 2024 1784 2081 abbatulus
1797 2024 1899 2095 pratdi·

178 2098 327 2164 raut,tum
347 2094 673 2165 itictiaeliimperatori,
699 2103 758 2153 tuin
780 2097 882 2153 Pbotio
907 2101 1004 2166 aperte
1059 2103 1123 2153 ctus
1146 2097 1392 2170 Constantinopoli
1422 2099 1456 2155 ad
1482 2111 1516 2154 uc
1547 2097 1662 2169 tarenis
1698 2107 1824 2151 manens
1845 2100 1897 2151 tra

179 2163 363 2238 significarit.
381 2166 450 2221 cuin
464 2178 530 2222 vero
547 2172 611 2237 post
624 2168 788 2224 tiicliaelem
809 2169 844 2223 ad
864 2168 1002 2223 Basiliam
1059 2169 1140 2225 ditur
1167 2169 1346 2226 studitarum
1370 2169 1544 2227 monasterio
1563 2182 1579 2223 a
1605 2166 1696 2223 Barda
1720 2166 1847 2236 Caesare,
1870 2171 1894 2222 et

178 2235 295 2305 imperil
311 2242 454 2306 sceptrum
464 2237 635 2305 devenisset,
649 2238 749 2295 divino
763 2239 822 2296 zelo
835 2244 929 2295 inotus
942 2239 1002 2308 ille,
1061 2238 1101 2295 ibi
1118 2239 1217 2297 alitur.
1239 2242 1309 2298 Cum
1329 2256 1394 2298 iero
1412 2241 1447 2297 ad
1463 2239 1614 2310 perlectam
1627 2237 1758 2294 yenissst
1772 2240 1889 2306 ιιιιιιι,

177 2313 238 2362 acta
250 2320 314 2377 qua:
327 2307 356 2362 in
381 2306 451 2363 urbe
472 2308 585 2364 Romaa
601 2321 670 2378 papa
694 2310 813 2366 Nicolao
828 2318 905 2380 gesta
925 2314 1003 2379 sunt,
1060 2317 1088 2367 et
1102 2324 1213 2368 omnem
1234 2313 1417 2383 iniquitatem
1432 2312 1559 2380 calleret,
1575 2309 1702 2365 adbaeret
1725 2307 1835 2364 Pbctic
1846 2321 1890 2364 siit

174 2376 211 2434 de
230 2377 326 2458 lfiiotii
345 2378 485 2447 ejectione
494 2385 522 2434 et
538 2380 597 2435 del
620 2379 690 2435 natii
710 2380 893 2436 restitutione
905 2381 1005 2436 confir·
1061 2381 1163 2452 simili,
1178 2397 1260 2453 quein
1276 2384 1396 2440 Pbotius
1408 2383 1581 2440 sacerdotem
1597 2379 1746 2436 ordinavit
1759 2378 1791 2434 ln
1806 2379 1888 2449 priori

178 2452 275 2514 mavit,
289 2453 316 2503 ιι
329 2449 470 2574 lmnatium
484 2449 519 2504 ab
539 2395 643 2505 exsilio
658 2452 809 2521 revocavit,
824 2458 851 2506 et
871 2451 1004 2507 Plotium
1061 2452 1112 2508 iila
1139 2467 1191 2510 sua
1215 2455 1376 2510 intrusione
1397 2456 1431 2510 ad
1462 2450 1682 2523 patriarchalem
1708 2448 1887 2521 dignitatem.

176 2517 338 2589 patriarcba
355 2518 363 2573 i
379 2519 445 2574 sede
463 2520 557 2590 ejecit,
571 2525 599 2575 et
612 2520 648 2575 ab
661 2526 782 2591 utraque
799 2527 888 2591 parte,
900 2523 1004 2592 ignatii
1059 2523 1129 2579 Cum
1142 2537 1208 2580 iero
1223 2526 1370 2582 l’botiusa
1385 2523 1573 2595 patriarchali
1588 2523 1654 2578 sede
1665 2520 1774 2577 fuisset
1789 2521 1888 2591 ejectis

175 2585 310 2643 videlicet
331 2590 477 2659 etPiiotii,
494 2590 520 2646 le
539 2597 601 2646 atos
618 2605 673 2647 una
688 2605 753 2648 cuin
773 2592 880 2648 litteris
895 2592 1003 2649 suisad
1060 2599 1124 2664 post
1144 2597 1326 2652 oecumenicae
1349 2596 1450 2666 synodi
1470 2593 1739 2665 promulgationem,
1762 2589 1891 2648 santaba-

176 2657 362 2728 apostolicam
390 2660 483 2715 sedern
520 2606 686 2731 destinarit,
715 2663 830 2718 mittens
871 2669 1005 2733 praeterea
1060 2667 1210 2722 renitiiius
1221 2663 1674 2737 praedictusabbatulussuggerit
1686 2662 1793 2719 l’tictio
1804 2667 1837 2718 ιι
1848 2660 1890 2716 ali-

176 2726 341 2802 figmentum
354 2729 426 2786 illud
443 2730 539 2786 Pliotii
555 2733 762 2802 pseudosynodi
776 2733 912 2790 adversus
924 2734 1005 2790 Nico
1060 2752 1143 2806 quent
1163 2737 1303 2793 inveniret
1319 2739 1541 2793 domesticorum
1559 2733 1758 2804 imperatoris:
1777 2730 1891 2788 affirma·

176 2799 253 2885 ianm
271 2812 370 2869 papam
385 2801 434 2872 qui
452 2802 667 2884 ini'entusesta
683 2803 785 2874 legatis
803 2805 861 2860 vita
877 2805 1003 2860 functus.
1060 2806 1108 2863 bat
1132 2808 1207 2863 enirn
1230 2822 1279 2878 per
1295 2809 1370 2865 bunc
1393 2809 1497 2864 iterum
1513 2807 1646 2863 Piiotium
1664 2817 1695 2861 se
1718 2817 1803 2874 posse
1818 2802 1891 2859 resti·

172 2870 321 2953 ildriaiims
348 2885 414 2927 iero
438 2872 555 2930 Nicolao
580 2887 644 2929 cuni
669 2876 864 2941 successisset,
892 2881 1005 2932 ostensa
1061 2887 1149 2934 tuere.
1166 2881 1411 2951 inventusitaque
1429 2878 1554 2948 Nicetes,
1566 2880 1754 2950 cognomento
1765 2875 1888 2941 Plorans,

176 2940 300 2996 suntllli
337 2957 379 2998 uae
392 2943 479 2998 missa
495 2941 617 2999 fuerant.
630 2947 736 3001 lterum
752 2946 843 3017 igitur
860 2947 1004 3003 Adrianus
1061 2951 1110 3020 ιιι
1132 2945 1891 3020 multismnneribusdeoeptus,quaasantabmmo

215 3024 248 3082 pa
259 2956 376 3069 localem
392 3014 530 3097 synodum
552 3017 750 3088 congregavit:
771 3022 808 3085 et,
833 3019 928 3074 eadem
942 2990 1043 3089 qua:G
1060 3021 1183 3076 venefico
1200 3021 1307 3092 magica
1331 3021 1430 3092 pocula
1456 3026 1484 3077 et
1499 3020 1644 3077 esculenta
1659 3016 1777 3073 fuerant
1798 3021 1889 3086 parata

196 3087 277 3138 catus
303 3096 374 3153 papa
398 3085 543 3156 Nicotaus,
571 3087 708 3144 adversus
734 3088 878 3160 l‘iiotlum,
903 3090 1005 3145 decre-
1060 3106 1205 3162 apponens
1228 3093 1403 3162 imperatori,
1420 3091 1498 3163 fecit,
1519 3097 1551 3148 ut
1576 3089 1694 3147 Photius
1719 3086 1771 3144 ilie
1791 3100 1891 3143 exosus

175 3152 228 3208 rit.
244 3154 362 3236 Etcum
389 3155 521 3227 elegisset
557 3157 620 3227 pios
646 3158 733 3229 viros,
761 3159 1006 3230 Constantinopo-
1060 3163 1384 3220 amicusvideretnr:ct
1398 3163 1603 3220 sanctissimo}
1625 3160 1703 3216 natio
1717 3157 1892 3229 patriarcba-

176 3222 228 3279 lim
241 3230 340 3307 misit,
351 3230 382 3308 et
407 3229 581 3283 oecumenica
597 3230 704 3299 synodo
726 3237 907 3316 congregata,
930 3245 1006 3301 prae-
1060 3234 1114 3290 lem
1138 3235 1233 3290 sedern
1262 3240 1383 3305 tenente,
1417 3235 1549 3290 Photium
1580 3177 1623 3288 arf
1643 3229 1784 3301 palatium
1819 3241 1891 3284 reio

175 3294 306 3351 sentibus
320 3301 405 3351 etiam
431 3297 532 3369 legatis
546 3298 736 3356 Orientalium
752 3302 873 3371 sedium,
900 3308 1004 3358 iteruin
1060 3305 1136 3361 cavit
1169 3319 1203 3360 eii
1228 3318 1261 3361 ec
1296 3307 1358 3363 ioco
1388 3306 1439 3377 qai
1472 3306 1620 3377 Augustus
1642 3301 1766 3368 dicitur,
1803 3304 1832 3356 et
1862 3299 1889 3354 iu

175 3366 317 3422 sententia
341 3369 541 3440 promulgatur
565 3371 702 3427 adversus
716 3372 859 3429 Photium.
902 3375 956 3430 iicd
973 3382 1007 3430 ut
1061 3376 1167 3445 palatio
1191 3376 1421 3433 contubernalem
1451 3376 1585 3432 Ptiotium
1612 3373 1743 3441 babebat,
1763 3376 1796 3427 ut
1818 3370 1891 3426 Plio-

175 3436 640 3521 moecbusetadulterEcclesinm
660 3389 1003 3513 constantinopolitanam
1060 3448 1120 3503 tius
1146 3446 1237 3518 magis
1260 3453 1335 3503 esset
1368 3448 1529 3518 patriarcba
1562 3458 1646 3518 quarn
1671 3443 1801 3514 ignatius
1821 3441 1889 3511 ipse,

174 3504 322 3563 invaserit.
337 3507 515 3579 Quapropter
528 3512 722 3582 deponituret
736 3514 914 3570 anathemate
928 3516 1006 3571 dam·
1060 3519 1127 3573 licet
1154 3517 1183 3572 iii
1203 3519 1394 3587 ¹patriarcbali
1411 3520 1476 3575 sede
1500 3518 1561 3588 ipse
1589 3514 1718 3588 ignatius
1742 3512 1887 3569 resideret

177 3581 271 3645 natur,
289 3583 318 3633 et
336 3580 465 3648 ignatius
481 3583 654 3637 restituitur.
671 3585 727 3638 Nec
746 3588 838 3638 tannen
858 3591 1004 3655 propterea
1059 3589 1245 3659 Quapropter,
1274 3596 1306 3646 ut
1327 3603 1414 3660 supra
1441 3589 1580 3659 diximus,
1612 3585 1814 3642 ordinationes
1839 3583 1890 3638 ba-

175 3648 297 3705 l’bctius
311 3649 435 3772 mpietem
453 3649 564 3721 babuit,
578 3652 626 3707 sed
639 3653 756 3722 iniquos
771 3653 901 3710 liomines
910 3664 938 3711 et
950 3669 1004 3711 ma·
1060 3659 1153 3725 bebat,
1167 3664 1194 3714 et
1206 3659 1244 3713 ita
1261 3661 1458 3731 imperatorem
1478 3661 1614 3716 adversus
1628 3656 1773 3742 ignatium
1799 3653 1890 3711 irrita·

175 3717 305 3775 letlcoset
337 3723 685 3804 cceptoresncongregavit,
702 3729 729 3778 ct
742 3724 902 3806 calumnias
918 3726 1004 3783 falsas
1059 3731 1110 3798 vit,
1129 3735 1159 3784 ut
1177 3729 1203 3784 ci
1225 3731 1312 3787 vitain
1329 3732 1401 3788 male
1418 3731 1581 3788 abstulerit.
1600 3728 1655 3798 Qui
1675 3740 1740 3783 cnm
1757 3725 1798 3782 ita
1820 3723 1890 3780 male

174 3787 307 3860 fingendo
323 3801 378 3844 non
394 3788 688 3872 destititnuousque
702 3793 900 3851 beatissimum
918 3799 1004 3869 lgna·
1059 3799 1162 3856 fuisset
1181 3806 1322 3872 mortuus,
1336 3803 1433 3859 statim
1455 3801 1575 3858 Piiotiiis
1587 3799 1714 3870 ejusdem
1731 3797 1828 3854 sedem
1840 3808 1890 3852 oc-

174 3857 247 3913 tium
263 3857 350 3912 vitam
362 3858 465 3941 misere
480 3860 641 3944 relinquere
652 3865 824 3932 procuravit.
842 3867 937 3937 Neque
952 3869 1004 3924 iioc
1059 3871 1174 3940 cuparit
1200 3885 1295 3928 secum
1323 3873 1428 3930 babens
1448 3872 1671 3929 santabarenum
1696 3867 1783 3924 illuni
1808 3879 1888 3938 quern

175 3926 279 4000 salum,
308 3928 358 4012 sed
386 3933 474 3985 etiam
501 3930 568 3987 duin
600 3945 644 3988 ani
673 3935 801 4005 ignatius
831 3937 859 3991 in
888 3940 1004 4008 propria
1060 3942 1494 4011 imperatorifamiliarissimum
1507 3937 1889 4003 reddidil‚etEucbaitarniii

175 3997 241 4055 sede
260 3998 406 4054 resideret.
427 4000 549 4084 Pbotluus
566 3947 601 4058 ab
615 4006 789 4086 mcumeuica
803 4008 1005 4077 synododam-
1058 4027 1073 4068 ι
1096 4014 1222 4081 iscopum
1236 4015 1403 4085 constituit:
1425 4014 1551 4086 insignia
1566 4014 1651 4069 etiarn
1671 4010 1846 4065 monasteria
1860 4008 1889 4062 iii

175 4072 261 4126 uatus
284 4073 315 4152 et
343 4070 610 4157 anathematizatus,
636 4088 665 4159 m
688 4077 1004 4149 constantinopolitana
1058 4028 1312 4142 afiisdioeoesibus
1324 4087 1480 4143 constituta
1494 4090 1522 4140 et
1538 4085 1606 4141 aliis
1618 4080 1765 4152 episcopis
1775 4078 1889 4136 subdita

175 4138 295 4224 diaecesi⁸
306 4152 400 4197 varias
414 4141 514 4226 babuit
529 4144 734 4202 ordinationes.
746 4147 821 4217 Quin
837 4150 922 4205 etiam
937 4165 1002 4207 cnm
1057 4155 1093 4210 ab
1113 4154 1175 4210 iilis
1189 4155 1320 4223 abstulit,
1336 4171 1368 4213 ea
1390 4170 1426 4213 ue
1441 4157 1546 4212 tradita
1568 4152 1772 4220 santabareno,
1790 4157 1822 4207 ut
1841 4149 1889 4205 ilia

176 4209 297 4294 militari
318 4224 413 4283 manu,
430 4219 510 4298 sicut·
528 4217 670 4302 quondam
684 4217 852 4302 impimsille
872 4223 1004 4277 ttacedc-
1057 4226 1260 4283 Eucbaitarnm
1283 4228 1413 4284 Ecclesiae
1424 4233 1655 4300 aggregarentur,
1668 4227 1698 4278 et
1709 4221 1840 4292 episcopi
1860 4221 1888 4275 iii

175 4294 253 4351 iiius,
271 4296 299 4337 in
316 4289 441 4339 sanctam
461 4286 510 4340 liei
531 4287 685 4342 Ecclesiam
700 4288 837 4358 prosiliit,
857 4291 925 4346 dum
951 4306 1002 4349 nos
1058 4295 1119 4351 illis
1158 4310 1174 4351 a
1205 4299 1397 4355 santabareno
1427 4300 1638 4355 ordinarentur.
1677 4292 1889 4348 santabarenus

173 4352 365 4427 comministri
382 4368 493 4438 sacrum
506 4357 535 4440 im
546 4356 651 4441 celebri
662 4359 1001 4442 templctsanctatscpbiat
1017 4334 1191 4450 Dpraeterea
1212 4369 1266 4424 iste
1279 4383 1335 4425 iiiia
1352 4384 1417 4426 oiim
1441 4369 1542 4425 Pltctio
1563 4368 1700 4423 adversus
1723 4364 1887 4434 piissimum

173 4422 341 4508 faceremus.
356 4423 487 4508 Quicum
503 4428 676 4484 vidissemus
692 4429 822 4486 Plautium
847 4432 886 4488 ita
911 4433 1002 4504 impu·
1057 4445 1255 4507 imperatcrem
1270 4445 1398 4496 nostruin
1411 4443 1540 4510 Leonem,
1555 4439 1604 4510 qui
1618 4449 1693 4493 nuuc
1706 4448 1804 4490 rernm
1819 4433 1889 4504 poti·

171 4495 272 4551 denter
294 4509 324 4551 iu
346 4494 396 4552 Dei
424 4497 638 4581 tabernaculum
662 4500 877 4575 ingredientem,
901 4505 1001 4563 relicto
1055 4514 1113 4578 tur,
1128 4509 1232 4565 malurn
1247 4511 1402 4567 consilium
1414 4511 1492 4580 iniit,
1508 4517 1536 4566 et
1550 4511 1613 4581 ejus
1625 4513 1733 4579 patrem
1749 4505 1887 4562 basilium

172 4565 339 4648 imperfecto
351 4580 431 4623 sacro
442 4567 627 4640 aufugimus,
641 4571 831 4630 Photiusiero
841 4577 1001 4634 sacerdotes
1054 4579 1190 4635 adversus
1202 4593 1266 4636 eum
1281 4583 1399 4638 irritant
1417 4581 1588 4638 affirmantes
1607 4582 1726 4636 leonem
1750 4575 1886 4632 insidiari

170 4636 286 4720 Domini
301 4641 329 4692 et
344 4639 558 4718 comministros
572 4645 684 4697 nostros
698 4657 797 4726 magna
812 4646 839 4701 ri
859 4652 888 4702 ct
900 4648 1000 4705 multis
1053 4656 1081 4705 et
1095 4650 1239 4707 adversari
1256 4659 1378 4723 paternae
1391 4654 1543 4709 voluntati.
1566 4653 1635 4708 cuin
1648 4661 1714 4705 tero
1729 4645 1887 4704 insanabili

171 4705 338 4785 verberibus
359 4708 402 4764 ιιι
418 4709 524 4792 inritos
537 4712 784 4771 adseconvulsit.
807 4718 828 4772 ll
848 4731 954 4790 otreio,
971 4727 1000 4776 et
1054 4721 1152 4778 morbo
1165 4722 1306 4780 laboraret
1327 4723 1461 4794 Basilius,
1482 4730 1509 4781 et
1525 4725 1584 4795 jain
1599 4720 1683 4779 morti
1724 4719 1887 4790 ropinquus

172 4790 223 4848 qui
240 4790 348 4833 mecum
363 4783 444 4862 erant
458 4782 584 4851 episcopi
612 4784 778 4866 presbyteri,
790 4793 817 4843 et
829 4734 955 4872 ffiaconi,
970 4797 999 4847 et
1052 4797 1136 4849 esset.
1152 4800 1322 4863 putaverunt
1336 4796 1410 4866 qiicd
1429 4796 1480 4852 illo
1494 4797 1613 4864 nolente,
1629 4797 1657 4849 et
1670 4733 1732 4847 tillo
1742 4789 1802 4859 lam
1819 4802 1888 4859 pro-

171 4859 270 4903 omnes
286 4860 336 4916 per
347 4848 526 4932 Occidentem
540 4859 567 4908 et
582 4825 724 4941 Qrientem
743 4864 887 4929 praepositi
906 4875 998 4917 mona·
1051 4863 1097 4919 cul
1113 4863 1240 4937 absente,
1255 4865 1338 4922 facile
1352 4865 1408 4936 ipsi
1430 4867 1581 4938 imperinm
1598 4864 1775 4930 obtinerent,
1791 4864 1824 4916 ut
1838 4873 1886 4928 per

170 4916 289 4975 chorum
304 4923 333 4975 et
343 4925 471 5045 mucelam
485 4923 570 4979 vitain
582 4933 706 5008 agentes,
717 4928 850 4986 infinitus
864 4932 997 4990 videlicet
1051 4948 1090 5003 se,
1107 4936 1150 4990 vei
1165 4951 1214 5005 per
1225 4939 1407 5007 aliumquem
1423 4939 1537 5002 vellent,
1554 4936 1627 4994 illud
1635 4932 1883 4990 administrarent

169 5000 316 5072 uumerms,
365 5006 441 5047 iiina
468 4995 559 5066 gratia
585 5001 748 5055 inconcussi
777 5004 994 5085 permansimus,
1050 5005 1101 5061 sed
1115 5007 1162 5061 liei
1176 5009 1353 5076 providentia
1368 5021 1422 5064 non
1438 5010 1680 5079 permisitecrum
1698 5004 1885 5130 inimutmteni

168 5071 997 5216 tltiltitatittittttlttttitillibatae:
1050 5077 1176 5217 §.inillis
1192 5074 1885 5224 latitalitlttiii¹⁰t.t.ittilial⁰tlt}

166 5200 240 5256 siam
257 5201 417 5272 invasisset,
432 5204 641 5291 dubitationem
661 5211 761 5293 multis
778 5213 876 5282 injecit
900 5217 995 5273 dicen·
1049 5227 1165 5275 neretur
1177 5222 1350 5290 custoditus,
1366 5229 1429 5290 post
1440 5195 1530 5294 pat'ris
1545 5223 1655 5278 obituri
1676 5219 1710 5274 ad
1735 5215 1884 5287 imperiale

165 5269 255 5356 tlbms,
269 5273 345 5343 quod
368 5274 444 5329 hunc
459 5276 590 5359 Pbotmm
606 5280 741 5336 videlicet
760 5297 814 5339 non
826 5286 991 5358 recipimus,
1048 5291 1152 5346 solium
1164 5298 1337 5348 eiectusest.
1348 5292 1402 5360 Qui
1419 5295 1552 5351 Photium
1563 5290 1778 5364 quamprimum
1788 5286 1881 5357 ejecit,

166 5341 224 5399 nisi
247 5343 568 5430 illumuconilrmaverit
597 5350 689 5434 Itoniae
709 5355 864 5434 spostolicn
891 5361 989 5416 sedes:
1048 5365 1181 5431 tanquam
1196 5364 1349 5419 multarum
1368 5363 1556 5438 iniquitatum
1571 5367 1728 5419 auctorem.
1749 5361 1882 5416 Nostett

165 5414 240 5474 cuod
257 5428 321 5471 curn
337 5417 388 5500 mlle
402 5417 562 5506 didicisset,
590 5422 782 5505 simpliciores
806 5426 843 5482 ita
864 5430 990 5500 decepit:
1048 5433 1097 5502 qui
1111 5433 1154 5488 iiii
1173 5448 1227 5490 non
1243 5436 1411 5492 obediamus
1422 5445 1450 5492 et
1463 5444 1596 5507 praeterea
1612 5434 1703 5489 multa
1716 5431 1792 5487 mala
1807 5426 1880 5500 passi

163 5482 284 5542 Paulum
299 5500 374 5542 enini
390 5495 418 5544 ιι
433 5489 590 5573 brigenium
606 5506 753 5576 episcopos
767 5511 783 5551 n
796 5499 902 5556 loanne
922 5517 993 5573 papa
1047 5517 1157 5572 samiis,
1173 5505 1234 5562 illis
1253 5507 1381 5562 miseriis
1402 5509 1475 5564 idern
1494 5510 1547 5563 teo
1560 5507 1715 5576 imperator
1735 5499 1877 5558 liberarit.

163 5555 197 5611 ad
224 5558 367 5630 ignatium
391 5560 586 5646 patriarcham
611 5577 724 5636 missos,
749 5575 781 5624 ut
801 5583 865 5626 cuin
887 5573 938 5630 illo
958 5575 993 5632 de
1047 5574 1185 5643 Quoniam
1202 5590 1268 5633 vero
1287 5579 1396 5637 scimus
1410 5580 1486 5651 quod
1505 5585 1628 5638 arestra
1641 5573 1804 5649 apostolica
1816 5571 1880 5630 sede

165 5625 446 5703 rebusliiilgarorum
460 5645 613 5702 provincia:
627 5643 752 5709 agerent.
765 5639 820 5709 Qui
835 5655 900 5699 cuni
912 5644 989 5700 iniie-
1048 5646 1154 5718 corrigi
1167 5652 1195 5704 et
1211 5648 1294 5718 juxta
1313 5662 1436 5708 canones
1453 5651 1564 5724 corripi
1585 5651 1744 5709 debemus:
1771 5647 1823 5704 bac
1844 5644 1879 5702 de
