3876 6090
185 254 238 314 3113

799 251 975 307 edhilbal}
1001 250 1270 306 Btssttdfllncntttl

1851 247 1905 308 att

184 378 338 437 sacerdotii
351 377 397 434 sui
410 375 546 432 calendio
559 375 708 432 inveniens
719 374 912 431 ecclesiastica
924 373 1051 435 adul-A
1069 378 1171 430 rerurrt
1191 373 1399 446 imperatorem,
1425 378 1507 445 quasi
1525 377 1674 446 deceptum
1686 389 1704 432 a
1717 376 1903 446 patriarcha-

185 474 277 525 terure
290 467 432 539 dogmata,
446 471 474 521 et
483 465 599 521 castella
610 465 744 535 excitare,
759 464 870 535 pellita
885 463 1009 534 regione.

182 559 222 613 De
237 558 290 614 hoc
305 557 476 627 multaque
487 569 503 611 a
516 555 767 611 dirersisaudiens
777 556 923 609 scrutatus
936 565 1011 623 sam,

182 659 217 702 ex
233 646 424 715 partedicam.
439 645 462 701 h
477 645 625 699 Persarum
640 643 717 699 enim
734 642 847 714 regione
863 640 1012 711 proprium

181 733 330 790 dominum
344 731 467 805 fugiens,
479 731 514 788 ad
527 733 719 788 Romanorum
731 730 867 800 pervenit.
882 731 915 784 Et
926 728 1012 799 paulo

183 827 263 894 post:
285 824 364 879 llunc
388 824 487 878 Petrus
516 835 567 890 pro
589 822 661 891 cyro
681 818 940 889 hierapoliensium
962 819 1010 873 Ec-

180 910 276 969 clesiae
289 911 453 982 episcopum
466 909 654 980 transmittit,
671 922 754 980 quem
767 922 823 965 non
845 912 909 979 post
933 906 1012 961 mul-

1069 477 1131 519 rum
1150 462 1257 518 astutia
1278 468 1306 517 et
1322 462 1444 518 fictione.
1471 464 1505 518 Et
1532 464 1706 534 accipientes
1730 468 1899 534 potestatem

1069 566 1152 622 quam
1164 552 1325 616 voluerunt,
1338 556 1475 608 etaurum
1488 553 1610 609 multum
1620 553 1706 625 vulgo
1716 554 1896 609 Antiocheno

1068 640 1236 709 tribuentes,
1246 646 1274 695 et
1284 640 1486 697 multismodis
1496 641 1858 712 Flavianumtribulantes,
1874 646 1901 701 et

1068 729 1277 800 quodammodo
1306 729 1486 802 suffocantes,
1523 735 1551 787 et
1580 736 1713 804 cogentes
1740 731 1901 787 Chalcedo-

1068 831 1183 874 nensem
1208 818 1347 888 synodum
1373 819 1624 890 anathematizare,
1651 820 1750 875 taliter
1765 818 1899 875 illumab

1066 907 1232 979 episcopata
1249 907 1384 976 pellentes
1396 907 1500 964 exsilio
1514 909 1731 965 damnaverunt.
1746 906 1809 976 Quo
1823 922 1904 965 com·

181 1004 242 1057 tum
268 1000 394 1071 episcopi
418 1013 434 1055 a
455 999 570 1056 Perside
589 998 734 1055 venientes
757 997 840 1067 qnasi
863 995 1009 1052 vernulam
1066 1000 1156 1068 perto,
1179 996 1334 1066 imperator
1356 997 1473 1068 gavisus
1492 1002 1545 1068 est,
1568 1004 1597 1053 et
1609 999 1744 1055 Severum
1764 998 1899 1069 acepha-

179 1088 346 1160 arguebant,
366 1094 395 1145 et
409 1093 442 1145 ut
462 1088 555 1145 divini
579 1093 719 1144 exsortem
735 1085 925 1156 baptismatis.
949 1084 1010 1153 Quo
1065 1083 1158 1140 lorum
1173 1084 1327 1141 exarchum
1346 1083 1535 1161 [principem]
1557 1087 1722 1157 episcopum
1734 1086 1898 1146 Antiochia

179 1182 333 1248 comperto,
348 1179 459 1247 Petrus,
484 1175 554 1247 quid
576 1180 720 1247 oporteret
734 1175 878 1230 tierinton
893 1186 1008 1242 curans,
1065 1173 1155 1228 misit.

178 1265 255 1323 dixit
265 1266 392 1323 subicere
401 1265 446 1321 llll
457 1264 585 1336 episcopi
597 1263 838 1321 consecrationem
852 1263 885 1317 ad
898 1260 1011 1331 supple·
1098 1260 1242 1318 Antonius
1253 1262 1508 1320 reverendissimus
1523 1263 1680 1321 monachus
1699 1264 1787 1336 legit:

178 1358 305 1411 utentum
319 1354 412 1411 divini
428 1357 598 1411 sacramenti
611 1352 732 1426 [divinae
747 1347 954 1425 initiationis].
1063 1383 1077 1426 g
1089 1385 1134 1438 Ex

211 1442 373 1514 Stephanus
395 1442 535 1501 diaconus
554 1448 583 1499 et
608 1441 740 1498 notarius
761 1438 934 1496 venerabilis
955 1451 1009 1509 pa-

178 1531 308 1589 trimonii
324 1533 415 1606 legit:

1152 1385 1338 1455 deprecatione
1352 1403 1413 1456 pua
1424 1387 1491 1442 dcto
1506 1392 1545 1442 est
1561 1392 1662 1442 sancta
1675 1389 1780 1456 synodo
1796 1405 1896 1446 corrne-

1098 1457 1185 1511 nienti
1202 1458 1232 1510 in
1251 1456 1301 1511 linc
1312 1459 1388 1525 regio
1401 1458 1468 1513 urbe
1490 1463 1585 1513 contra
1598 1458 1725 1514 8111111111
1740 1461 1895 1516 luercticrun

1098 1531 1123 1580 et
1134 1526 1313 1596 Acrpltnlurn,
1328 1545 1346 1582 (1
1360 1530 1466 1583 clericis
1483 1531 1655 1598 comonachis
1669 1531 1895 1588 Antiochensium

306 1659 311 1671 Ι
367 1660 372 1671 Ι
425 1659 431 1670 ·
533 1659 538 1670 ¹
729 1656 735 1668 .
784 1655 790 1667 ,
868 1655 873 1666 ,
936 1655 941 1666 ,
1096 1613 1201 1665 magnae
1224 1600 1342 1654 ciuitatis
1366 1605 1466 1655 sunctae
1489 1603 1540 1656 Dei
1565 1601 1705 1656 Ecclesia:
1732 1602 1814 1672 cujus
1836 1607 1895 1658 ini-

210 1661 324 1713 Jounnis
337 1660 547 1720 diacrinomeni,
560 1666 572 1695 ⁸
587 1656 822 1712 doEcctesrcstrcn
835 1656 967 1709 liminaea.
1019 1697 1045 1757 B
1096 1669 1165 1722 yrum
1185 1673 1244 1723 ppt,-

210 1787 272 1841 Non
300 1784 376 1840 enirn
403 1783 517 1840 licitum
543 1781 686 1838 asserebat
710 1779 846 1851 xenaias,
876 1778 1001 1851 angelos,
1094 1776 1176 1830 Nunc
1197 1776 1311 1833 tandem
1336 1781 1448 1848 tempus
1472 1785 1524 1850 est,
1540 1793 1557 1835 o
1572 1779 1742 1836 beatissimi.
1770 1783 1806 1837 Et
1830 1786 1892 1853 post

174 1888 239 1930 cum
256 1872 417 1943 incorporei
431 1872 499 1944 sint,
514 1884 632 1942 corpora
646 1869 747 1934 facere,
760 1876 788 1925 et
802 1868 885 1940 quasi
903 1869 930 1923 in
946 1868 1004 1924 hu-
1060 1877 1159 1933 pauca.
1172 1864 1274 1934 Qualia
1285 1880 1361 1938 vero,
1378 1868 1565 1939 sanctissimi,
1578 1875 1606 1925 et
1619 1883 1681 1939 qum
1695 1870 1773 1927 circa
1786 1870 1890 1942 fontes,

149 1963 267 2046 ,manis
288 1961 389 2018 formis
399 1962 554 2019 existentes
566 1975 718 2032 corporeos
728 1959 866 2016 formare:
889 1959 937 2014 sed
952 1971 1003 2014 nec
1058 1953 1108 2022 ‹yui
1128 1953 1253 2022 [taphnae
1271 1961 1348 2025 sunt,
1370 1969 1453 2028 agere
1471 1970 1560 2014 ansus
1576 1959 1625 2027 sit,
1642 1959 1762 2030 magicis
1776 1960 1892 2018 artibus

173 2050 245 2107 jyyup
269 2051 445 2122 existimare,
466 2051 601 2108 imorem
628 2054 679 2106 any
693 2048 814 2121 gustam
838 2046 1003 2118 impendere
1058 2039 1164 2097 ibidem
1180 2058 1261 2116 rasus,
1278 2048 1306 2100 et
1322 2045 1433 2102 incensi
1447 2045 1587 2102 damonia
1611 2048 1736 2117 placans,
1763 2054 1824 2106 tota
1841 2051 1891 2108 illa

171 2139 286 2196 christo
311 2139 464 2213 imaginem
483 2132 516 2196 'ei
542 2153 591 2210 per
618 2138 737 2210 picture
769 2141 858 2193 artem
894 2134 1002 2191 efficere
1056 2130 1160 2187 civitas
1171 2133 1258 2188 canit.
1279 2134 1426 2205 Siquidem
1450 2149 1500 2190 nee
1525 2136 1597 2206 ipsis
1616 2137 1724 2193 sanctis
1746 2139 1891 2198 altaribus

173 2223 326 2304 [effectam]
342 2242 422 2301 ,esse
433 2233 528 2286 autern
543 2227 587 2283 llll
601 2226 690 2284 solam
700 2225 902 2296 acceptabilem
919 2237 1001 2281 nosse
1056 2221 1099 2275 vel
1115 2223 1235 2278 sacratis
1258 2223 1335 2279 vasis
1351 2224 1487 2295 pepercit,
1512 2224 1563 2280 illa
1587 2226 1702 2296 quidem
1721 2230 1842 2285 eradens
1859 2236 1890 2285 ut

172 2318 202 2374 ia
226 2318 333 2388 spiritu
357 2323 386 2373 et
408 2317 526 2374 veritate
546 2316 750 2374 adorationem.
779 2316 813 2370 Et
838 2318 901 2384 post
921 2314 997 2371 alia:
1055 2310 1174 2367 scelesta
1190 2308 1259 2385 [dr.,
1277 2311 1424 2387 profanal,
1446 2313 1612 2370 hacautem
1636 2316 1764 2373 conflans
1779 2321 1808 2373 ct
1822 2333 1890 2375 ero-

169 2406 360 2462 Nosseautem
373 2404 447 2462 dicit
459 2410 487 2461 et
506 2404 590 2478 illud,
605 2418 668 2460 esse
688 2404 810 2474 puerilis
824 2417 926 2459 sensus
940 2403 1000 2458 fin-
1055 2413 1124 2471 gaas
1137 2400 1183 2457 his
1194 2402 1244 2472 qui
1256 2401 1363 2458 similis
1380 2403 1471 2458 moris
1487 2408 1562 2459 sunt.
1576 2406 1662 2460 Porro
1683 2412 1888 2477 presumptum

170 2508 234 2567 gere
251 2495 280 2549 in
295 2494 433 2551 columba
449 2493 526 2550 idolo
537 2493 752 2549 sanctissimam
772 2496 801 2547 et
820 2492 996 2547 adorandum
1053 2490 1141 2546 estab
1159 2491 1288 2547 eoetiam
1301 2491 1397 2564 hoc,o
1423 2491 1594 2549 beatissimi.
1607 2495 1662 2551 Eas
1674 2495 1760 2563 enim,
1779 2512 1843 2567 quaa
1859 2499 1888 2554 in

168 2583 325 2652 Spiritum3
355 2581 512 2653 presertim
535 2597 600 2639 curn
626 2580 794 2653 evangelicae
818 2593 996 2651 nequaquam
1053 2580 1250 2649 typumsancti
1267 2580 1393 2651 Spiritus
1421 2587 1498 2653 sunt,
1517 2596 1611 2639 aureas
1637 2589 1665 2640 et
1683 2591 1825 2657 argentea
1847 2602 1891 2644 co-

169 2672 283 2727 tradant
306 2671 419 2738 littera,
442 2671 511 2742 quia
533 2670 626 2727 factus
648 2674 693 2727 est
706 2669 838 2725 columba
857 2668 994 2739 Spiritus,
1051 2667 1515 2740 lumbaesuspensaesupradirina
1532 2668 1541 2745 ,s
1550 2686 1647 2729 sacros
1666 2672 1774 2749 fontes]
1788 2689 1889 2732 sacra-

168 2759 330 2831 sedquiain
344 2759 438 2831 specie
450 2757 909 2830 columbaapparuitatiquando:
926 2757 995 2827 qrria
1051 2762 1144 2812 menta
1166 2753 1305 2832 [lavacra]
1326 2764 1354 2814 et
1372 2757 1486 2832 altaria,
1511 2774 1575 2816 cum
1596 2761 1665 2817 aliis
1683 2761 1887 2825 defraudabat,

167 2862 232 2905 vero
246 2848 467 2919 dispensatorie,
485 2863 541 2905 non
557 2846 787 2905 substantialiter
797 2847 881 2903 semel
895 2852 996 2902 osten·
1051 2844 1153 2901 dicens
1178 2860 1234 2902 non
1256 2852 1387 2918 oportere
1407 2847 1554 2905 columbas
1578 2850 1721 2907 nominari
1743 2853 1887 2923 Spiritum

167 2942 283 3007 susest,
300 2951 355 2994 raon
381 2936 445 2994 ideo
467 2942 564 3007 aptum
590 2937 706 3008 pilsest
731 2936 860 3006 corporis
885 2935 993 2991 idolum
1054 2939 1196 2991 sanctum.

167 3024 301 3082 faciendi.
314 3028 372 3082 lloc
390 3025 565 3083 Philoxenus
580 3026 696 3091 docens,
714 3039 769 3083 una
784 3040 849 3081 cum
862 3023 993 3080 doctrina
1008 3044 1034 3111 0
1087 3024 1224 3080 Tarasius
1239 3026 1440 3083 sanctissimas
1452 3027 1614 3097 patriarcha
1627 3028 1721 3085 dixit:
1737 3030 1768 3086 Si
1786 3032 1816 3087 in
1831 3047 1887 3090 no-

165 3115 251 3172 etlam
276 3130 348 3185 opus
377 3116 514 3185 patrabat.
546 3115 650 3172 crebro
682 3128 803 3186 namque
827 3113 993 3186 angelorum
1054 3112 1130 3168 mine
1143 3114 1235 3170 sancti
1249 3113 1377 3184 Spiritus
1392 3117 1588 3188 superpositas
1610 3117 1760 3176 columbas
1776 3135 1887 3192 recepe-

166 3201 306 3275 imagines
327 3203 442 3274 quidem
462 3204 607 3273 deponens
625 3203 816 3275 dolebat3eas
842 3216 907 3258 vero
932 3215 995 3272 utre

164 3291 311 3349 christum
331 3291 500 3364 figurabant,
515 3292 544 3348 in
560 3292 668 3348 abditis
681 3292 752 3348 locis
767 3291 938 3348 occultabat.

199 3379 994 3451 'larasiussanctissimuspatriarchadixitzhudiamus,

164 3468 268 3526 sacrati
280 3469 347 3536 riri,
362 3470 411 3541 qui
428 3484 484 3525 non
508 3475 674 3540 receperunt
696 3469 872 3526 venerabiles
888 3465 996 3538 imagi-

164 3573 224 3630 nes,
246 3573 301 3616 non
317 3557 466 3630 baptizati,
482 3558 642 3628 hlanichaei,
658 3562 686 3613 et
703 3557 732 3612 hi
748 3557 798 3626 qui
814 3554 994 3626 phantasiam

164 3646 320 3717 praedicant
352 3646 382 3700 in
416 3645 524 3700 christi
558 3643 790 3714 dispensatione:
814 3657 849 3698 ex
871 3656 994 3713 quorum

137 3753 140 3757 ¹
164 3733 376 3805 pollutionibus
384 3732 566 3788 Christianos
577 3731 741 3788 accusantis
754 3732 893 3792 haereseos
905 3730 996 3787 intro·

163 3822 298 3877 ductores
312 3818 427 3876 fomites
437 3827 634 3890 susceperunt.

198 3909 303 3965 Sabbas
337 3909 593 3965 reverendissimus
625 3909 801 3981 hegumenus
826 3908 993 3966 monasterii

162 3997 258 4067 Studii
273 3997 367 4054 dixit:
388 3998 502 4055 Gratias
517 3999 630 4071 agimus
649 4000 705 4054 Dee
715 4004 744 4054 et
756 3997 836 4055 bonae
852 3998 993 4055 voluntati

147 4084 310 4143 'dominum
336 4090 500 4142 nostrorum
526 4086 676 4154 bonorum,
698 4084 844 4156 qulafalsl
860 4087 994 4142 custodes

164 4174 376 4247 pseudosyllogi
390 4175 472 4231 illius
481 4175 585 4231 deuicti
595 4182 663 4231 sunt
674 4188 729 4231 una
741 4189 805 4231 curn
816 4175 995 4231 consentien·

162 4261 242 4319 tibus
254 4262 310 4318 sibi
325 4263 477 4321 haereticis.

196 4351 434 4425 sanctasynodus
448 4353 540 4410 dixit:
562 4353 719 4409 anathema
732 4353 811 4410 illisi

196 4443 402 4501 Constantinus
418 4442 674 4501 reverendissimus
693 4443 781 4500 lector
801 4443 991 4501 sanctissimae

161 4532 295 4589 Ecclesiae
310 4533 398 4607 legit:

285 4644 324 4697 De
345 4643 403 4697 cito
425 4642 515 4697 suncti
531 4642 623 4696 Petris
646 4642 733 4696 nostri
757 4640 862 4697 Sobdac.

198 4747 331 4804 flaviano
350 4746 442 4819 igitur
467 4752 495 4803 et
516 4745 577 4801 Elia
598 4745 770 4816 patriarchis
791 4747 934 4803 Sidonem.
959 4756 990 4803 ut

161 4835 336 4906 dictumest,
353 4835 594 4906 pervenientibus,
611 4840 639 4891 et
654 4835 760 4892 litteris
773 4836 945 4893 adulatoriis
957 4849 990 4891 ac

162 4924 421 4997 dispensatoriisad
433 4924 630 4995 imperatorem
643 4924 801 4996 utentibus,
813 4931 841 4981 et
850 4927 990 4996 synodum

163 5031 227 5089 quae
249 5014 353 5074 Sidone
367 5019 466 5069 cotnra
492 5018 597 5070 rectam
616 5019 786 5085 congregata
809 5013 901 5071 fuerat
917 5012 988 5089 icc,

162 5099 401 5178 congregabatur]
418 5103 501 5159 fidem
525 5103 750 5174 destruentibus,
771 5108 798 5158 et
812 5104 992 5174 adproprias

163 5194 244 5252 sedes
254 5190 450 5262 redeuntibus,
463 5191 604 5263 indignati
617 5191 646 5247 hl
662 5190 713 5262 qui
726 5190 803 5246 circa
810 5191 990 5250 soterichum

163 5287 192 5340 et
203 5281 390 5338 Philoxenum
412 5285 502 5351 erant,
520 5280 550 5335 in
564 5279 636 5335 iram
657 5279 848 5338 vehementem
860 5293 991 5339 commo-

199 5389 432 5450 ·lliacrincrnroi,
461 5386 488 5442 id
510 5390 554 5442 est
574 5387 715 5454 supr-epoti.
745 5385 792 5441 Sic
816 5387 990 5445 vocabantur

165 5463 215 5533 qni
242 5460 381 5530 synodum
396 5458 652 5515 chalcedonensem
673 5472 729 5514 tron
753 5458 936 5528 recipiebant.
951 5464 989 5516 lix

164 5533 282 5591 Leontio
295 5530 331 5588 de
346 5531 446 5588 Sectis.

1051 3207 1120 3258 runt
1134 3202 1241 3275 Patres,
1265 3208 1371 3274 quanto
1386 3206 1476 3278 magis
1499 3205 1639 3263 incarnati
1665 3208 1748 3263 Verbi
1774 3209 1883 3266 iconas.

1051 3291 1126 3361 quod
1143 3293 1278 3362 apparuit
1293 3307 1379 3365 super
1395 3300 1499 3350 terram
1518 3309 1582 3350 cum
1596 3297 1738 3366 corporei
1753 3298 1806 3354 Sed
1820 3313 1887 3355 cre-

1050 3379 1120 3448 dite,
1147 3381 1216 3451 quia
1240 3387 1268 3437 et
1288 3381 1459 3439 Anastasius
1478 3383 1528 3455 qul
1555 3383 1884 3456 constantinopolitanis

1052 3468 1176 3540 praefuit,
1188 3483 1289 3525 aureas
1304 3476 1332 3526 et
1344 3476 1492 3543 argenteas
1504 3471 1602 3528 iconas
1617 3471 1764 3530 fraudavit
1779 3476 1810 3532 in
1824 3491 1886 3548 pro

1051 3557 1220 3628 priosusus,
1239 3557 1312 3628 quod
1331 3564 1359 3614 et
1377 3560 1497 3616 Severus
1516 3559 1594 3616 fecit.

1085 3645 1245 3714 Stephanus
1259 3648 1316 3702 Deo
1337 3647 1472 3704 amabilis
1495 3647 1635 3705 dlaconus
1659 3655 1687 3706 et
1709 3653 1844 3710 notarius
1857 3659 1884 3710 et

1051 3731 1263 3790 referendarius
1275 3734 1362 3806 legit:

1050 3858 1166 3911 Jortnnr's
1182 3860 1300 3928 episcopi
1317 3858 1510 3915 (lebedensium
1521 3862 1551 3915 in
1562 3864 1645 3917 uitam
1660 3868 1685 3916 et
1697 3869 1884 3922 corraersotio-

1138 3944 1198 3982 rtem
1210 3929 1504 3995 Sceerihmrrsiurebac,
1521 3934 1718 4002 cujusinitium
1733 3941 1792 3991 est:

1084 4033 1113 4089 Si
1131 4034 1245 4104 quidem
1261 4035 1399 4092 rrtluisset
1415 4037 1534 4093 Severus
1547 4038 1589 4093 vel
1606 4040 1670 4095 ritae
1685 4055 1798 4112 semper
1808 4046 1879 4114 ejus.

1050 4123 1084 4178 Et
1096 4127 1158 4192 post
1171 4137 1276 4192 pauca:
1294 4126 1328 4179 Et
1343 4139 1434 4195 neque
1448 4127 1613 4198 angelorum
1628 4128 1751 4186 illusum
1767 4132 1882 4190 dimisit

1052 4209 1197 4268 honorem.
1222 4213 1343 4270 Multum
1373 4220 1469 4270 autem
1493 4229 1651 4273 sermonem
1678 4217 1709 4273 in
1737 4220 1880 4279 tribunali

1050 4305 1129 4355 stans
1140 4299 1207 4357 fecit
1219 4298 1372 4377 [faciebat],
1387 4307 1414 4359 et
1426 4303 1608 4361 multitudini
1628 4307 1801 4375 persuadere
1816 4316 1882 4366 ten·

1003 4367 1028 4428 D
1049 4388 1232 4460 tabatinipso
1241 4391 1703 4450 multotiessacrarlosanctissimi
1716 4396 1879 4470 Michaelis,

1046 4479 1121 4548 quod
1140 4491 1196 4535 non
1213 4493 1356 4550 purpurea
1370 4480 1481 4552 angelis
1506 4482 1672 4539 vestimenta
1693 4487 1879 4558 conveniant,

1046 4567 1094 4623 sed
1107 4566 1189 4624 alba:
1204 4582 1259 4624 non
1274 4568 1410 4641 ignorans
1424 4571 1499 4639 qued
1513 4571 1586 4627 nihil
1598 4572 1708 4629 sanctis
1718 4574 1882 4633 virtutibus

1045 4655 1182 4713 sensibile
1196 4657 1365 4713 conveniant
1382 4653 1431 4731 [de
1441 4658 1569 4716 vestibus
1581 4674 1658 4716 curae
1676 4658 1748 4736 est],
1760 4664 1810 4720 sed
1831 4678 1884 4721 sa-

1045 4750 1176 4817 tagenset
1186 4746 1386 4802 hecslmiliter
1398 4745 1510 4804 auferre
1527 4744 1590 4822 [hac
1599 4750 1710 4806 ratione
1719 4751 1883 4827 dividere],

1044 4838 1073 4889 et
1086 4835 1115 4890 in
1135 4836 1305 4892 alterutrum
1325 4849 1501 4892 commovere
1520 4837 1626 4894 multos
1649 4837 1691 4895 sie
1705 4843 1735 4895 et
1749 4840 1838 4897 aliter
1850 4855 1886 4898 se

1047 4922 1191 4980 hahentes.

1080 5013 1215 5069 Taraslus
1228 5014 1428 5070 sanctissimus
1444 5015 1604 5084 patriarcha
1620 5016 1714 5072 dfxit:
1735 5018 1883 5077 Conside-

1046 5116 1150 5173 remus,
1168 5102 1311 5173 qniacam
1326 5103 1543 5173 roliryuisetiam
1565 5105 1593 5160 in
1608 5105 1661 5160 hoc
1677 5106 1741 5176 ipso
1755 5121 1883 5165 accusaae

1046 5195 1155 5261 tuaest,
1168 5192 1302 5262 quoniam
1316 5191 1439 5263 dicebat,
1454 5193 1523 5263 quia
1541 5207 1597 5250 non
1610 5195 1745 5251 convenit
1759 5197 1877 5270 angelos

1046 5295 1199 5352 purpurea,
1224 5282 1271 5337 sed
1292 5281 1357 5337 alba
1376 5282 1544 5338 vestimenta
1564 5283 1692 5339 induere.

1080 5384 1232 5442 illabetur
1259 5386 1289 5441 in
1318 5387 1425 5457 synodo
1448 5389 1663 5459 constantinop.
1692 5390 1748 5446 snb
1774 5392 1873 5447 Menna

1045 5464 1100 5516 act.
1124 5456 1238 5529 l,circa
1262 5458 1334 5514 med.
