3876 6090
44 243 95 303 149
437 247 710 306 miserantum
727 247 852 306 eluunt
871 245 918 304 vll
935 245 1136 309 cuneatum.
1148 281 1185 294 -
1198 252 1299 312 acmo
1312 255 1356 311 tt.
1709 251 1763 314 tab

44 391 71 435 sc
86 375 236 433 maxillam
250 376 377 434 vertebat
390 381 419 434 et
429 379 559 449 alteram,
572 379 734 451 angarianti
748 393 779 436 se
794 378 874 435 mille
885 373 917 438 A
927 378 1024 437 dimus
1034 380 1130 453 gladic
1143 382 1282 454 spiritus:
1295 397 1346 456 age
1361 396 1448 455 nunc,
1459 389 1636 442 instruamus
1648 384 1761 442 animos

45 479 146 538 passus
168 466 331 538 apponebat
347 473 375 524 et
389 468 530 537 duplum:
546 467 615 525 tulit
624 468 754 541 iuguma
769 469 875 538 juven·
928 470 1119 529 audientium.
1137 472 1239 528 Omnia
1250 486 1318 545 ergo
1334 473 1484 542 prasentia
1497 478 1565 530 sunt
1576 472 1762 544 intelligenti·

46 560 102 613 tnte
125 569 180 613 sua
199 556 310 628 (fieren.
337 557 389 630 nr),
415 558 522 614 bonum
539 558 697 615 arbitratus
716 558 875 615 secundum
928 558 992 632 bus,
1008 565 1037 616 et
1064 565 1157 618 erecta
1179 562 1226 618 his
1243 563 1294 633 rpui
1311 562 1463 619 inveniunt
1481 562 1643 634 scientiam,
1672 562 1759 618 sicuti

45 645 212 716 prophetam
221 645 411 718 singulariter
423 647 531 719 sedere,
545 652 574 703 et
583 647 677 703 silere.
690 647 782 718 htque
795 648 876 704 toan·

44 749 100 807 nos,
115 735 167 806 qui
185 734 221 791 ab
235 736 279 792 eis
292 736 433 807 injuriose
443 739 559 793 Mansur
571 737 732 808 appellatus
745 742 799 807 est,
814 737 877 808 qni·

44 837 96 895 que
106 824 246 881 dimissis
257 825 392 882 omnibus
400 825 564 882 Mattheum
576 825 781 898 evangelistam
792 840 876 882 aemu-

44 911 129 980 latus,
144 912 296 969 Christum
312 920 430 970 secutus
444 919 496 985 est,
514 915 636 984 majores
654 914 773 970 divitias
794 914 878 969 arbi-

45 1005 137 1057 tratus
158 1001 297 1058 thesauro
321 1016 404 1073 quem
427 1003 456 1058 in
475 1002 581 1059 Arabia
604 1003 762 1074 dereliquit
787 999 876 1076 [omni

45 1087 195 1164 lrabnmJ,
207 1090 511 1161 opprobriumChristi
525 1110 531 1146 :
544 1096 572 1148 et
581 1091 669 1164 elegit
680 1091 778 1162 potius
787 1091 876 1164 afiligi

47 1192 107 1235 rum
122 1178 207 1248 plebe
216 1179 278 1249 liei,
294 1193 378 1251 quam
394 1180 576 1251 temporalem
591 1180 764 1250 voluptatem
775 1180 878 1236 babere

49 1267 166 1339 peccati.
182 1270 246 1338 lpse
256 1267 354 1341 itaque
367 1283 480 1325 crucem
495 1282 576 1325 suam
591 1274 620 1324 et
628 1268 737 1325 Christi
750 1275 877 1341 portans,

52 1360 290 1429 etsecutnseum,
307 1372 358 1428 pro
369 1357 484 1414 Christo
499 1358 535 1415 ab
545 1358 719 1429 Orienteper
731 1358 878 1414 Christum

930 649 1136 720 proverbiatori
1158 651 1228 707 bene
1258 651 1346 723 (Proo.
1372 651 1444 725 vm),
1471 665 1579 709 necnon
1599 656 1628 707 et
1646 650 1760 707 veritati

930 738 1052 796 videtur.
1074 741 1177 797 Sancta
1199 741 1275 797 enim
1291 741 1340 798 fiel
1364 741 1506 798 catholica
1521 741 1647 797 Ecclesia
1662 753 1698 797 ex
1711 740 1763 796 di-

930 830 1022 886 versis
1040 835 1068 885 et
1082 830 1173 886 variis
1188 830 1274 887 rebus
1292 831 1406 902 eosqui
1422 830 1479 887 sibi
1495 830 1556 887 nati
1579 835 1657 901 sunt,
1671 828 1763 888 trabit

931 917 966 973 ad
983 919 1178 988 paenitentiam
1195 925 1222 976 ct
1234 921 1269 976 ad
1289 920 1465 993 agnitionem
1489 921 1688 976 mandatorum
1711 919 1761 976 Dei

932 1007 1090 1079 custodiae,
1106 1013 1134 1064 et
1151 1022 1249 1065 omnes
1264 1024 1365 1066 sensus
1381 1015 1494 1066 nostros
1509 1008 1626 1065 festinat
1636 1008 1763 1080 dirigere

932 1095 966 1151 ad
989 1095 1109 1168 gloriam
1132 1099 1195 1168 eius
1213 1099 1262 1170 qui
1279 1104 1423 1169 estsuper
1439 1099 1536 1155 omnia
1559 1099 1654 1168 Deus3
1677 1103 1763 1169 atque

934 1197 983 1254 per
1002 1185 1134 1242 auditum
1150 1192 1178 1242 et
1194 1187 1287 1243 risum
1309 1188 1514 1244 correctionem
1530 1185 1609 1258 facit,
1625 1188 1687 1257 ipsa
1700 1200 1763 1258 quae

933 1276 1104 1345 gestarunt,
1121 1274 1252 1332 vultibus
1264 1289 1362 1333 eorum
1373 1276 1423 1347 qui
1439 1275 1591 1347 accedunt,
1603 1287 1761 1346 apponens.

932 1360 1051 1430 Quando
1071 1376 1192 1433 namque
1206 1378 1240 1420 ex
1266 1365 1389 1421 avaritia
1412 1370 1441 1421 et
1461 1378 1558 1423 amore
1576 1365 1763 1436 pecuniarum

53 1446 238 1517 tubicinavit3
264 1459 321 1503 nou
335 1446 512 1504 tolembitem
535 1447 643 1503 ducens
658 1460 758 1503 vocum
774 1446 881 1503 nonita·
933 1451 1010 1521 rapit
1020 1465 1200 1524 quemquam,
1215 1454 1340 1510 ostendit
1353 1454 1380 1510 ei
1397 1454 1427 1510 in
1443 1455 1568 1527 imagine
1583 1453 1761 1523 Matthaenm,

55 1541 112 1605 em,
127 1550 193 1607 quae
206 1536 323 1592 diverso
335 1534 427 1593 fuerat
443 1537 526 1593 modo
537 1534 610 1593 facta
623 1532 697 1610 [dr.‚
710 1537 740 1592 ιιι
750 1536 844 1596 aliena
857 1534 878 1592 f.
934 1541 984 1612 qni
1000 1554 1035 1597 ex
1049 1540 1200 1598 telonariis
1212 1543 1360 1612 apostolus
1371 1540 1473 1612 factus,
1489 1543 1619 1599 avaritia
1629 1540 1705 1598 furia
1718 1541 1766 1597 de

58 1626 164 1698 regione
175 1625 278 1696 factal,
292 1639 344 1682 seu
356 1625 613 1696 prevaricatricem
625 1625 788 1695 factionem,
806 1625 880 1681 rabi·
934 1628 1043 1699 relicta,
1056 1629 1204 1687 Christum
1219 1637 1336 1688 secutus
1348 1637 1408 1689 est:
1425 1632 1624 1688 etzaecbaenm
1636 1631 1667 1687 in
1680 1643 1766 1702 syco-

60 1716 168 1786 ianque
185 1714 342 1785 insaniam,
356 1728 419 1787 qua
431 1715 568 1771 adversus
583 1720 710 1772 sanctam
722 1714 773 1770 Dei
785 1713 880 1771 catho-
894 1700 921 1764 Β
935 1733 1044 1776 morum
1054 1721 1262 1790 ascendentem,
1276 1721 1485 1778 desiderantem
1495 1721 1642 1778 Christum
1656 1719 1763 1789 videre,

62 1805 132 1862 licam
156 1803 314 1860 Ecclesiam
333 1811 395 1860 erat
409 1810 527 1861 armata.
551 1805 603 1861 Sed
623 1805 696 1860 banc
715 1803 879 1876 publicans,
933 1823 966 1866 ac
981 1808 1007 1864 ei
1030 1810 1273 1879 repromittentem
1288 1811 1444 1867 dimidium
1460 1810 1629 1868 substantiae
1642 1824 1672 1867 se
1688 1824 1766 1881 pra-

64 1908 145 1951 onnes
163 1893 342 1950 exhortando
357 1898 385 1950 et
399 1894 587 1965 admonendo,
610 1898 711 1950 cautos
731 1892 877 1960 reddebat,
934 1897 1000 1954 bere
1012 1897 1196 1968 pauperibus,
1213 1903 1241 1954 et
1255 1899 1280 1954 si
1295 1900 1343 1955 cui
1358 1899 1470 1970 aliquid
1491 1898 1623 1970 abstulit,
1649 1898 1766 1955 reddere

66 1982 881 2055 neaddncerenturcumoperantibnsiniquitatem3qnae-
935 1985 1765 2060 quadruplnmllfottbax,Marc.11,Lue.v,x1r.):etsitad

66 2088 117 2129 rens
138 2074 168 2129 in
190 2072 331 2129 Ecclesiis
352 2073 500 2145 antiquam
525 2071 734 2144 legislationem
750 2072 840 2129 teneri
853 2075 881 2128 et
935 2075 1096 2132 custodiam
1111 2076 1309 2132 conversionis
1323 2080 1351 2132 et
1362 2077 1459 2149 jugem
1474 2075 1650 2147 memoriam,
1666 2075 1769 2148 imagi-

68 2163 197 2232 paeifcam
210 2162 458 2233 constitutionem,
475 2174 561 2233 quam
571 2162 711 2218 Dominus
723 2160 881 2231 discipulis
936 2164 1046 2221 natium
1060 2163 1264 2221 formationum
1275 2164 1507 2237 continuavisio,
1524 2179 1559 2221 ne
1568 2165 1719 2235 repedetur
1729 2163 1766 2220 ad

70 2253 118 2309 ruis
136 2251 263 2308 nominis
292 2250 338 2308 sui
361 2251 529 2308 vocabulum
555 2250 745 2309 sortientibus
763 2250 882 2307 donavit
937 2254 1085 2325 proprium
1095 2255 1244 2311 vomitum.
1264 2255 1371 2325 ltapuit
1386 2269 1501 2311 rursum
1513 2253 1604 2310 alium
1620 2252 1767 2310 desiderio

70 2337 135 2414 [suis
144 2346 281 2412 tanquam
293 2340 557 2413 insignedonavitl,
569 2340 681 2398 dicens:
692 2342 787 2395 Pacem
794 2355 881 2394 meum
936 2343 1099 2399 meretricio
1113 2342 1298 2414 depressum,
1313 2343 1411 2415 pudici
1425 2344 1528 2415 loseph
1551 2343 1706 2416 imaginem
1719 2356 1767 2414 ap·

69 2431 182 2502 babis,
200 2447 297 2502 pacem
316 2446 403 2486 meam
416 2431 542 2500 relinquo
557 2431 632 2486 uobis
642 2427 729 2501 (foen.
746 2429 815 2502 ιιιι).
831 2428 883 2487 llis
938 2433 1028 2504 ponit,
1045 2432 1095 2503 qui
1117 2432 1336 2490 fornicationem
1351 2433 1529 2507 abominans,
1543 2439 1572 2491 et
1587 2433 1660 2490 hanc
1676 2432 1767 2503 pudi-

69 2534 119 2593 ergo
126 2520 289 2577 reverendis
303 2520 376 2577 viris
389 2526 418 2584 et
431 2519 486 2577 fide
498 2520 597 2592 dignis
605 2518 701 2575 taliter
719 2518 883 2576 inEcclesia
937 2523 1008 2578 cilia
1021 2522 1139 2578 vincens
1148 2519 1223 2593 (Con.
1236 2523 1347 2597 xxxin),
1365 2522 1437 2579 illud
1450 2523 1525 2593 qnod
1534 2522 1645 2579 dicitnr
1654 2523 1690 2579 ad
1702 2522 1772 2578 ima·

69 2610 192 2667 catholica
204 2609 422 2682 demonstratis,
439 2624 503 2681 qnae
517 2614 561 2666 est
574 2610 710 2665 adversus
724 2622 773 2665 eos
789 2608 884 2665 insnr·
939 2611 1033 2684 ginem
1056 2610 1224 2682 custodivit,
1245 2613 1330 2681 cujus
1349 2612 1504 2682 participes
1536 2610 1702 2668 efficiuntur
1718 2609 1770 2681 qul

10 2742 13 2773 ,
68 2713 121 2770 pne
139 2701 298 2772 accusatio,
325 2704 354 2756 et
375 2714 459 2771 quam
485 2700 543 2756 baec
563 2702 607 2755 est
624 2698 776 2768 horrenda,
796 2711 883 2769 quam
940 2700 1011 2756 hanc
1023 2699 1197 2756 dilexerunt.
1211 2702 1317 2757 lterum
1332 2700 1404 2756 alibi
1417 2700 1527 2757 beatam
1537 2700 1696 2757 Susannam
1709 2713 1772 2770 pro

10 2796 12 2851 l
68 2791 137 2846 etiam
150 2788 225 2847 ferre
239 2791 307 2862 quis
322 2791 440 2848 omnino
457 2803 512 2847 non
526 2789 656 2860 potertt‘l
667 2788 737 2844 Vere
752 2788 885 2861 ignoran·
939 2789 1021 2860 ponit
1031 2788 1174 2859 pudicitia
1184 2793 1363 2858 ornatam,et
1375 2788 1508 2845 manibus
1523 2788 1649 2846 extemis
1660 2788 1774 2858 adjuto·

68 2879 122 2935 tiam
138 2881 347 2953 ignoraverunt
370 2880 480 2952 miseri,
495 2879 644 2951 propriam
661 2877 789 2950 linguam
804 2878 886 2934 inho·
939 2880 1015 2936 rium
1031 2879 1067 2935 ab
1087 2878 1199 2935 excelso
1224 2879 1412 2951 invocantem,
1433 2885 1461 2936 et
1474 2879 1621 2937 Danielem
1640 2878 1769 2947 iudicem

10 2986 12 2995 ·
67 2974 129 3025 nerle
142 2970 336 3042 denudantes,
352 2970 584 3041 Germanumqne
603 2965 754 3039 mysticum
770 2964 885 3023 sacrifl-
940 2969 1149 3040 presidentem,
1171 2971 1199 3024 et
1218 2968 1498 3026 hanceruentemde
1514 2969 1647 3025 manibus
1671 2966 1773 3024 senio-

65 3065 176 3115 ratorem
188 3065 217 3116 et
233 3059 407 3116 sacerdotem
417 3058 536 3115 Christi.
551 3056 662 3128 duplici
674 3070 760 3113 seusu
772 3060 800 3112 et
811 3054 884 3127 ligni
899 3031 924 3096 G
939 3072 1002 3114 rum
1020 3057 1185 3127 iniquorum
1198 3055 1278 3129 (bon.
1296 3058 1374 3128 mul:
1392 3062 1420 3114 et
1435 3057 1475 3114 sit
1488 3056 1773 3130 imaginalistitnla-

65 3149 223 3205 servitorem
238 3148 435 3219 nominantes3
451 3147 589 3204 similiter
598 3145 754 3217 Georgium
767 3149 795 3200 et
810 3144 886 3199 blan-
942 3146 1031 3203 tionis
1045 3146 1181 3202 memoria
1195 3146 1230 3201 ad
1241 3147 1401 3203 custodiam
1418 3147 1529 3218 pudice
1540 3146 1614 3203 vita.
1627 3145 1774 3216 Rapuitin

63 3252 120 3308 sur,
131 3252 199 3295 cum
210 3236 368 3308 aliqnando
382 3252 431 3294 nec
441 3236 623 3308 principibus
636 3236 790 3307 quisquam
799 3234 885 3289 talem
940 3235 1057 3292 deliciis
1067 3234 1257 3291 substantiam
1267 3249 1350 3293 suam
1360 3240 1584 3307 consumentem,
1596 3241 1624 3291 et
1635 3234 1774 3291 mollibus

62 3327 263 3400 blasphemiam
271 3328 298 3383 ei
309 3327 358 3398 qui
372 3327 461 3384 unius
470 3326 536 3384 fidei
546 3339 642 3382 secum
653 3328 724 3396 erat,
737 3322 884 3393 injecerit:
942 3323 1121 3382 vestimentis
1142 3323 1288 3396 vestitum,
1310 3339 1373 3394 quae
1388 3328 1501 3394 oportet
1519 3325 1617 3396 egenis
1635 3324 1771 3395 praebere,

60 3416 91 3473 ab
108 3416 238 3474 llebraeis
258 3421 353 3472 antem
377 3420 406 3472 et
418 3415 568 3488 agarenis,
583 3418 612 3471 et
634 3413 703 3469 aliis
719 3410 889 3468 infidelibus
945 3413 1097 3481 intatibus
1112 3411 1239 3468 vestibus
1253 3412 1467 3484 expendentem,
1483 3416 1512 3467 et
1521 3413 1673 3469 delicatam
1683 3412 1771 3468 vitam

60 3506 171 3578 querela
192 3506 246 3562 tali
271 3510 327 3561 tam
349 3518 435 3575 super
454 3504 554 3560 divino
587 3507 653 3575 typo
679 3501 785 3573 erucis,
803 3513 888 3571 quarn
943 3500 1354 3574 amplectentem3etostendit
1367 3500 1497 3556 cilitium
1509 3500 1774 3571 meloteamietum,

59 3611 141 3669 snper
157 3594 376 3653 venerabilibus
396 3595 610 3666 imaginibnset
623 3592 692 3650 aliis
709 3590 801 3648 sacris
813 3591 891 3646 Deo-
944 3597 972 3649 et
986 3588 1138 3647 sufficienti
1154 3603 1218 3646 esca
1237 3591 1419 3645 contentum:
1440 3592 1468 3644 et
1481 3590 1616 3645 loannem
1641 3588 1710 3659 pitis
1724 3601 1778 3644 ca-

60 3702 111 3759 que
134 3686 246 3744 dicatis
268 3684 363 3757 rebus,
387 3697 461 3755 saepe
480 3683 639 3740 Christiani
660 3680 786 3738 accusati
809 3683 887 3736 sunt.
945 3679 1013 3736 meli
1030 3680 1174 3751 indutum,
1188 3681 1217 3734 et
1236 3679 1342 3751 agresti
1355 3677 1437 3734 melle
1449 3679 1603 3750 nutritum,
1618 3677 1778 3735 Christum·

59 3777 124 3833 fiam
151 3775 339 3832 Christianus
356 3773 521 3830 Christiano
545 3768 892 3844 huiusmodiaccusatio-
947 3783 1002 3841 que
1030 3768 1124 3841 digito
1150 3768 1403 3840 demonstrantem,
1434 3771 1463 3824 et
1488 3767 1666 3838 profltentem
1698 3767 1775 3824 bunc

61 3880 121 3924 nem
153 3865 325 3924 nullatenus
353 3864 473 3921 intulit:
499 3864 548 3920 sed
580 3861 696 3919 inutilis
725 3864 769 3917 est
792 3860 892 3931 iustus
947 3853 1459 3928 tollerapeccatunmunuituaoo.
1483 3857 1685 3929 nquiorem:
1712 3868 1778 3911 cum

63 3956 179 4028 injusto,
219 3954 459 4025 quemadmodum
492 3952 584 4023 lippis
613 3951 708 4009 oculis
745 3949 797 4006 sol.
832 3946 890 4019 lpsi
947 3948 995 4005 bis
1016 3948 1102 4004 etiam
1126 3960 1260 4019 magnum
1285 3946 1436 4018 basilium,
1458 3951 1545 4017 atque
1567 3950 1726 4002 ascetarum
1749 3948 1778 4001 et

64 4045 165 4117 qnippe
199 4042 343 4115 fugientes
366 4055 383 4099 a
410 4042 541 4113 veritate,
563 4045 648 4113 atque
686 4039 722 4096 ab
752 4037 893 4095 ecclesia·-
947 4036 1153 4095 monachorum
1181 4035 1407 4106 multitudinem,
1430 4049 1549 4107 corpore
1576 4033 1777 4092 arefactorum.

65 4135 131 4191 stica
148 4134 211 4207 lege
227 4132 349 4204 repulsi,
366 4131 467 4188 traditi
490 4134 558 4188 sunt
579 4128 759 4200 falsiloquiis
781 4131 810 4183 et
828 4138 893 4182 ma·
946 4131 1062 4184 Nevero
1081 4127 1269 4183 extendamus
1283 4139 1452 4195 sermonem,
1476 4139 1631 4196 paucorum
1652 4123 1780 4181 mentio-

66 4221 194 4294 ledictis3
212 4225 242 4279 et
263 4221 339 4279 nihil
361 4220 442 4278 aliud
468 4219 622 4293 colligunt,
644 4231 731 4290 qnam
754 4221 893 4274 utaccu-
948 4231 1012 4274 nem
1045 4215 1191 4286 facientes,
1234 4207 1345 4285 reliqua
1386 4214 1553 4271 dimisimus
1591 4214 1780 4271 audientibus

68 4317 124 4370 sant
144 4311 328 4369 Christianos
343 4313 371 4367 et
390 4310 505 4368 Domini
530 4308 712 4379 sacerdotes,
733 4305 816 4378 qunsi
840 4305 894 4361 de«
949 4306 1167 4378 perscrutanda.
1204 4303 1346 4359 Habemus
1376 4303 1453 4360 enim
1485 4317 1596 4360 ornnem
1633 4301 1779 4375 Evangelii

70 4402 235 4475 reliquerint
265 4402 355 4457 Deum
378 4400 474 4458 vivum
496 4404 524 4456 et
552 4411 661 4470 verum,
690 4401 777 4468 atque
800 4393 894 4451 iconis
909 4395 1143 4470 Dnarrationem
1156 4393 1309 4464 depictam,
1323 4398 1351 4448 et
1364 4393 1400 4449 ad
1416 4392 1641 4449 recordationem
1660 4392 1711 4447 Dei
1729 4405 1781 4449 nos

72 4490 245 4548 deserviant:
271 4488 404 4546 maledici
430 4488 546 4560 quidam
571 4491 600 4543 et
627 4485 699 4557 laesi,
725 4480 893 4553 multiloqui
948 4485 1136 4542 adducentem
1156 4487 1183 4539 et
1198 4481 1304 4555 gaudio
1320 4495 1372 4539 nos
1387 4481 1550 4552 replentem.
1563 4481 1614 4537 ilis
1628 4480 1705 4537 enim
1720 4478 1782 4536 vul-

75 4576 361 4653 [demonstratores
369 4579 511 4637 locutores
519 4576 676 4648 temerarii,
687 4567 893 4647 etlinguacesl,
950 4573 1030 4630 tibus
1045 4573 1154 4629 nostris
1164 4572 1315 4643 appositis,
1329 4585 1379 4628 cor
1395 4570 1557 4627 timentium
1568 4570 1722 4626 Dominum
1736 4569 1783 4626 lae.

75 4671 202 4729 ethorum
215 4673 371 4728 sectatores
382 4667 472 4725 effecti
487 4667 595 4739 etquis
616 4665 781 4723 timentium
794 4664 894 4731 Deum,
951 4662 1089 4733 tisscatur,
1104 4662 1186 4717 floret
1200 4659 1297 4732 facies,
1314 4661 1411 4717 anima
1425 4659 1510 4717 taedio
1522 4658 1621 4716 affecta
1641 4659 1671 4715 in
1681 4658 1784 4715 alacri-

76 4763 100 4815 et
107 4760 299 4818 deridentium
310 4772 366 4815 iton
376 4758 466 4815 latum
479 4757 571 4814 risum
585 4770 670 4813 suum
683 4751 837 4811 effundat?
852 4749 896 4806 vel
951 4756 1037 4808 tatem
1054 4748 1237 4823 transfertur,
1253 4755 1282 4806 et
1296 4750 1395 4820 psallit
1418 4763 1474 4806 una
1488 4764 1553 4806 cum
1567 4749 1618 4805 Dei
1635 4752 1715 4820 patre
1724 4751 1784 4806 Da-

77 4851 229 4920 potiusnon
241 4849 320 4906 tristi
333 4849 456 4905 lamento
470 4848 610 4904 induatur
621 4851 649 4902 et
660 4850 741 4902 nocte
755 4840 897 4913 profunda
952 4841 1019 4897 rid:
1042 4841 1198 4907 Memorare·
1216 4841 1266 4895 Dei
1280 4845 1305 4895 et
1326 4840 1473 4896 delectatus
1492 4855 1552 4895 sum
1570 4839 1652 4911 (Psoi.
1675 4837 1781 4913 unam).

78 4951 152 5012 snper
166 4941 221 4998 hac
234 4941 364 5011 ipsorum
378 4937 549 5009 impietate‘l
572 4938 607 4993 Et
620 4936 689 5008 quia
703 4946 769 4990 cum
783 4931 843 4988 sint
856 4929 897 4986 in·
953 4930 1119 4986 Memoriam
1135 4941 1201 5001 ergo
1211 4928 1261 4984 Dei
1277 4942 1327 5000 per
1341 4943 1389 4985 eos
1402 4943 1513 5000 semper
1525 4929 1671 4987 habemus.
1687 4928 1783 4986 Lectio

77 5035 196 5088 rentohes
221 5029 363 5086 malornm
386 5028 543 5084 secundum
558 5026 689 5083 divinum
715 5021 895 5094 Apostolum,
953 5021 1030 5077 enim
1045 5019 1142 5077 minus
1156 5032 1362 5090 nonnunquam
1378 5020 1516 5077 recitatur
1527 5020 1558 5076 in
1568 5018 1782 5078 venerabilibus

76 5119 399 5179 defeceruntscrutantes
409 5117 562 5186 scrutinia,
572 5113 898 5188 garrulitatibuseornm
953 5110 1078 5180 templis,
1096 5108 1262 5182 imaginalis
1282 5123 1348 5166 vero
1368 5108 1500 5167 formatio
1515 5125 1639 5183 vespere,
1660 5123 1741 5166 mane
1756 5112 1786 5165 ct

75 5209 138 5268 bene
151 5212 247 5268 valere
262 5207 392 5278 fatentes,
408 5206 583 5263 sufficienter
601 5205 652 5260 hei
668 5204 761 5275 gratia
780 5201 816 5258 ad
830 5214 900 5272 per·
955 5199 1075 5256 meridie
1099 5203 1235 5270 tanquam
1253 5198 1282 5255 ιιι
1305 5199 1348 5256 eis
1369 5200 1508 5275 stabilita,
1530 5204 1628 5258 narrat
1648 5199 1733 5256 nobis
1756 5199 1786 5254 et

74 5299 168 5360 tectam
191 5299 419 5358 destructionem
442 5310 580 5354 vanarum
601 5293 811 5367 cogitationum
832 5287 898 5347 falsi
954 5289 1109 5348 annuntiat
1137 5290 1286 5346 veritatem
1308 5294 1461 5363 gestorum.
1494 5292 1692 5363 suscipiamus
1717 5301 1784 5362 crgo

73 5392 195 5450 nominis
209 5402 311 5449 eorum
324 5387 454 5444 scientiae
463 5384 676 5458 [disputatione
691 5380 821 5455 peracta]
835 5392 902 5437 con·
956 5380 1141 5438 traditionem
1164 5380 1308 5453 Ecclesia,
1326 5382 1499 5440 honoremus
1512 5381 1736 5454 legislationem3
1748 5388 1784 5432 ne

73 5485 256 5547 romorantes,
282 5481 311 5534 ct
332 5490 398 5534 cum
422 5474 567 5534 veteribus
597 5472 756 5531 heresibus
775 5483 901 5531 errorem
956 5473 1118 5529 scrutemur
1128 5470 1205 5542 piam
1217 5475 1246 5528 et
1260 5471 1418 5545 legitimam
1433 5471 1680 5542 consuetudinem,
1693 5480 1729 5523 ne
1737 5480 1786 5524 cu·

73 5563 166 5631 imuis
176 5567 333 5645 pravitatis
343 5566 472 5639 ipsorum
482 5566 730 5636 connumerantes,
744 5561 904 5622 huncexci·
957 5561 1035 5622 riose
1057 5574 1175 5636 agamus
1188 5561 1325 5620 adversus
1341 5563 1462 5635 antiqua
1480 5561 1557 5633 lura.
1574 5559 1664 5619 Omne
1677 5555 1787 5631 quippe
