3876 6090
122 245 153 303 81
479 247 752 307 INTERPRETATIO
770 251 895 310 sidoni
913 254 973 311 vill
991 252 1191 309 GENERALIS.
1201 251 1355 343 -thTlO
1372 253 1416 310 vt.
1743 248 1781 309 nd

121 370 321 443 positusdixit
332 390 339 427 ε
352 373 614 444 Loquere,domiue
625 375 718 446 Photi,
731 378 922 451 quodcunque
933 380 963 441 A
980 377 1096 434 inutilia
1111 382 1139 433 et
1165 377 1290 433 invalida
1311 381 1397 434 erunt
1412 392 1474 447 quse
1493 381 1552 434 ate
1572 379 1649 435 dicta
1675 384 1774 436 etacta

89 521 90 524 Ἴ
122 460 923 532 hahesjustitiaecpus:totusmnndushicestncclau-
977 466 1169 524 constiterint.
1200 466 1312 522 Scimus
1335 467 1404 536 quia
1425 466 1499 522 nihil
1525 469 1722 538 potes3qn0d
1748 469 1774 524 si

120 550 169 605 dat
179 549 289 605 viscera
306 564 360 606 sua
371 556 469 606 saneta
484 557 511 607 et
523 551 695 609 universalis
714 555 853 624 synodus:
866 571 923 627 que
978 555 1064 612 habes
1074 556 1199 627 aliquam
1208 555 1454 627 y'ustitlcationem,
1466 556 1597 627 loquere,
1609 557 1672 611 sine
1683 570 1776 626 perso-

122 639 344 709 namquevlsex
364 638 925 712 hocconiugcre‘iliomam‘iEccealie-
979 658 1079 701 narum
1094 645 1450 714 acceptioneeonstatosse
1469 644 1635 700 concillum.
1655 645 1774 701 Photius

121 740 163 783 ma
178 744 185 780 :
199 729 230 783 ln
245 727 394 784 Orientem
407 728 421 782 ‘i
433 730 473 784 lin
483 728 519 784 ah
529 729 644 785 Oriente
656 731 703 786 hic
712 731 817 789 adsunt
829 750 835 786 :
847 733 921 804 vide,
977 739 1072 789 autem
1087 733 1185 789 crebro
1198 734 1363 804 compulsus
1373 740 1405 790 ut
1421 734 1559 790 rationem
1572 735 1662 803 daret,
1675 746 1776 789 mane-

119 830 152 872 ηε
166 816 325 872 claudatur
343 817 433 886 janua
452 835 459 870 ι
478 817 503 873 si
527 817 576 873 isti
596 819 763 882 clauserint,
787 835 868 877 nemo
880 827 923 879 est
978 821 1026 877 hat
1038 821 1112 876 nihil
1128 822 1246 877 omnino
1259 823 1440 892 respondens.
1457 821 1652 878 Deindedixit
1674 825 1773 878 sancta

118 905 168 975 qui
179 905 303 975 aperiat.
321 906 385 974 liic,
398 905 481 962 homo
493 906 554 975 liei,
572 921 656 977 quam
674 907 760 964 hahes
776 909 923 978 justitien-
977 914 1005 964 et
1017 910 1189 966 universalis
1199 911 1342 980 synodus:
1364 911 1463 982 vadat,
1475 916 1503 967 et
1524 909 1679 981 perpendat
1698 910 1773 980 qnod

117 993 257 1050 tionem?
276 994 398 1051 Photius
416 994 493 1050 dixit
511 1013 518 1049 ε
540 995 607 1050 hiem
623 992 846 1066 justificationes
867 1013 922 1057 non
977 998 1034 1054 sihi
1045 999 1216 1055 conveniens
1231 1000 1279 1055 sit.
1293 999 1425 1055 litexivit
1436 1000 1564 1057 Photius.

118 1087 185 1139 sunt
201 1082 233 1138 iu
246 1082 300 1138 hoc
314 1083 420 1139 mundo
436 1084 481 1153 ,si
498 1084 527 1139 in
544 1085 650 1142 mundo
666 1085 718 1141 hec
737 1092 841 1159 essent,
856 1088 922 1145 inde
1011 1087 1119 1142 Deinde
1129 1087 1774 1158 stansinmediosaphanusueeamielssimus

118 1171 267 1227 rideretis.
275 1172 404 1228 Bahunes
411 1171 660 1229 laudabilissimus
668 1175 808 1245 patricius
817 1180 846 1232 et
855 1191 923 1247 prae·
976 1175 1115 1231 diacouus
1131 1182 1234 1232 sanetae
1244 1177 1625 1248 constantinopolitanorum
1641 1176 1774 1232 Ecclesiae

120 1261 233 1331 positus
242 1260 338 1316 dixit:
352 1263 409 1316 Nos
418 1265 545 1317 tenemus
556 1263 833 1333 qulaconlusioneet
845 1271 921 1323 metu
976 1264 1399 1322 etdevotusaotarlustaudrvh
1410 1267 1465 1320 ita:
1478 1267 1677 1322 llultosunnos
1688 1265 1775 1335 impe-

118 1349 397 1420 depressusdesipis,
408 1350 712 1420 nesciensquiddicas:
723 1355 920 1424 propterquod
976 1356 1102 1409 ratarum
1114 1353 1213 1409 Basilii
1229 1354 1465 1410 etConstantinil
1483 1355 1648 1426 Magnorum
1660 1354 1774 1425 princi-

118 1437 253 1493 concedit
263 1437 318 1493 tihi
330 1443 427 1493 sancta
438 1443 466 1494 ct
477 1438 649 1494 universalis
659 1441 785 1510 synodus
794 1444 920 1512 spatium
976 1455 1042 1510 pum
1053 1446 1081 1496 et
1092 1441 1295 1513 imperatorum
1307 1443 1412 1499 multos
1422 1456 1512 1499 annos
1523 1443 1530 1496 l
1542 1443 1771 1499 Orthodoxorum

116 1525 149 1582 ad
163 1525 364 1581 meditandum
375 1526 496 1583 salutem
507 1529 595 1583 tuam.
613 1528 697 1599 Vade,
718 1535 747 1585 et
768 1532 921 1600 rursusju·
976 1529 1178 1599 imperatorum
1191 1531 1296 1587 multos
1306 1545 1396 1588 annos
1408 1532 1414 1586 i
1427 1532 1611 1588 Pacidcorum
1624 1532 1773 1601 imperato-

116 1613 231 1670 hettibi
262 1614 437 1670 venirehuc.
452 1615 572 1672 Photius
589 1616 661 1672 disit
683 1618 833 1688 :Spatium
851 1619 920 1691 qui·
975 1632 1037 1673 rum
1050 1619 1155 1675 multos
1173 1633 1263 1676 annos
1277 1620 1490 1691 lOepositorum
1502 1619 1654 1689 iniustitiae
1668 1619 1772 1675 multos

115 1703 177 1758 dem
191 1716 250 1759 non
261 1703 399 1772 deprecor
431 1706 920 1776 utautememittararohls,vestrae
936 1700 960 1761 B
974 1720 1063 1763 annos
1073 1707 1080 1761 l
1090 1708 1219 1764 llostium
1227 1709 1368 1764 mendacii
1379 1707 1595 1765 multosannosl
1606 1705 1772 1763 hmatorum

116 1793 270 1862 potestatis
280 1798 333 1847 est.
346 1792 472 1849 Bahanes
482 1793 732 1852 laudabilissimus
741 1796 881 1866 patricius
891 1804 919 1855 cl
973 1794 1149 1852 etiautorum
1160 1797 1291 1853 veritatis
1300 1797 1516 1854 multosannosl
1530 1797 1664 1852 Eudoxiae
1677 1795 1773 1866 piissi-

116 1880 292 1951 praepositus
303 1881 395 1936 dixit:
410 1882 920 1954 nonumesttractareteeumpteon·
973 1897 1025 1940 mae
1034 1883 1168 1956 Augustae
1177 1886 1396 1942 multosannosl
1409 1885 1772 1954 hieotalheattssimipapa

115 1971 245 2026 siderare
264 1971 340 2040 quod
353 1972 495 2042 expediat,
515 1976 544 2028 et
563 1973 709 2043 procidere
724 1973 793 2030 huic
813 1982 918 2032 sanctas
972 1971 1090 2029 Romani
1101 1979 1205 2031 aeoerna
1217 1974 1352 2030 memoria
1366 1974 1504 2030 lhdriani
1521 1973 1673 2031 orthodoxi
1687 1984 1772 2043 papae

114 2059 234 2129 synodo.
245 2058 393 2114 iudicium
403 2059 480 2115 enim
492 2075 546 2116 non
562 2062 707 2132 accipiens
716 2077 874 2134 personam,
884 2078 917 2121 ae
971 2061 1090 2116 Romani
1103 2062 1588 2134 multosannoslignatiiorthodoxi
1601 2061 1771 2131 patriarchae

114 2147 260 2204 divinitus
272 2147 496 2220 inspiratum,et
508 2151 917 2223 sanetanniversalissynodus
971 2150 1256 2219 constammopoleos
1276 2151 1381 2207 multos
1400 2164 1490 2206 annos
1510 2149 1517 2204 i
1538 2148 1769 2205 Orthodoxcrum

115 2249 169 2293 uon
180 2250 216 2292 ex
230 2249 289 2291 unc
299 2241 342 2292 est
355 2241 476 2308 mutum,
488 2238 535 2294 sed
548 2240 782 2310 utpraediximus,
794 2255 829 2296 ex
840 2255 919 2298 mun·
973 2238 1200 2308 patriarcharum
1211 2239 1338 2296 Orientis
1356 2239 1461 2294 multos
1479 2251 1569 2295 annos
1588 2236 1595 2292 l
1611 2236 1769 2293 Orthodoxi

114 2325 143 2381 di
158 2325 270 2382 linibus
287 2330 348 2394 est3
368 2331 397 2382 et
417 2327 480 2383 ideo
499 2341 645 2384 monemus
660 2334 692 2384 ut
705 2330 879 2402 poenitearis,
891 2334 919 2386 et
973 2334 1089 2385 senatus
1100 2329 1205 2384 multos
1215 2342 1305 2385 annos
1317 2328 1323 2383 l
1337 2329 1446 2383 Sanctae
1457 2332 1486 2383 et
1497 2325 1669 2383 universalis
1679 2338 1769 2396 syno-

115 2415 246 2471 solvatur
255 2416 449 2472 anathematis
457 2417 667 2489 sententiaquae
678 2418 917 2489 inteproiataest.
972 2417 1003 2474 di
1019 2423 1123 2474 aeterna
1138 2417 1292 2473 memorial

74 2570 78 2579 .
115 2505 437 2562 Postdiscessumeuim
452 2512 614 2565 sauctorum
634 2507 807 2565 vicariorum
817 2514 920 2568 cuncte

776 2802 903 2874 hetto
952 2802 1109 2875 snxrl.

147 3104 177 3159 ln
193 3101 314 3158 nomine
327 3100 444 3157 Domini
460 3103 488 3156 et
502 3100 693 3157 dominatoris
709 3098 838 3156 omnium
851 3100 916 3155 lesu
931 3096 956 3164 G
972 3097 1076 3168 niaric,
1089 3094 1248 3155 Thheohilo
1264 3097 1548 3171 magnificentissimo
1559 3099 1729 3169 proconsule
1740 3104 1769 3157 ot

112 3191 218 3248 Christi
231 3190 293 3246 veri
309 3189 359 3245 lici
374 3189 567 3246 etSalratoris
582 3189 683 3245 nostri.
700 3188 816 3258 imperii
830 3201 847 3243 a
861 3189 918 3243 Deo
973 3185 1104 3255 patricio,
1116 3186 1232 3243 Tarasio
1252 3186 1535 3259 magnificentissimo
1554 3188 1723 3258 proconsule
1737 3202 1771 3245 ac

113 3283 348 3336 coronatorumet
356 3277 665 3348 tranquillissimorum
677 3277 860 3334 dominorum
871 3289 919 3331 no
973 3275 1105 3344 patricio,
1120 3275 1206 3331 Paulo
1217 3275 1501 3347 magnificentissimo
1517 3277 1638 3345 patricio
1652 3282 1680 3332 ct
1693 3291 1775 3349 epar·

112 3364 919 3438 atrorum,Basiliiquidomaunoterti0‚Constantinivero
973 3363 1027 3418 cho
1044 3372 1064 3433 ¹,
1076 3361 1208 3418 Barbatio
1228 3362 1511 3434 magnificentissimo
1529 3365 1660 3436 patricio,
1681 3367 1771 3422 Leone

112 3457 164 3513 lilii
174 3458 240 3528 ejus
254 3469 331 3512 anuo
343 3455 479 3525 secundo,
494 3460 694 3525 perpetuorum
713 3453 918 3524 Augustorum,
974 3449 1258 3521 magnificentissimo
1276 3450 1397 3519 patricio
1408 3457 1436 3504 et
1445 3450 1602 3506 domestico
1618 3451 1771 3509 excubito-

111 3552 206 3602 octavo
224 3544 363 3601 kalendas
381 3543 540 3614 Octobrias,
559 3542 717 3598 indictione
735 3541 841 3611 tertia,
857 3553 921 3610 pro·
975 3537 1772 3611 rum,hlauuelemagnificentissimopatricio,Tneophy·

111 3635 212 3706 posltis
224 3633 362 3704 pretiosis
377 3632 676 3704 acrivitcisligntspt
687 3630 865 3687 intemeratis
877 3645 920 3685 sa-
975 3628 1049 3682 lacte
1060 3625 1343 3697 magnificentissimo
1355 3625 1488 3696 patricio,
1497 3626 1645 3682 Petronate
1655 3628 1770 3699 magni-

110 3725 178 3781 lutis
192 3729 300 3779 nostra
313 3721 485 3793 Et'angeliis3
497 3720 666 3791 presidente
679 3720 776 3775 eodem
784 3719 917 3790 piissimo
973 3714 1159 3771 licentissime
1185 3714 1316 3786 patricio,
1338 3714 1466 3771 lilanuele
1486 3713 1769 3787 magnificentissimo

109 3819 135 3868 et
143 3813 239 3868 amico
248 3809 360 3866 Christi
371 3810 551 3880 imperatore,
566 3809 595 3865 in
606 3809 721 3864 dextera
732 3813 811 3879 parte
820 3807 914 3880 magni
971 3804 1101 3875 patricio.
1117 3818 1168 3859 nec
1179 3818 1235 3860 non
1246 3810 1274 3860 et
1282 3802 1499 3861 considentibus
1508 3805 1565 3859 lieo
1582 3805 1770 3861 amicissimis

111 3901 235 3959 nominis
247 3899 349 3970 templi
362 3897 622 3972 magnaeecclesiae:
640 3898 824 3957 conveniente
835 3910 915 3952 sanc
970 3892 1171 3962 metropolitis,
1179 3892 1291 3948 scilieet
1299 3891 1649 3948 BasilieDcoamicissimo
1660 3893 1772 3950 archie-
1860 3919 1865 3930 ι

110 3997 175 4046 taac
188 3988 348 4047 universali
361 3987 478 4058 synodo,
491 3986 519 4042 id
531 3991 575 4042 est
584 3987 693 4043 Donato
703 3986 760 4041 Deo
771 3984 913 4040 amicissi-
968 3981 1038 4051 piso.
1051 3981 1165 4052 Ephesi,
1175 3980 1332 4050 Theophilo
1340 3980 1580 4037 Decumicissimo
1588 3982 1769 4051 metropolita

110 4080 300 4150 coepiscope
310 4076 448 4148 Ostiensi,
459 4082 488 4132 et
503 4075 713 4146 Stephanolieo
733 4074 911 4130 amicissimo
965 4069 1227 4141 hncyrae,liarnuha
1244 4072 1301 4126 Deo
1313 4069 1491 4126 amicissimo
1500 4070 1680 4140 metropolita
1689 4070 1767 4142 Cyzi,

109 4168 240 4239 episcopo
250 4165 406 4236 Nepesino,
421 4171 450 4220 et
463 4165 573 4221 hiarino
588 4163 825 4220 reverendissimo
844 4161 912 4219 dia·
965 4158 1125 4229 Nicephoro
1155 4159 1212 4214 Deo
1233 4158 1411 4215 amicissimo
1447 4158 1628 4229 metropolita
1656 4160 1765 4232 Nicaeae,

110 4263 295 4315 tonosanctae
306 4256 497 4311 liomaucrum
508 4254 641 4310 Ecclesiae
654 4253 746 4308 locum
758 4250 911 4307 obtinenti·
964 4249 1189 4320 Nicephorolieo
1199 4249 1377 4306 amicissimo
1394 4250 1561 4319 metropolin
1575 4249 1706 4317 Amasim,
1721 4249 1768 4304 Ni·

110 4346 158 4403 hus
167 4346 294 4404 Adriani
306 4344 483 4401 sanctissimi
505 4356 583 4414 papae
603 4341 732 4412 Romani,
753 4345 781 4395 et
801 4338 909 4410 ignatio
964 4342 1089 4397 cetalieo
1100 4340 1277 4396 amicissimo
1293 4338 1472 4409 metropolita
1483 4339 1668 4409 Athenarum,
1680 4339 1767 4394 Theo

110 4436 291 4493 sanctissimo
301 4433 464 4504 patriarcha
479 4431 763 4502 constantinopoleos
779 4450 786 4502 3
803 4436 831 4488 et
840 4425 949 4487 Tho-D
964 4431 1033 4486 doro
1044 4433 1100 4486 lieo
1112 4430 1289 4486 amicissimo
1302 4429 1481 4499 metropolita
1491 4429 1590 4493 Caria,
1602 4430 1767 4500 Metropha-

111 4539 149 4581 ma
163 4524 355 4580 sanctissimo
370 4522 532 4592 metrpolita
551 4521 628 4592 Tyri,
650 4521 742 4577 locum
763 4521 909 4575 obtinente
965 4518 1763 4590 nelieoamicissimometropolitaSmyrnae,Basilio,Oeo

110 4611 545 4682 seuishntioehae‚etllelialteo
556 4610 759 4667 colendissimo
770 4609 911 4680 preshytc·
964 4607 1764 4679 amicissimometropolitaGangrensium,CyprlanoOeo

110 4708 173 4759 roei
183 4701 325 4783 syncello,
346 4700 440 4755 locum
459 4699 607 4755 obtinente
626 4699 906 4770 Hierosolymorum:
964 4698 1141 4754 amicissimo
1163 4698 1344 4768 metropolita
1363 4696 1592 4767 claudiopoleos,
1616 4696 1763 4753 Hilarione

110 4797 243 4862 prasente
253 4795 350 4847 autem
362 4795 389 4844 et
402 4802 482 4845 sacro
493 4794 603 4858 senatu,
619 4788 755 4844 videlicet
763 4787 909 4843 Theodoro
964 4789 1020 4844 lieo
1039 4788 1215 4844 amicissimo
1227 4786 1409 4857 metropolita
1419 4785 1561 4857 Corinthi,
1578 4785 1694 4841 Nicolac
1705 4786 1763 4841 Deo

109 4879 395 4954 magnificentissimo
407 4876 529 4948 patricie
545 4877 691 4949 magistro,
702 4876 909 4945 Christophoro
964 4877 1141 4934 amicissimo
1151 4876 1331 4946 metropolita
1342 4876 1548 4947 synnadorum,
1561 4873 1762 4930 llichacleDeo
1833 4938 1839 4947 ,

109 4966 395 5041 magnificentissimo
412 4965 533 5036 patricio
545 4965 691 5037 magistro,
704 4966 793 5020 Leone
804 4963 910 5035 magni·
963 4966 1140 5023 amicissimo
1155 4965 1335 5036 metropolita
1346 4964 1449 5036 nhoui,
1462 4964 1614 5033 Euthymio
1627 4965 1683 5018 Deo
1692 4962 1762 5018 ami-

109 5057 296 5114 dcentissimo
307 5055 480 5126 proconsule
490 5068 522 5110 ae
543 5054 674 5125 patricie,
696 5053 825 5109 ilemerio
846 5065 910 5107 ma·
964 5055 1082 5112 cissimo
1096 5053 1277 5124 metropolita
1288 5054 1409 5122 catana,
1423 5053 1590 5109 Photiolieo
1612 5051 1762 5107 amicissi-

109 5145 348 5216 guideentissimo
371 5143 541 5215 proconsule
559 5156 591 5198 ac
612 5143 748 5214 patricio,
768 5142 910 5212 Stephano
965 5145 1235 5214 mearchiepiscopo
1247 5141 1599 5215 Nacoltm,Stephaneneo
1611 5139 1762 5196 amicissi-

109 5233 395 5306 magnidcentissimo
411 5233 533 5304 patricio
543 5237 571 5288 et
583 5231 742 5301 sacellario,
754 5232 844 5287 Leone
857 5242 912 5284 mu·
965 5248 1010 5290 mo
1020 5233 1235 5304 archiepiscopo
1247 5232 1453 5302 Cypsallorum,
1467 5230 1572 5286 Basilio
1583 5230 1639 5284 Dee
1649 5226 1761 5284 amicis-

109 5322 348 5394 gnillcentissimo
360 5322 530 5392 proconsule
540 5335 572 5377 ac
588 5320 720 5392 patricio,
736 5319 845 5375 hiarino
857 5330 912 5373 ma·
965 5324 1038 5380 simo
1048 5322 1264 5392 archiepiscopo
1278 5320 1411 5391 hlisrhiae,
1432 5318 1602 5389 Theophane
1621 5317 1678 5371 lieo
1693 5314 1765 5370 ami·

110 5411 351 5482 guiliceutissimo
374 5411 555 5482 proconsule,
577 5409 699 5481 patricio
718 5411 747 5464 et
761 5406 913 5479 protoscri·
964 5402 1760 5485 cissimoarchiepiscoposelges,PauloDeoamicissimo

143 5540 199 5596 ·1‹l
213 5543 268 5610 est,
281 5536 423 5608 praelecte.
