3876 6090
110 237 164 296 635
721 238 901 297 tmasrnsu
918 239 1190 299 mmmommcntttl
1238 259 1240 263 ·
1761 237 1818 296 636

136 389 228 451 biba.
242 388 331 459 Είτδις
342 391 483 470 γενομένας
492 393 612 463 συνόδους
627 399 654 455 cri
665 393 794 460 κελεύσεις
804 397 856 452 τῶν
870 397 914 472 βα-

136 476 229 538 σιλίων
249 486 380 560 κυροῦσιν,
405 483 463 540 ἀλλ’
480 485 540 562 οὐχὶ
559 482 665 555 εθσεόής
679 483 774 544 πίστις,
795 480 914 549 δέξωνται

135 567 180 627 καί
191 564 238 634 rb<
251 565 320 627 κατὰ
332 574 378 628 τοῦ
392 569 517 646 δμουσίου
530 570 669 649 γενομένας
680 567 812 640 συνόδους,
828 565 915 638 ἐπειδὴ

136 653 251 715 κελεύσει
272 655 400 735 βασιλέων
418 656 554 736 γεγόνασι·
576 660 642 741 φημί
663 657 701 733 δδ,
721 655 769 729 τήν
783 659 809 716 ἐν
822 654 913 737 Τύρῳ,

135 740 183 814 τήν
197 745 223 802 ἐν
243 745 395 822 Ἀντιοχεία.
411 743 459 816 τήν
470 749 497 804 ἐν
510 746 661 817 Σελευκεία,
676 745 724 818 τήν
737 749 764 805 ἰν
778 748 915 804 Κωνσταν·

135 829 281 892 τινουπόλει
294 833 337 892 ἐπί
347 833 468 902 Euboi-sorr
478 840 526 894 τοῦ
539 836 679 914 Ἆρειανοῦ,
692 832 740 906 τήν
756 836 781 892 ἐν
791 832 859 913 Νίκῃ
868 838 915 904 τῆς

136 917 259 1001 Θρᾴκης,
274 919 322 992 τήν
338 924 365 981 ἐν
378 926 416 1003 τῷ
430 922 554 1004 Σερμίῳ·
570 923 614 983 καί
628 920 694 1001 μετὰ
706 921 799 987 ταύτας
810 922 917 987 πολλοῖς

136 1005 242 1090 θστερον
263 1007 377 1089 χρόνοις,
398 1007 446 1081 τήν
464 1013 490 1069 ἐν
510 1010 612 1095 Ἐφέσῳ
631 1010 759 1089 δεύτερον,
781 1002 812 1080 ἧς
826 1008 916 1088 ἐξῆρχε

136 1093 291 1176 Διόσκορος·
304 1094 367 1163 tia<
380 1094 429 1177 γδρ
438 1095 532 1164 τούτοις
541 1097 657 1166 κέλευσις
669 1096 793 1178 βασιλέων
801 1097 915 1176 ἤθροισε,

136 1183 182 1242 καί
198 1181 272 1261 ὅμως
295 1192 377 1256 πᾶσαι
390 1184 577 1266 κατεκρίθησαν
589 1184 631 1244 διὰ
642 1183 690 1256 τὴν
703 1181 788 1244 atsto
801 1188 917 1243 τῶνκυ·

137 1268 268 1350 ρωθίντων
285 1270 390 1338 eosdm<
408 1270 553 1348 δόγμότων.
571 1270 621 1331 Διὰ
637 1272 663 1332 τί
676 1269 704 1331 δὲ
717 1275 764 1331 οὐκ
778 1270 916 1331 adame

79 1392 86 1402 ι
136 1354 184 1428 τήν
195 1359 353 1417 καθιλοῦσαν
367 1359 473 1417 Παῦλον
485 1358 529 1418 τὸν
543 1358 704 1436 Σαμοσατία
718 1358 824 1418 ἐπὶτῶν
838 1357 916 1435 ἁγίων

136 1444 181 1503 καί
194 1445 331 1526 μακαρίων
352 1444 482 1526 πατέρων,
497 1446 630 1507 διονυσίου
642 1453 690 1506 τοῦ
702 1446 777 1504 πόπα
797 1443 914 1521 Ῥώμης,

136 1535 180 1592 καί
191 1531 328 1593 Διονυσίου
340 1539 391 1593 τοῦ
412 1529 620 1615 Ἀλεξανηρείοις,
643 1534 689 1593 καί
708 1533 850 1614 Γρτγγορύου
869 1538 917 1591 τοῦ

136 1619 356 1702 θαυματουργοθ,
372 1626 418 1681 τοῦ
430 1625 478 1693 τῆς
487 1626 566 1694 αὐτῆς
574 1621 692 1704 ἄρξαντος
704 1621 821 1692 συνόδου,
829 1617 916 1689 ίπειδή

943 365 1099 427 Atirmata
1127 369 1340 441 synodusque
1366 369 1461 425 Romae
1482 365 1625 423 celebrata
1650 370 1705 441 est,
1734 378 1815 437 quo-

988 455 1065 512 niam
1093 456 1156 513 sine
1179 456 1310 527 jussione
1338 456 1412 513 iacta
1439 459 1482 512 est
1509 453 1702 525 imperatoris.
1736 455 1814 510 rtur.

986 545 1016 602 Si
1042 547 1165 618 synodos
1194 561 1258 618 que
1288 544 1369 603 factae
1395 548 1464 602 sunt
1486 542 1633 614 y‘ussiones
1661 543 1821 614 imperato

987 648 1051 690 rum
1075 633 1205 702 firmant,
1235 639 1265 692 et
1291 648 1347 693 non
1374 634 1422 705 pia
1448 631 1536 700 tides3
1564 630 1660 703 recipe
1688 631 1818 703 synodos

987 737 1050 795 quau
1077 729 1177 780 contra
1205 724 1376 782 homousion
1404 721 1484 779 factae
1507 724 1594 776 suut:
1620 733 1685 777 nam
1706 720 1820 791 jussio·

987 825 1023 868 ne
1043 812 1206 884 principum
1232 818 1300 870 sunt
1324 816 1450 883 patratae.
1472 811 1596 886 Primam
1614 810 1762 884 ‘videlicet
1785 812 1817 868 in

986 901 1068 973 Tyro,
1091 903 1243 958 sesumam
1260 902 1290 957 iu
1313 901 1479 972 Antiochia,
1495 903 1610 961 tertiam
1632 899 1818 958 insolencia

987 986 1117 1062 quartam
1141 991 1172 1047 in
1196 989 1443 1062 Constantinopoli
1459 990 1513 1047 sub
1537 989 1668 1048 Eudoxio
1690 989 1815 1064 ariano,

987 1077 1118 1149 quintam
1134 1077 1164 1133 in
1179 1079 1248 1134 Nice
1260 1092 1323 1149 qua
1344 1084 1386 1135 est
1400 1078 1430 1134 in
1445 1079 1562 1151 Thrace,
1583 1082 1690 1135 sextam
1705 1078 1738 1134 in
1758 1079 1817 1135 Sir-

988 1165 1063 1236 mio,
1077 1170 1115 1236 et,
1132 1167 1265 1236 posthac
1279 1167 1369 1223 muloo
1383 1172 1456 1238 post,
1475 1167 1636 1237 septimam,
1654 1166 1683 1222 in
1700 1166 1816 1237 Epheso

987 1254 1140 1312 secundam
1153 1256 1201 1311 cui
1214 1255 1369 1313 Dioscorus
1385 1255 1519 1328 praeiuit:
1543 1269 1642 1312 omnes
1656 1255 1736 1311 enim
1765 1255 1818 1312 has

989 1343 1192 1414 imperatorum
1219 1345 1313 1414 jussio
1345 1346 1519 1418 aggregavit.
1553 1345 1685 1401 Attamen
1718 1356 1818 1400 omnes

987 1432 1126 1489 damnatae
1138 1434 1516 1504 suntpropterimpietatem
1528 1431 1691 1490 infidelium
1702 1431 1818 1504 dogma·

987 1528 1048 1578 tum
1067 1519 1159 1578 abeis
1173 1521 1417 1579 confirmatorum.
1430 1522 1523 1593 Quare
1534 1527 1629 1578 autem
1643 1533 1701 1577 non
1716 1519 1820 1590 abjici-

989 1609 1028 1665 tis
1049 1622 1110 1666 earu
1135 1625 1197 1681 qua
1218 1610 1352 1681 deposuit
1375 1610 1494 1668 Paulum
1517 1611 1736 1667 samosatenum
1760 1608 1816 1665 sub

139 1706 177 1786 μή
190 1705 283 1787 γέρον,
304 1707 581 1787 ηλιύσ,,·βα,,γςως;
597 1711 676 1775 licio<
691 1706 718 1768 pt
731 1707 815 1768 maha
827 1709 915 1787 brayo-
947 1696 975 1760 Β
990 1698 1099 1756 sanctis
1110 1701 1139 1754 et
1152 1697 1245 1756 beatis
1264 1699 1402 1770 Dionysio
1417 1712 1489 1770 papa
1503 1699 1641 1767 Romano,
1664 1702 1693 1754 et
1713 1697 1818 1770 Diony·

138 1793 217 1876 ρεύει,
233 1793 313 1872 μόνας
327 1797 423 1863 ἐκείνας
433 1797 595 1877 ἐγκρίνασθαι
604 1795 734 1870 συνόδους,
745 1795 791 1863 τδις
802 1795 917 1856 κελεύσει

137 1882 265 1963 βασιλέως
279 1885 465 1964 ἀθροισθείσας,
475 1884 570 1958 itio<
584 1885 700 1947 κελεύσει
714 1885 841 1965 βασιλίυις
853 1885 917 1945 ποίν-

135 1995 183 2039 σας
194 1970 240 2039 τὰς
253 1972 372 2040 συνόδους
385 1973 558 2053 ἀθροίζεσθαις
584 1975 701 2042 Ἐκείνας
713 1967 779 2035 οἶδεν
793 1974 866 2052 ἁγίας
874 1975 918 2035 καί

136 2059 267 2141 ἰγκρίτους
281 2059 400 2128 συνόδους
415 2068 430 2122 δ
443 2061 550 2134 εθσεδὴς
572 2067 620 2135 τῆς
643 2063 799 2134 Ἐκκλησίις
819 2060 915 2133 κανὼν,

136 2146 166 2214 θε
179 2147 285 2230 ὀρθότης
299 2149 436 2229 δογμάτων
449 2151 555 2233 ίαρινεν.
567 2149 652 2211 Ἀλλὰ
665 2150 750 2217 καθὼς
761 2143 826 2212 σίδαν
840 2156 854 2211 δ
873 2152 917 2210 δε·

136 2233 234 2308 erraras
255 2259 317 2314 μου,
342 2240 386 2299 καί
409 2236 504 2306 ἄλλους
526 2238 650 2310 διδάσκει,
674 2239 792 2321 δεύτερον
804 2239 918 2317 γίνεσθαι

135 2321 240 2384 σύνοδον
253 2322 321 2384 κατὰ
342 2336 427 2386 πᾶσαν
441 2326 566 2408 ἐπαρχίαν
578 2331 627 2386 τοῦ
640 2325 713 2394 ίτους
725 2332 740 2387 δ
752 2326 838 2387 κανδιν
857 2330 917 2398 διη-

134 2409 256 2492 γόρευσε,
262 2411 403 2482 κελεύσεως
414 2416 551 2494 βασιλικῆς
561 2415 689 2494 μηδεμίαν
699 2418 802 2495 μνήμην
810 2438 916 2486 πεποιη·

137 2495 225 2574 γένος,
240 2500 279 2557 ἐπ’
295 2502 422 2584 ἀσφαλείᾳ
433 2506 479 2572 τῆς
500 2501 676 2582 σασαμίδας
698 2508 774 2583 ἡμῶν
795 2504 915 2570 πίστεως.

135 2587 182 2648 καὶ
192 2584 322 2667 διορθώσει
335 2588 439 2648 πάντων
451 2593 490 2670 τῷ
502 2590 562 2672 θείῳ
572 2595 619 2664 τῆς
631 2594 770 2666 ἐκκλησίας
783 2593 855 2675 νόμῳ
868 2591 917 2671 [μὴ

137 2672 333 2754 συναινούντων]
344 2677 500 2757 κεφαλαίων.

989 1788 1034 1845 sio
1057 1787 1260 1854 Alexandrino,
1281 1792 1368 1859 atque
1380 1788 1519 1861 Gregorio
1545 1785 1756 1845 miraculorum
1772 1800 1817 1858 pa·

989 1880 1095 1933 tratore
1107 1876 1158 1947 qui
1172 1876 1263 1933 eidem
1280 1875 1397 1947 praefuit
1415 1877 1533 1949 syuodo,
1549 1874 1687 1949 quoniam
1704 1880 1817 1933 nonest

985 1965 1116 2037 iussione
1126 1963 1200 2021 facta
1213 1965 1418 2036 imperatoris?
1432 1964 1486 2035 Qui
1499 1970 1634 2037 praeterea
1648 1976 1743 2021 canon
1757 1978 1818 2035 pro

989 2054 1099 2127 mulget
1110 2055 1186 2111 solas
1197 2054 1262 2112 illas
1272 2055 1471 2126 approbandas
1481 2055 1605 2127 synodos
1616 2067 1680 2125 quae
1695 2053 1817 2124 impera·

988 2146 1061 2203 toris
1079 2144 1210 2215 jussione
1225 2147 1293 2201 sunt
1309 2149 1486 2217 congregatae
1497 2143 1512 2199 l
1523 2154 1539 2186 ε
1552 2146 1656 2202 Verum
1677 2146 1735 2203 etsi
1760 2159 1818 2202 orn·

988 2234 1057 2292 nino
1069 2232 1199 2305 iussione
1211 2233 1413 2303 imperatorum
1426 2234 1549 2304 synodos
1560 2234 1736 2308 aggregetis,
1750 2233 1816 2290 illas

988 2322 1068 2381 norit
1084 2326 1196 2379 sanctas
1215 2326 1243 2378 et
1268 2320 1431 2392 probabiles
1455 2322 1579 2394 synodos
1592 2323 1660 2393 pius
1678 2322 1816 2379 Ecclesia

987 2425 1078 2468 canon
1097 2423 1169 2482 quas
1179 2410 1321 2467 rectitudo
1332 2409 1497 2482 dogmatum
1517 2411 1697 2481 approbarit.
1717 2411 1771 2469 sed
1788 2416 1816 2467 et

987 2498 1042 2569 bis,
1060 2498 1298 2570 quemadmodum
1321 2498 1402 2555 norit
1424 2498 1561 2555 dominus
1582 2512 1663 2555 meus
1687 2503 1717 2555 et
1739 2498 1813 2557 alios

985 2589 1078 2657 docet,
1093 2587 1155 2644 lleri
1168 2588 1291 2660 synodos
1307 2587 1429 2644 inomni
1446 2587 1594 2658 provincia
1607 2601 1657 2658 per
1676 2588 1813 2660 singulos

986 2690 1077 2733 annos
1087 2676 1185 2749 regula
1197 2676 1300 2747 sancit,
1309 2676 1452 2746 jussionis
1462 2675 1624 2747 imperialis
1634 2675 1747 2735 nullam
1760 2689 1813 2732 me

988 2764 1107 2822 moriam
1122 2763 1240 2837 iaciens,
1254 2765 1288 2821 ad
1306 2765 1459 2821 tuitionem
1475 2765 1614 2821 salutaris
1627 2764 1696 2821 iidei
1707 2769 1813 2821 nostrae

986 2858 1016 2910 et
1028 2854 1232 2910 correctionem
1248 2853 1378 2910 omnium
1401 2853 1595 2925 capitulorum
1618 2867 1683 2925 quae
1707 2852 1814 2910 divinae

986 2941 1233 3015 uon1conveniunt
1244 2941 1378 2998 Ecclesia
1394 2942 1459 3015 legi.

177 3030 288 3090 ΘΕΟΔ.
304 3027 353 3093 Ὧι
367 3026 451 3105 λίγεια
467 3032 550 3093 ἐστίν·
566 3037 585 3105 ή
598 3033 651 3090 τῶν
664 3026 800 3107 δογμάτων
811 3036 917 3114 ὀρθότης
945 3026 970 3091 C
1022 3033 1056 3088 Et
1081 3031 1158 3088 dixit
1180 3033 1281 3087 Traron.
1307 3031 1477 3102 episcopus:
1501 3032 1542 3089 lta
1560 3035 1612 3103 est,
1638 3037 1671 3089 ut
1695 3032 1814 3089 asseris.

137 3117 247 3200 ἐγκρίνει
267 3112 313 3181 ab<
336 3113 475 3187 συνόδους·
499 3119 568 3191 πλὴν
590 3121 620 3179 ού
643 3112 707 3196 δίχῃ
730 3118 775 3177 τὸν
798 3122 917 3185 λίθελλον

136 3202 226 3278 Hasd,
237 3193 294 3285 ἐνῷ
304 3202 365 3280 μίαν
378 3203 480 3278 θελησιν
490 3208 533 3268 καί
541 3207 601 3286 μίαν
613 3204 740 3284 ἐνέργειαν
748 3213 794 3266 τοῦ
803 3211 916 3291 Χριστοῦ

37 3353 42 3359 ,
137 3292 320 3372 δδογμσίτισενς
334 3292 426 3352 ΜΑΞ.
444 3294 490 3366 Μή
504 3294 646 3377 δῷίίύριος
660 3298 675 3353 δ
689 3291 769 3361 Θεός.
781 3298 874 3375 Ὑμεῖς
886 3303 916 3360 οὗ

136 3380 251 3463 δι’χεσθε,
279 3379 338 3439 ἀλλ’
361 3380 517 3443 &semesos
538 3383 636 3450 πάντας
656 3380 717 3448 τοδε
734 3384 914 3462 διδασκάλους,

135 3469 196 3538 τοὺς
208 3467 276 3550 μετὰ
286 3467 334 3540 τὴν
348 3470 423 3547 ἁγίαν
438 3474 464 3530 ἐν
478 3471 625 3544 Χαλκεδόνι
638 3471 752 3548 συνόδον,
767 3472 827 3541 τούς
841 3478 914 3554 ἄγω·

135 3557 285 3637 νισαμίνους
304 3555 372 3616 κατδι
384 3563 430 3631 τῆς
444 3565 489 3619 τοῦ
506 3559 624 3640 {stipes
639 3559 757 3638 μιαρίας·
774 3559 847 3641 κήγδι
859 3561 916 3642 ἔχω

138 3639 263 3716 δίξασθαι
275 3643 321 3704 τδν
339 3642 459 3705 tidelia
474 3648 562 3719 Μηνᾶ,
578 3651 626 3707 τοῦ
638 3645 776 3724 γενομίνου
791 3647 856 3725 μετὰ
868 3648 915 3722 τήν

136 3732 253 3805 συνόδον,
268 3722 341 3791 διὀύ
356 3739 492 3814 ουνηγορεῖ
503 3736 638 3816 προφανῶς
650 3731 772 3816 Σεόήριρ,
786 3737 832 3796 καί
840 3739 916 3798 Ἀπο·

136 3821 253 3903 λιναρίῳ,
267 3820 313 3879 καί
325 3822 488 3903 Μακεδονίῳ,
503 3823 549 3884 καί
560 3822 657 3904 Ἀρείῳ,
668 3822 712 3881 καί
722 3824 792 3904 πόσῃ
807 3824 913 3906 αίρίσει,

136 3911 181 3971 καὶ
188 3914 328 3989 κατηγορεῖ
337 3912 384 3982 τῆς
393 3908 499 3970 συνόδου
509 3934 517 3983 ;
528 3912 627 3988 pmcn
635 3909 663 3970 δδ
671 3912 775 3979 τελείως
782 3914 913 3989 matthe,

136 3999 169 4059 δι’
183 3988 219 4057 ὧν
230 3994 402 4074 ίδογμότισες
417 3996 528 4059 ΘΕΟΔ.
539 3998 575 4059 Τί
588 3989 643 4078 σύν,
657 3997 724 4068 όλως
737 4005 766 4061 οὐ
779 3999 843 4083 δίχῃ
855 4003 915 4079 μίαν

136 4083 282 4167 δνόργειαν;
305 4086 397 4145 blas.
413 4085 467 4146 Eat
487 4087 527 4155 τίς
551 4084 622 4167 λίγει
645 4087 705 4167 μίαν
724 4087 851 4170 ἐνέργειαν
863 4095 915 4152 τῶν

137 4174 259 4257 ίγκρίτων
271 4173 449 4246 διδασκόλιονς

986 3124 1154 3194 Dogmatum
1171 3120 1278 3192 quippe
1304 3121 1448 3178 rectitudo
1470 3120 1593 3192 synodos
1616 3120 1744 3178 roborat.
1768 3121 1817 3178 ve

987 3214 1148 3267 rumtamen
1163 3223 1219 3267 non
1231 3209 1337 3280 recipis
1348 3208 1478 3267 libellum
1487 3211 1604 3280 bennae,
1619 3211 1718 3282 inquo
1729 3224 1816 3268 unam

986 3301 1161 3359 voluntatem
1170 3304 1198 3355 et
1209 3312 1293 3356 uuam
1306 3299 1510 3370 operationem
1518 3298 1627 3357 christi
1638 3299 1813 3372 dogmatica·

986 3390 1048 3447 rit‘l
1062 3391 1137 3445 Eun.
1151 3389 1192 3444 Ne
1203 3388 1252 3443 det
1269 3388 1409 3445 Dominus
1419 3388 1513 3445 Deus!
1530 3402 1581 3445 vos
1595 3402 1652 3445 non
1667 3388 1813 3460 recipitis,

986 3479 1035 3538 sed
1049 3478 1158 3549 ejicitis
1175 3477 1417 3534 omnes'doctores
1432 3477 1482 3548 qui
1498 3481 1563 3548 post
1580 3481 1712 3534 sanctum
1734 3477 1817 3534 Chal-

985 3569 1144 3627 cedonence
1170 3565 1326 3624 concilium
1350 3568 1567 3625 decertaverunt
1591 3567 1746 3624 adversum
1769 3567 1815 3624 Se

983 3657 1043 3715 veri
1061 3654 1263 3713 exsecrabilem
1281 3655 1428 3712 baeresim:
1452 3662 1480 3713 et
1498 3669 1550 3729 ego
1568 3655 1660 3713 babeo
1681 3655 1813 3726 recipere

984 3745 1115 3803 libellum
1125 3745 1233 3801 Manna
1247 3745 1298 3815 qni
1314 3750 1378 3815 post
1392 3745 1549 3802 concilium
1568 3743 1635 3815 tuit,
1656 3759 1708 3816 per
1730 3758 1815 3817 quem

983 3834 1096 3905 liquido
1109 3833 1216 3890 sentire
1228 3833 1413 3906 dignoscitur
1422 3847 1489 3890 cum
1499 3833 1612 3901 Severo,
1626 3837 1656 3889 et
1666 3833 1817 3904 Apollina-

983 3924 1039 3995 rio,
1058 3930 1087 3980 et
1100 3922 1276 3994 iiacedonio,
1292 3929 1320 3979 et
1331 3922 1401 3980 Ario
1416 3937 1448 3980 ac
1461 3923 1540 3980 omni
1554 3922 1666 3994 haeresi,
1683 3927 1714 3979 et
1725 3935 1817 3980 accu-

982 4011 1207 4081 satconcilium,
1232 4012 1289 4068 imo
1307 4012 1429 4083 perfecte
1444 4013 1541 4083 reiicit
1553 4026 1603 4085 per
1615 4025 1648 4069 ea
1660 4026 1727 4083 quse
1748 4010 1817 4084 dog·

983 4100 1153 4159 matizariti
1172 4102 1274 4157 Tenon.
1291 4101 1366 4172 Quid
1387 4101 1480 4174 ergo?
1497 4101 1613 4172 penitus
1633 4113 1692 4157 nou
1707 4099 1816 4172 recipis

983 4203 1070 4248 unam
1090 4189 1310 4260 operationem?
1325 4191 1400 4245 Max.
1426 4190 1460 4245 Et
1479 4189 1547 4261 quis
1560 4189 1634 4246 dicit
1649 4202 1737 4246 unam
1752 4202 1816 4260 ope·

983 4281 1122 4337 rationem
1136 4277 1383 4350 exprobabilibus
1398 4279 1548 4350 magistris
1561 4277 1725 4335 Ecclesiae‘l

175 4342 229 4404 Καί
249 4341 331 4424 θθθ·
343 4341 484 4412 eamden<
503 4343 550 4413 τὰς
562 4343 736 4426 hanape<
749 4347 809 4428 παρ’
831 4350 915 4408 αὖτῶν
939 4357 967 4419 D
1016 4370 1052 4425 Et
1072 4367 1173 4426 attulit
1197 4367 1375 4425 Theodosius
1394 4368 1502 4439 scripta
1521 4381 1585 4439 quae
1610 4364 1685 4424 falso
1711 4367 1749 4424 ab
1770 4367 1815 4425 eis

135 4428 333 4514 περιφερομίνας
355 4434 463 4494 Ἰουλίου
476 4439 524 4493 τοῦ
545 4430 664 4512 Ῥώμης,
679 4433 784 4494 καὶτοῦ
797 4434 914 4516 Θαυμα-

134 4525 247 4603 ταιργοδ
261 4520 405 4604 Γρηγορίου
418 4522 463 4582 καλ
480 4521 632 4582 Ἀθανασίου
641 4525 693 4582 τῶν
704 4523 785 4602 ἁγίων
798 4524 912 4606 χρήσεις,

134 4607 180 4668 καί
192 4605 289 4688 ἀνίγνω
303 4609 393 4676 αι’ποίς,
408 4609 500 4668 ΜΑΞ.
512 4609 676 4688 medumpam
685 4608 716 4682 δὴ
729 4611 773 4672 τὸν
782 4611 915 4688 Θεδν,καί

136 4693 174 4773 μὴ
187 4697 336 4776 θελήσωμεν
343 4697 498 4780 παροργίσαι
506 4697 594 4774 αὗτδν,
610 4701 653 4761 lsi
665 4707 699 4782 τῇ
708 4706 851 4784 παραγωγῇ
862 4707 914 4762 τῶν

135 4786 270 4867 αίρετικιῗιν
292 4785 422 4867 χρήσεων.
448 4786 539 4855 Οὐδείς
561 4789 649 4867 ἀγνοεῖ
669 4788 764 4859 ταύτας
782 4780 845 4850 ε’ίναι
865 4797 914 4853 τοῦ

134 4870 274 4941 δυσσεόοδς
295 4873 483 4956 Ἀτολιναρίου.
502 4877 536 4936 El
553 4873 601 4954 μὲν
619 4875 701 4945 ἄλλος
720 4876 800 4960 ίχεις,
822 4876 911 4949 δεῖξον.

141 4957 219 5022 Ἐπελ
230 4958 325 5030 ταύτας
339 4960 516 5046 προφέροντες,
532 4965 621 5024 πλεῖον
639 4965 737 5026 πείθετε
750 4965 858 5039 πάντας,
872 4965 913 5029 θιι

133 5048 194 5110 κατ’
218 5049 338 5124 ἀλήθειαν
360 5051 541 5135 Ἀπολιναρίου
562 5057 610 5113 τοῦ
629 5054 779 5128 δυσσεδοῦς,
803 5055 848 5117 καί
860 5057 913 5133 τῶν

133 5136 283 5222 θμοφρόνων
295 5140 366 5222 αὐτῷ
379 5140 526 5211 κακοδοξίαν
536 5142 686 5216 ίνοσήσατε.

172 5225 229 5288 Καὶ
236 5224 352 5311 προφέρει
365 5233 380 5288 ό
391 5228 467 5296 αύτδς
481 5228 620 5298 ἐπίσκοπος
634 5227 785 5303 Θεοδόσιος,
801 5232 842 5292 ἐπ’
855 5232 912 5295 dod-

134 5321 254 5394 μστιτοδ
264 5315 455 5397 Χρυοοστόμου
464 5315 508 5378 δύο
516 5317 670 5400 χρήσεις,θς
680 5318 910 5399 ἅναγνοδςδάδόᾶς

132 5400 225 5464 ΜΔΕ.
240 5401 311 5489 ίφη·
333 5404 417 5466 moral
428 5405 569 5487 Νεστορίου
583 5405 634 5467 εἰσί
643 5411 691 5466 τοῦ
701 5407 856 5483 νοσήσαντος
869 5413 912 5474 lert

982 4456 1147 4515 ferebantur
1158 4471 1220 4513 esse
1234 4461 1398 4514 sanctorum
1408 4456 1480 4513 tulii
1496 4455 1616 4514 Romani
1634 4461 1664 4513 et
1687 4457 1815 4514 miracu·

982 4546 1076 4604 lorum
1084 4544 1202 4603 factoris
1213 4546 1357 4618 Gregorii,
1368 4550 1455 4617 atque
1466 4544 1618 4602 Athanasii
1629 4545 1812 4603 testimonia.

981 4642 1009 4693 et
1023 4635 1094 4708 legit
1107 4648 1150 4691 ea.
1164 4635 1199 4691 Et
1211 4634 1288 4691 dlxit
1301 4637 1376 4691 ltux.
1394 4635 1557 4692 Timeamus
1571 4646 1649 4690 nunc
1662 4634 1766 4706 Deum
1787 4639 1815 4690 et

982 4740 1017 4783 ne
1026 4725 1149 4782 velimus
1163 4724 1280 4780 irritare
1291 4724 1374 4781 illum
1386 4723 1416 4780 in
1432 4723 1633 4781 hereticorum
1649 4722 1815 4794 prolatione

982 4814 1222 4871 testimoniorum.
1238 4813 1344 4871 Nullus
1355 4814 1432 4870 eninr
1449 4814 1563 4886 ignorat
1577 4813 1636 4869 lraec
1649 4811 1737 4883 impii
1750 4825 1814 4870 esse

981 4903 1165 4975 apollinarii.
1179 4904 1252 4976 Ergo
1263 4903 1289 4959 si
1301 4902 1360 4959 alia
1374 4901 1472 4960 forsan
1487 4902 1584 4973 habea,
1596 4900 1727 4959 ostende.
1741 4903 1813 4958 Nam

982 4992 1042 5049 bac
1064 4991 1240 5063 proterentes
1265 4991 1331 5065 plus
1346 4991 1462 5049 eredere
1478 4991 1595 5049 cunctis
1616 4990 1815 5062 persuadetis,

982 5083 1056 5154 quod
1077 5083 1232 5139 secundum
1251 5081 1400 5137 veritatem
1417 5081 1501 5151 impii
1519 5078 1695 5151 apollinarii
1721 5084 1751 5136 et
1768 5093 1815 5136 ne

982 5186 1066 5243 quam
1082 5185 1147 5227 cum
1161 5185 1194 5228 eo
1208 5170 1395 5228 sentientium
1416 5172 1584 5242 opinionem
1600 5168 1810 5226 renovassetis.

1016 5261 1051 5317 Et
1074 5259 1182 5331 profert
1208 5260 1282 5317 idem
1306 5259 1461 5331 episcopus
1486 5262 1589 5316 Tuaen.
1610 5258 1665 5316 sub
1694 5259 1814 5317 nomine

981 5349 1174 5421 chrysostomi
1197 5349 1255 5407 duo
1279 5348 1454 5422 testimonia,
1475 5363 1539 5420 quae
1556 5360 1719 5421 agnoscens
1739 5347 1813 5404 abba

981 5440 1143 5496 bismait:
1171 5440 1234 5496 liec
1256 5438 1382 5519 Nestorii
1408 5446 1477 5496 sunt
1504 5439 1555 5511 qui
1583 5437 1765 5509 personalem
1782 5439 1811 5493 in

40 5530 45 5538 '
147 5537 158 5565 ¹
171 5526 268 5586 Graeca
284 5528 332 5586 hic
347 5527 389 5586 ita
401 5530 525 5611 sonant:
541 5531 590 5584 ιιιιί
601 5528 710 5583 omnium
719 5528 845 5598 jussione
858 5530 1030 5602 hnpmctorte
1043 5530 1187 5587 ιειιίυσεεοε
1198 5529 1318 5600 synodos
1329 5532 1445 5599 copae?
1455 5529 1534 5595 litos,
1546 5536 1601 5586 etc.
