3876 6090
58 243 115 305 EM
456 254 729 314 hamensium
746 251 870 312 studui
888 249 937 308 vll
954 250 1157 313 GENERALIS.
1173 286 1210 298 -
1227 256 1328 316 acuo
1346 255 1379 313 11.
1718 245 1774 310 ΞΗ

60 374 155 432 dixit:
181 374 345 434 mundum
366 379 517 450 synodicas
536 380 703 453 epistolasa
723 380 889 439 beatissimo
906 367 1031 457 Aquam
1051 387 1235 444 traditionem
1255 384 1403 442 catholicae
1414 380 1557 439 Ecclesiae.
1573 381 1628 438 Eos
1642 395 1708 440 nero
1719 383 1771 456 qui

61 479 134 536 papa
158 465 285 524 Adriano
305 469 431 527 senioris
447 471 540 528 llomae
559 471 683 529 directas
702 473 847 544 coullteor,
864 476 892 528 et
947 479 986 536 ita
1005 492 1059 536 nou
1076 481 1202 550 sapiunt,
1222 476 1438 535 anathematizo.

60 555 183 614 admitto
194 559 279 628 juxta
296 561 419 631 priscam
436 562 619 620 traditionem
640 577 735 620 sacras
758 569 786 619 et
804 575 893 618 ueno-
982 571 1128 627 hlariauus
1151 569 1352 626 sanctissimus
1370 567 1521 637 episcopus
1542 564 1773 632 Pompeiopoleos

60 645 169 703 fflbssffi
192 648 312 705 ¹⁰0¹¹³⁸²
329 651 421 722 et‘1¹¹5
444 652 484 709 12³
508 665 563 709 ¹1⁰ss
586 653 756 726 impium,
779 654 894 710 anatho
947 661 1040 718 dixit:
1067 662 1226 718 mundum
1250 661 1336 716 lectas
1351 658 1502 728 synodicas
1514 655 1651 725 epistolas
1662 654 1773 711 beatis-

62 737 132 794 mati
148 737 298 796 submitto.
947 751 1013 806 simi
1029 765 1106 822 papae
1118 751 1242 808 senioris
1251 751 1345 806 liomae
1355 747 1473 804 Adriani
1485 746 1632 815 coudteor,
1644 744 1772 814 suscipio

93 828 267 886 Eustathius
275 832 479 889 sanctissimus
486 833 639 904 episcopus
647 833 890 890 Laodiceoedlxil:
946 847 975 898 et
987 842 1073 898 adoro
1090 856 1185 898 sacras
1199 847 1227 898 et
1240 840 1417 896 uenerabiles
1434 840 1532 893 iconas
1547 836 1703 892 secundum
1717 847 1774 891 an-

56 916 220 976 Secuudum
242 922 378 979 recitatas
402 923 553 994 synodicas
574 923 711 994 epistolas
731 923 890 980 beatissimi
946 930 1056 1003 tiquam
1072 932 1255 989 traditionem
1279 929 1419 987 Ecclesiae.
1438 929 1494 985 Eos
1511 941 1577 984 uero
1592 926 1642 998 qui
1660 926 1700 981 ita
1715 937 1771 982 nou

59 1022 139 1080 papa
160 1011 287 1069 sculoris
306 1013 401 1070 Romae
422 1012 543 1070 Adriani
570 1014 715 1086 contlteor,
740 1020 768 1070 et
782 1013 891 1084 recipio
946 1023 1075 1095 sapiunt,
1090 1022 1306 1079 anathematizo.

58 1100 238 1170 pretiosaset
248 1116 346 1160 sacras
357 1102 454 1161 iconas
461 1104 543 1173 iuxta
554 1105 676 1175 priscam
687 1103 888 1161 traditionem:
980 1105 1770 1180 loannesmnotlsstmusepiseopusaauromenlaedixit:
1865 1126 1867 1130 ⁴

58 1195 86 1246 et
101 1191 152 1261 oui
170 1191 211 1249 ita
227 1205 283 1250 non
299 1194 425 1264 sapiunt,
442 1193 616 1251 anathemati
633 1194 781 1251 submitto.
944 1201 1111 1258 cumveluti
1128 1203 1246 1259 divinus
1257 1198 1433 1257 orthodoxiae
1444 1197 1586 1253 terminus
1597 1196 1658 1251 sint
1669 1195 1772 1251 littere

92 1280 302 1339 constantinus
321 1284 473 1354 episcopus
495 1285 590 1356 Perga
611 1284 704 1342 dixit:
729 1284 889 1340 Secundum
945 1304 1009 1361 quae
1023 1291 1059 1346 :rh
1072 1291 1198 1347 hdriauo
1218 1304 1289 1361 papa
1302 1288 1427 1344 senioris
1441 1288 1536 1344 ltornae
1550 1287 1583 1341 ad
1602 1286 1664 1352 pios
1677 1285 1773 1354 imps-

59 1369 147 1427 lectas
172 1373 326 1442 synodicas
347 1374 484 1445 epistolas
498 1374 658 1431 beatissimi
675 1387 753 1445 papae
766 1373 890 1430 mulctis
945 1384 1064 1443 ratores,
1080 1393 1189 1438 necnon
1205 1383 1233 1434 et
1244 1378 1435 1435 adTarasium
1449 1375 1638 1432 universalem
1652 1374 1773 1443 patriar·

58 1459 153 1517 home
182 1462 302 1518 hdriani
332 1463 480 1534 confiteor,
506 1470 534 1521 et
560 1464 669 1534 recipio
693 1464 834 1534 pretiosas
862 1468 890 1520 et
944 1470 1025 1526 cham
1040 1475 1179 1540 nostrum,
1196 1470 1291 1525 missa:
1301 1473 1379 1533 sunt,
1396 1468 1436 1522 ita
1448 1466 1591 1536 profiteor,
1607 1464 1771 1533 suscipiens

58 1562 157 1607 sacras
179 1551 321 1625 imagines
335 1553 494 1609 secundum
514 1554 665 1624 antiquam
685 1552 886 1609 traditionem:
944 1574 1040 1617 sacras
1050 1561 1148 1616 iconas
1156 1559 1313 1615 secuudum
1322 1556 1469 1627 antiquam
1482 1554 1665 1611 traditionem
1679 1552 1772 1608 Eccle

60 1643 88 1695 ²⁸
101 1641 153 1710 qui
169 1640 274 1698 ¹¹³1¹⁰¹¹
287 1642 414 1713 sapiunt,
427 1643 601 1699 anathemati
613 1642 761 1699 SssbffllllO·
944 1651 995 1707 siae
1006 1650 1164 1706 catholice.
1185 1649 1240 1705 Eos
1254 1661 1320 1704 vero
1334 1647 1385 1718 qui
1401 1647 1442 1702 lta
1455 1658 1511 1701 non
1525 1643 1643 1715 sapiunt
1656 1641 1772 1698 anatho

90 1728 265 1787 Anastasius
284 1731 487 1788 sanctissimus
498 1731 651 1802 episcopus
662 1731 832 1802 Nicopoleos
846 1744 890 1786 ve·
903 1703 930 1766 Β
944 1740 1086 1796 marazam,
1664 1746 1668 1753 ’

58 1820 128 1877 teris
153 1821 237 1890 Epiri
256 1820 348 1877 dixit:
375 1821 537 1878 Secundum
561 1821 716 1878 recensitas
737 1820 889 1891 synodicas
978 1830 1104 1900 cyrillus
1122 1843 1156 1885 ex
1172 1840 1293 1899 persona
1312 1824 1489 1883 sanctissimi
1509 1821 1637 1895 episcopi
1658 1819 1770 1877 Gothia

57 1909 197 1982 epistolas
218 1909 379 1968 beatissimi
403 1924 482 1982 papae
508 1910 633 1967 senioris
652 1912 745 1967 home
768 1909 886 1967 hdriani
945 1920 1137 1990 promulgavit
1150 1918 1296 1975 similiter,

57 2000 205 2070 soullteor,
240 2007 269 2057 et
292 2001 430 2072 suscipio,
456 2004 484 2057 et
504 2001 592 2058 adoro
618 2006 756 2058 sacraset
775 2005 889 2058 sanctas
978 2008 1145 2065 The0d0rus
1168 2008 1258 2065 sancti
1277 2006 1369 2063 simus
1394 2004 1548 2074 episcopus
1572 2001 1664 2057 hlitrae
1689 1997 1767 2076 [ἂνη

58 2088 154 2146 iconas
167 2091 251 2161 iuxta
268 2091 390 2160 priscam
408 2090 603 2148 traditionem.
620 2093 675 2148 Eos
695 2104 761 2148 vero
781 2090 830 2162 qui
848 2089 889 2148 ita
943 2099 1033 2170 Bizyae
1048 2096 1213 2170 esmant]
1234 2096 1425 2167 promulgavit
1444 2092 1591 2158 similiter,

58 2191 111 2235 ¹¹⁰⁰
127 2179 258 2250 &clunis
274 2180 492 2237 anathematizo.
978 2189 1135 2262 Gregorius
1167 2187 1323 2258 presbyter,
1348 2190 1375 2241 et
1397 2185 1492 2240 locum
1517 2186 1618 2238 mueus
1640 2179 1767 2251 episcopi

88 2269 319 2340 christophorus
354 2270 556 2328 sanctissimus
579 2272 731 2342 episcopus
755 2270 888 2328 Phasidis
943 2280 1078 2351 smyrnae,
1093 2277 1285 2350 promulgarit
1298 2275 1447 2332 similiter.

58 2358 151 2415 dixit:
177 2360 338 2417 Secundum
356 2359 443 2417 lectas
457 2360 608 2432 synodicas
623 2362 762 2431 epistolas
777 2358 890 2418 beatis-
978 2369 1155 2426 Gaudiosius
1170 2368 1323 2438 episcopus
1344 2364 1475 2420 Messius
1494 2359 1641 2419 simililer·

58 2448 121 2505 simi
148 2462 231 2520 papae
253 2449 372 2507 Adriani
388 2451 535 2523 confiteor,
555 2455 583 2506 et
597 2451 727 2521 suscipio
747 2463 780 2507 ac
801 2452 889 2508 adoro
978 2460 1152 2516 Eustachius
1175 2451 1375 2532 [Eustratius]
1395 2453 1598 2511 sanctissimus
1616 2448 1770 2520 episcopus
1864 2464 1866 2471 '

56 2539 236 2597 venerabiies
251 2540 516 2598 iconassecundum
535 2541 683 2613 antiquam
699 2541 891 2598 consuetudi·
943 2547 1069 2620 Apamia:
1093 2547 1237 2604 similitor.

58 2643 127 2685 uem.
146 2632 206 2686 Eos
227 2645 294 2688 vcro
315 2632 364 2703 qui
382 2632 421 2688 ita
445 2645 501 2689 non
524 2633 651 2703 sapiunt,
669 2631 889 2689 anathematizo·
978 2639 1099 2694 loannes
1132 2637 1281 2705 diaconus,
1307 2638 1334 2691 et
1357 2634 1451 2691 locum
1474 2636 1574 2690 tenens
1606 2629 1770 2702 apostolicae

87 2721 260 2778 Theodorus
268 2721 469 2778 sanctissimus
481 2721 634 2792 episcopus
643 2721 779 2778 Seleuciae
793 2721 886 2781 dixit:
943 2727 1050 2796 sedis·,
1069 2726 1215 2783 similiter.

59 2810 221 2868 Secundum
239 2812 325 2868 lectas
339 2813 490 2883 synodicas
505 2813 616 2870 litteras
632 2811 790 2868 beatissimi
810 2824 889 2882 pape
978 2818 1078 2874 Petrus
1097 2816 1249 2886 episcopus
1267 2814 1448 2871 cermiorum
1461 2811 1608 2869 similiter.

60 2901 185 2960 serioris
198 2902 295 2959 Eomae
309 2902 427 2959 lidriaui
444 2902 590 2966 confiteor,
606 2907 634 2959 et
649 2902 778 2972 suscipio
792 2913 888 2958 sacras
977 2907 1143 2964 Theodorus
1164 2905 1366 2963 sanctissimus
1394 2904 1547 2974 episcopus
1568 2899 1702 2959 Panormi
1723 2904 1771 2962 sl-

57 2990 272 3048 etreuerabiles
288 2992 385 3048 iconas
405 2992 561 3048 secundum
577 2992 725 3063 antiquam
749 2990 889 3049 traditio·
942 2995 1060 3053 militer.

57 3093 123 3136 nem.
137 3083 196 3138 Eos
208 3095 276 3138 vero
288 3081 337 3153 qui
355 3082 394 3138 ita
408 3096 464 3138 non
485 3082 611 3152 sapiunt,
628 3083 846 3140 anathematizo.
897 3066 922 3130 G
975 3087 1096 3143 loannes
1108 3084 1311 3142 sanctissimus
1323 3074 1710 3155 episcopushrcadtopoleos
1724 3084 1771 3142 si-

86 3171 245 3238 Gregorius
260 3171 406 3241 presbyter
420 3171 706 3242 constantinopoleos
719 3178 884 3231 sanctorum
940 3175 1058 3232 militer.

58 3259 261 3331 apostolorum,
278 3260 411 3316 stlocum
431 3265 530 3317 oeuens
546 3262 734 3331 metropoleos
755 3263 883 3337 mocissi,
975 3262 1137 3333 Stephanus
1146 3261 1349 3319 sanctissimus
1358 3258 1510 3329 episcopus
1519 3257 1724 3321 bibonensium
1732 3260 1770 3318 si·

57 3347 143 3405 dixit:
161 3348 324 3406 Quocum
342 3349 428 3406 lectas
452 3350 603 3421 synodicas
624 3350 761 3420 epistolas
775 3351 887 3410 beatis-
941 3350 1057 3407 militer.

58 3437 115 3493 siud
131 3452 214 3509 papae
227 3438 352 3494 senioris
366 3439 461 3495 llomas
481 3437 601 3495 Adriani
623 3440 769 3508 confiteor,
787 3444 815 3497 et
830 3457 886 3499 su-
976 3479 1039 3494 .·.·
1057 3479 1079 3493 ··
1097 3436 1224 3493 vicarius
1241 3435 1443 3506 leontopoleos
1457 3434 1604 3491 similiter.

58 3527 153 3600 scipio,
170 3534 200 3584 et
222 3528 310 3584 adoro
323 3540 419 3584 sacras
433 3531 461 3584 et
475 3527 651 3585 venerabiles
665 3530 762 3586 iconas
776 3544 884 3588 secun-
973 3527 1122 3585 Sisinulus
1142 3525 1344 3582 sanctissimus
1358 3524 1510 3595 episcopus
1525 3523 1601 3579 Parii
1618 3522 1764 3580 similiter.

57 3614 117 3673 dum
136 3616 288 3689 antiquam
304 3617 498 3674 traditionem.
515 3618 570 3675 Eos
590 3621 686 3676 auem
700 3619 750 3690 qui
765 3619 806 3678 ita
826 3634 883 3679 uon
972 3615 1179 3674 constantinus
1187 3613 1391 3670 sanctissimus
1404 3613 1558 3684 episcopus
1572 3612 1717 3670 Leontina
1729 3611 1768 3668 si·

59 3705 180 3777 sapiunt,
194 3706 415 3763 anathematizo.
938 3704 1056 3763 mlliter.

88 3795 213 3852 lias'sslius
242 3796 446 3853 sanctissimus
464 3796 617 3868 episcopus
634 3796 765 3872 Syllegae'
782 3794 881 3875 [Silael]
971 3792 1152 3865 Epiphanius
1166 3792 1368 3851 sanctissimus
1382 3792 1535 3864 episcopus
1551 3790 1641 3849 llileti
1659 3786 1768 3865 [blito-

59 3883 145 3941 dlxit:
161 3884 325 3941 Secundum
343 3885 430 3941 lectas
449 3885 601 3956 synodicas
619 3887 757 3957 epistolas
772 3888 883 3945 heatis-
936 3881 1020 3959 rum]
1033 3882 1179 3939 similiter.

60 3975 115 4031 nmi
128 3987 211 4046 papae
228 3973 352 4031 senioris
363 3974 459 4031 Romae
468 3973 588 4031 Adriani
603 3976 741 4033 contlteor
753 3982 781 4035 et
793 3978 883 4035 susci-
971 3973 1136 4029 Theodorus
1157 3972 1359 4030 sanctissimus
1380 3973 1532 4045 episcopus
1546 3970 1701 4048 Tauriana
1719 3969 1767 4029 sl-

60 4063 100 4134 plo
115 4078 149 4121 ac
167 4065 257 4120 adoro
273 4064 451 4121 venerabiles
463 4069 491 4120 et
506 4078 603 4122 sacras
618 4065 758 4139 imagines
775 4080 882 4125 secun·
936 4061 1054 4120 militer.

60 4153 117 4210 dum
133 4153 286 4224 antiquam
309 4152 493 4211 traditionem
513 4153 656 4211 Ecclesia.
673 4156 728 4213 Eos
747 4169 813 4213 vero
828 4157 879 4228 qui
969 4151 1068 4209 Niceta
1090 4151 1291 4208 sanctissimus
1310 4151 1462 4222 episcopus
1478 4149 1661 4208 Graecouuesi
1676 4149 1765 4208 siml-

59 4240 92 4298 ita
104 4256 159 4299 uon
174 4241 303 4313 sapiunt,
319 4243 537 4303 anathematizo.
935 4239 1011 4299 liter.

86 4330 251 4388 Theodorus
273 4330 476 4389 sanctissimus
490 4333 643 4402 episcopus
657 4333 769 4390 catanae
783 4334 875 4392 dixit:
968 4331 1193 4402 cbristophorus
1211 4329 1413 4388 sanctissimus
1426 4330 1581 4403 episcopus
1594 4332 1701 4391 sancto
1713 4327 1762 4400 Cy·

57 4417 129 4477 Ouui
147 4420 321 4477 orthodoxia
338 4419 448 4490 plenam
463 4420 639 4492 relationem,
657 4435 721 4494 quae
736 4422 822 4481 missa
835 4432 876 4481 est
891 4401 918 4465 Ῑ)
932 4419 1016 4477 riacae
1026 4421 1171 4478 similiter.

56 4509 259 4566 candissimo
269 4522 340 4579 papa
353 4509 477 4566 senioris
486 4511 581 4567 homa
592 4509 718 4568 Adriano
730 4512 764 4568 ad
777 4512 840 4584 pios
849 4518 877 4570 et
967 4511 1140 4568 Eustachius
1163 4507 1361 4586 [Eustratius]
1382 4509 1584 4568 sanctissimus
1608 4507 1762 4582 episcopus

55 4597 154 4655 amicos
161 4596 273 4654 Christi
286 4597 472 4668 imperatores
486 4605 608 4668 nostros,
623 4601 670 4656 sed
687 4605 714 4656 el
727 4601 877 4659 Tarasium
931 4599 1098 4670 blethymnae
1113 4600 1259 4658 similiter.

54 4684 152 4744 alnum
172 4690 202 4744 et
222 4686 413 4744 universalem
429 4686 631 4758 patriarcham,
656 4689 876 4759 perlectionem
965 4688 1131 4745 Theotimus
1146 4688 1348 4747 sanctissimus
1366 4688 1520 4760 episcopus
1540 4687 1761 4746 crotonensium

54 4776 157 4847 agnovi,
174 4775 256 4833 Unde
268 4781 297 4833 et
310 4791 361 4849 ego
372 4776 419 4833 his
432 4777 585 4849 assentior,
601 4782 630 4834 et
644 4791 762 4849 prorsus
776 4780 873 4850 adoro,
930 4777 1077 4835 similiter.

53 4864 202 4936 amplector
213 4871 242 4923 et
256 4865 377 4923 admitto
389 4878 485 4923 sacras
498 4866 606 4923 iconas.
623 4868 677 4925 Eos
692 4881 759 4924 vero
769 4869 819 4940 qui
835 4870 875 4929 ita
963 4866 1141 4937 Theophilus
1150 4866 1352 4924 sanctisslmus
1365 4867 1519 4938 episcopus
1530 4866 1595 4923 chii
1611 4866 1758 4925 similiter.

53 4965 102 5010 uon
120 4954 252 5026 sapiunt,
275 4954 523 5012 anathematismis
543 4956 718 5029 transmitto,
737 4962 873 5030 anquam
965 4957 1018 5012 Leo
1033 4955 1234 5012 sanctissimus
1256 4957 1407 5027 episcopus
1420 4956 1464 5012 cii
1485 4956 1632 5014 similiter.

54 5041 160 5102 alienos
171 5043 209 5101 ab
224 5043 351 5100 Ecclesia
363 5043 516 5101 catholica.
957 5044 1757 5116 basiliussanctissimusepiscopusNesiorumsimiliter.

82 5132 193 5191 Eauuel
232 5133 434 5191 sanctissimus
464 5134 618 5205 episcopus
648 5133 874 5207 adrianopoleos
962 5137 1085 5193 ioannes
1097 5135 1545 5209 sanctissimusepiscopushpri
1562 5136 1707 5194 similiter.

53 5218 172 5280 mucia
183 5222 275 5280 dixit:
290 5222 452 5280 Secundum
467 5222 554 5280 lectas
570 5224 722 5295 synodicas
736 5225 874 5297 epistolas
963 5225 1092 5298 Ignatius
1111 5224 1311 5282 sanctissimus
1333 5225 1485 5297 episcopus
1503 5225 1596 5283 Prinae
1611 5224 1756 5282 similiter.

55 5305 205 5370 bnhssimi
217 5325 296 5384 papae
311 5311 436 5370 senioris
448 5312 544 5369 Roma:
556 5311 676 5372 Adriani
686 5316 833 5387 condteor,
846 5321 875 5375 et
963 5312 1191 5385 Theophylactus
1212 5312 1414 5372 sanctissimus
1436 5314 1589 5386 episcopus
1609 5311 1760 5385 cypsello-

55 5399 152 5473 mcipio
166 5405 281 5459 auctas
300 5401 476 5461 venerabiies
497 5401 596 5460 iconas
614 5403 772 5462 secundum
793 5407 876 5464 anti·
928 5415 993 5459 rum
1005 5402 1152 5475 similitor,

82 5582 181 5639 *Sedis
206 5582 288 5639 deest
301 5581 332 5639 iu
354 5595 405 5639 urs.
430 5582 503 5654 tolyi
531 5582 769 5656 quomadmodum
795 5587 824 5643 et
843 5584 874 5642 iu
890 5586 999 5643 craeco.
