3876 6090
822 259 824 264 ¹
857 189 1023 247 sacernam
1044 190 1139 245 ruris
1158 190 1192 245 vr
1828 189 1879 249 856

175 323 241 378 odlo
251 317 416 373 Formosum
429 314 682 386 prosequebantur,
693 315 819 386 adeoque
831 315 859 370 in
872 316 998 370 eamdem
1011 316 1041 376 A
1054 316 1109 370 nice
1125 315 1283 384 pediculari
1305 314 1402 370 morbo
1417 314 1603 384 exstinctum,
1619 315 1774 371 widonem
1789 316 1879 387 impe-

175 388 344 449 sententiam
381 387 615 458 pronuntiarunt,
644 400 727 456 quam
763 386 872 441 homini
902 384 999 441 lurore
1054 394 1175 442 satorem
1190 386 1297 442 obiisse
1322 391 1443 441 testatur
1461 386 1655 455 Luitprandus
1671 386 1722 442 lib.
1741 403 1763 456 l,
1778 402 1839 457 cap.
1852 387 1876 442 9.

175 460 283 534 percito
306 465 413 530 gratam
437 456 497 515 lore
526 458 720 527 praesciebant.
748 457 826 512 Unde
842 457 893 512 bac
919 457 948 511 in
970 471 999 513 re
1053 457 1213 527 Stephanus
1232 459 1309 513 sedis
1334 456 1498 526 apostolicae
1518 458 1644 528 invasor,
1659 458 1696 513 ab
1711 459 1878 528 optimatum

174 533 326 591 violentam
341 529 457 599 quidem
468 528 646 599 tyrannidem
662 528 690 584 in
712 526 785 583 lacto
800 527 995 598 agnoscimus:
1054 527 1177 584 factione
1208 529 1344 583 adversus
1370 527 1553 584 hdelhertum
1574 529 1698 585 Etruriae
1721 530 1877 600 principem

174 615 298 662 errorem
318 606 412 656 autem
433 600 463 655 in
490 600 543 655 llde
560 613 610 669 per
631 599 804 669 Stephanum
822 598 998 667 pontificiam
1063 600 1232 665 revolante,
1254 601 1390 655 detrusus
1404 604 1447 654 cst
1466 599 1495 653 in
1520 613 1660 656 carcerem
1678 614 1757 656 anno
1770 600 1875 658 Christi

173 673 373 733 auctoritatem
389 671 517 743 legitime
535 676 719 739 usurpantem
732 669 883 725 delinitum
897 669 939 724 vel
953 684 1000 739 ap·
1053 614 1115 738 ilidii,
1129 676 1157 725 et
1172 677 1320 740 postquam
1337 670 1430 725 sedem
1449 671 1636 740 apostolicam
1650 685 1699 727 sex
1725 672 1813 727 annis
1837 679 1877 727 tc·

174 746 324 817 probatum
338 740 429 797 fuisse
441 747 604 798 constanter
618 753 819 812 pernegamus:
834 754 998 811 quanquam
1054 742 1175 810 unisset,
1191 742 1219 796 in
1231 742 1329 797 eodem
1340 754 1452 797 carcere
1462 741 1670 814 strangulatus,
1685 742 1744 798 lieo
1757 743 1875 815 vindice,

174 817 249 874 nihil
262 812 498 884 sediapostolicm
510 812 755 882 praejudicaretur,
767 812 792 867 si
805 811 938 867 daremus
950 812 1000 866 in-
1053 813 1133 868 exitu
1157 810 1257 868 infami
1277 813 1335 867 vita
1359 811 1473 867 clausit.
1488 814 1551 866 ilar
1573 830 1606 868 ea
1628 816 1754 883 anitiquis
1783 830 1876 869 inorru-

173 900 300 945 vasorem
315 898 370 941 non
384 883 512 956 legitime
522 883 653 946 electum,
664 884 712 939 sed
724 883 868 938 intrusum
881 882 999 952 pseudo
1052 885 1151 937 mortis
1166 887 1191 937 rt
1208 883 1403 953 diplomatibus
1418 883 1451 938 dc
1465 883 1602 954 Stephano
1614 885 1765 948 duronius,
1782 890 1841 940 torn.
1856 887 1877 940 l

210 958 335 1014 ntillcem
357 956 386 1012 in
410 954 544 1010 articulis
568 953 633 1009 ltdei
658 954 820 1010 asserendis
839 953 996 1009 aberrasse.
1053 954 1215 1008 Antiatium.

198 1031 265 1101 ujus
278 1026 465 1098 temporibus,
492 1031 556 1096 post
569 1024 752 1095 druulphum
767 1037 860 1094 regem
876 1024 998 1079 Germa-

548 1298 1038 1417 srsrrrhrm
1080 1301 1370 1458 raram
1398 1305 1504 1421 vr

357 1522 857 1630 EPISTOLAE
919 1518 1037 1624 ET
1095 1521 1680 1631 PRIVILEGIA.

700 1791 757 1855 (Ex
772 1789 893 1840 Consiliis
910 1788 996 1839 ltlausi
1014 1790 1040 1838 et
1055 1789 1160 1838 Acherii
1183 1789 1349 1853 Spioileglo.)

426 1994 591 2052 EPlSTOLh
620 1993 739 2049 Pltlllh.

221 2119 257 2161 nn
286 2117 433 2161 annusrun
464 2114 698 2158 sitelltlillsoolllll
729 2112 939 2156 nannonsnsuu.

256 2214 433 2282 Priuileqium
450 2212 697 2280 archiepiscopatus
708 2208 903 2266 Narbonensis.

1010 1989 1036 2052 Β
1053 1995 1144 2061 prata,
1161 1991 1259 2062 silvas,
1279 1995 1364 2061 atque
1380 1991 1557 2047 medietatem
1574 1991 1744 2056 salinarum,
1761 1994 1791 2045 et
1806 1990 1876 2045 telo-

1052 2080 1109 2148 nei,
1124 2094 1175 2137 seu
1186 2079 1315 2150 raficani,
1329 2085 1416 2151 atque
1428 2079 1584 2153 naufragii,
1600 2079 1777 2136 monasterio
1787 2078 1873 2134 sancti

1050 2170 1209 2233 Laurentii,
1227 2176 1255 2225 et
1269 2169 1361 2239 cellis,
1382 2169 1425 2225 vel
1441 2183 1504 2225 oum
1520 2168 1655 2224 omnibus
1665 2168 1839 2239 adjacentiis
1851 2173 1877 2222 et

1049 2258 1234 2329 pertinentiis
1261 2271 1370 2327 earum,
1403 2272 1459 2313 una
1482 2272 1546 2314 cum
1579 2256 1703 2313 familiis
1725 2257 1877 2327 utriusque

202 2321 363 2378 Srsrunrvus
376 2321 493 2392 episcop
501 2333 542 2388 us,
556 2332 655 2374 servus
674 2329 820 2373 servorum
832 2316 894 2385 Dei,
911 2329 994 2371 reve-

168 2411 335 2470 rentissimo
349 2416 377 2467 et
402 2409 586 2466 sanctissimo
600 2404 738 2464 contratri
753 2411 850 2462 nostro
862 2405 992 2460 durrusro

167 2500 383 2572 archiepiscopo
400 2499 498 2570 primae
513 2497 591 2554 sedis
603 2501 707 2552 sanctae
721 2494 915 2550 Narbonensis
935 2494 994 2549 Ec-

167 2589 271 2662 clesiae,
299 2597 327 2646 et
346 2603 396 2660 per
420 2595 447 2644 te
474 2589 503 2644 in
527 2588 624 2644 eadem
648 2586 804 2644 venerabili
819 2584 945 2640 Ecclesia
961 2584 990 2639 in

167 2685 345 2754 perpetuum.

201 2770 340 2826 Conuenit
353 2768 511 2841 apostolico
522 2768 708 2825 moderamini
724 2768 770 2838 pia
783 2767 923 2838 religione
935 2765 994 2836 pol·

1050 2361 1146 2417 sexais,
1164 2347 1258 2402 etalio
1269 2348 1365 2402 omnia
1379 2361 1442 2416 quae
1455 2360 1471 2402 a
1485 2346 1543 2416 piis
1557 2345 1786 2416 imperatoribus
1800 2349 1828 2401 et
1841 2359 1879 2400 re·

1048 2435 1145 2508 gibus,
1166 2435 1207 2490 vel
1230 2435 1265 2489 ab
1284 2434 1353 2490 aliis
1366 2436 1455 2491 Deum
1471 2433 1650 2503 timentibus,
1668 2434 1699 2488 in
1719 2434 1879 2490 eademec-

1047 2525 1134 2581 clesia
1145 2524 1248 2580 collata
1263 2529 1340 2595 sunt,
1358 2523 1400 2578 vel
1419 2523 1559 2578 collatura
1574 2522 1770 2593 [conterenda]
1784 2527 1878 2593 erunt,

1046 2619 1104 2669 tam
1121 2614 1150 2668 in
1167 2614 1229 2682 ipso
1241 2613 1380 2668 comitatu
1395 2611 1584 2681 Narbonensi,
1599 2625 1684 2682 quam
1698 2612 1728 2666 in
1744 2612 1881 2668 Redden-

1047 2717 1086 2775 se,
1110 2717 1161 2759 seu
1192 2707 1219 2758 et
1238 2700 1426 2770 ltinerbense,
1453 2706 1539 2771 atque
1564 2700 1742 2770 husonense,
1771 2714 1878 2756 necnon

1047 2797 1076 2848 et
1105 2791 1273 2858 Bitterense,
1303 2791 1363 2845 sive
1390 2789 1476 2845 etiam
1500 2791 1701 2846 Nemausense.
1726 2789 1792 2845 llaec
1815 2802 1879 2846 vero

167 2858 295 2917 lentibus
314 2858 449 2916 benevola
472 2858 668 2928 compassione
691 2869 868 2924 succurrere,
888 2861 916 2910 et
939 2868 993 2925 po-
1047 2880 1143 2936 ΟΜΝ
1160 2879 1200 2935 im
1212 2877 1456 2949 juoeflrmissimo
1468 2883 1519 2933 ω
1532 2877 1648 2949 ,uisque
1661 2877 1880 2936 sucoessofibus

165 2948 307 3005 mentium
328 2947 436 3004 animis
455 2947 543 3004 ³¹³⁰‘i
559 2946 709 3003 del⁰t¹⁰¹¹⁰
733 2944 875 3015 impertiri
890 2957 993 2999 ‘men‘
1048 2967 1189 3038 possideri
1198 2965 1383 3022 acdominari
1395 2965 1537 3034 volumus,
1549 2965 1626 3022 sicut
1634 2965 1704 3020 olim
1715 2979 1877 3036 possessum

165 3048 247 3094 ⁸⁰¹⁰?
265 3039 306 3095 ΕΚ
328 3037 381 3093 ¹¹⁰⁰
401 3036 478 3093 enim
508 3036 581 3093 ¹¹¹⁰*
595 3035 777 3107 l⁰¹¹⁵⁸³¹¹¹l¹¹¹¹
802 3033 951 3104 Pfaefflium
976 3045 991 3087 ³
1046 3062 1120 3112 esta
1138 3062 1242 3110 sanctas
1265 3053 1408 3109 memorie
1425 3054 1573 3109 decessore
1594 3061 1645 3109 tuo
1663 3054 1784 3110 Daniele
1798 3054 1878 3125 epis-

165 3125 314 3182 conditore
325 3125 454 3182 omnium
469 3125 590 3181 Domino
606 3136 810 3194 promeremur.
829 3122 897 3178 dum
914 3134 994 3176 vene
1047 3159 1142 3215 scopo,
1166 3144 1214 3200 sed
1239 3148 1267 3199 0,
1287 3144 1438 3200 ,emendo
1463 3142 1612 3215 Sigebobo,
1631 3144 1760 3213 ejusdem
1781 3144 1876 3214 prim,

166 3214 271 3272 rabilia
282 3215 345 3272 loca
354 3220 513 3286 opportune
521 3214 663 3276 ordinata,
677 3212 712 3269 ad
730 3212 874 3268 meliorem
884 3211 992 3267 luerint
1046 3235 1125 3292 sedis
1138 3233 1332 3290 Naffionensss
1347 3232 1478 3303 mule,
1495 3231 1549 3288 sub
1564 3238 1612 3288 m,
1629 3237 1806 3303 tuorumque
1817 3247 1878 3289 suc,

164 3303 227 3360 ⁸5⁰⁰
249 3304 338 3362 dnbiO
364 3309 470 3361 Statum
496 3302 641 3374 besdum·
662 3303 754 3375 lilimr
769 3301 928 3358 Wlfflin
939 3314 992 3356 ve·
1006 3325 1030 3385 C
1046 3337 1190 3379 cessurum
1205 3321 1327 3391 ditione,
1348 3325 1495 3390 potestate,
1509 3333 1541 3375 ac
1557 3319 1686 3376 utilitate
1700 3321 1875 3377 omnimodis

163 3399 229 3453 strae
244 3391 435 3450 fraternitatis
448 3392 732 3464 postulavitanobis
746 3397 888 3462 quatenus
903 3388 992 3458 hujus
1046 3410 1255 3467 confirmantes,
1288 3410 1449 3465 smmum,
1480 3408 1638 3478 ,905101503
1673 3422 1797 3465 censum
1823 3408 1875 3465 sub

163 3482 327 3554 apostolicae
340 3487 444 3540 nostrae
457 3481 641 3538 auctoritatis
654 3480 805 3551 privilegio
822 3477 991 3534 conlirmare

162 3569 331 3628 deberemus
356 3585 454 3627 omnes
473 3584 518 3626 res
538 3568 701 3625 immobiles
727 3567 852 3636 eiusdem
886 3571 991 3620 sanctae

164 3660 264 3730 prime
283 3660 360 3716 sedis
384 3657 515 3714 Ecclesia
535 3655 738 3725 Narbonensis,
761 3657 931 3710 constructae
960 3652 991 3707 iu

165 3746 271 3803 honore
285 3751 449 3802 sanctorum
463 3744 538 3800 lusti
553 3750 581 3798 et
595 3742 731 3811 Pastoris,
749 3741 799 3797 ubi
810 3741 910 3796 beatus
923 3740 992 3796 Pau·

164 3834 211 3891 lus
237 3833 384 3890 consessor
404 3833 511 3888 Christi
537 3844 655 3901 corpore
670 3831 836 3901 requiescit,
861 3829 914 3884 hoc
935 3833 988 3900 est,

164 3935 262 3979 omnes
283 3921 393 3990 domos,
418 3920 515 3990 cellas,
535 3919 681 3990 ecclesias,
704 3918 798 3989 villas,
814 3922 918 3989 curtes,
936 3930 990 3988 pa-

164 4009 288 4082 rochias,
313 4016 414 4082 terras,
433 4010 542 4080 vineas,
558 4014 646 4079 prata,
664 4007 762 4070 silvas.
775 4012 861 4079 atque
879 4007 989 4062 medie-

163 4104 247 4156 tatem
268 4100 437 4171 salinarum,
462 4103 491 4155 et
506 4098 620 4164 telonei,
643 4113 694 4154 seu
706 4097 832 4154 hadrani
847 4093 987 4170 [ltaliaml

161 4203 195 4245 ac
208 4187 363 4261 naufragii,
389 4188 561 4244 monasterio
574 4189 665 4244 sancti
680 4187 837 4256 Laurentii,
853 4192 881 4240 et
894 4185 988 4256 cellis,

163 4292 228 4341 cum
241 4277 376 4335 omnibus
384 4277 554 4349 adjacentiis
565 4291 663 4334 earum
675 4289 708 4331 ac
724 4274 917 4346 pertinentiis,
932 4288 987 4329 una

1045 3499 1139 3555 divini
1148 3499 1199 3567 jud
1205 3499 1253 3553 icii
1269 3497 1459 3553 obtestatione
1468 3502 1496 3552 et
1505 3497 1698 3553 anathematis
1710 3498 1873 3559 interdicto.

1047 3593 1079 3642 ut
1100 3585 1174 3641 nulli
1196 3598 1322 3654 unquam
1352 3597 1453 3655 magno
1479 3583 1521 3639 vel
1550 3597 1636 3654 parvo
1655 3585 1770 3640 bomini
1794 3585 1874 3642 liceat

1047 3673 1206 3744 quamlibet
1220 3672 1339 3728 terciam
1353 3673 1395 3729 vel
1409 3673 1621 3742 oppressionem
1639 3673 1669 3727 in
1685 3673 1824 3730 omnibus
1838 3687 1874 3729 re·

1045 3760 1100 3817 bus
1110 3762 1172 3829 ejus
1188 3759 1289 3817 lacere.
1310 3768 1361 3817 aut
1375 3765 1540 3831 potestatem
1555 3760 1684 3832 aliquam
1701 3761 1816 3831 habere,
1831 3761 1872 3817 vel

1044 3850 1170 3920 aliquem
1193 3850 1376 3922 distringere,
1393 3856 1444 3906 aut
1458 3849 1659 3921 qualecunque
1682 3850 1828 3907 teloneum
1840 3849 1872 3905 ab

1044 3939 1087 3994 eis
1102 3939 1224 4010 exigere,
1239 3939 1300 3994 sive
1311 3939 1345 3994 ad
1357 3939 1494 4010 placitum
1505 3952 1554 3994 eos
1569 3937 1739 4009 ubicunque
1755 3939 1873 4011 proqui-

1045 4027 1214 4097 buscunque
1233 4028 1332 4084 causis
1359 4028 1476 4097 proprio
1495 4028 1561 4098 jure
1587 4025 1870 4097 praeruptorum

1045 4117 1226 4187 providentia
1241 4112 1414 4189 [presentia]
1430 4116 1641 4186 archiepiscopi
1653 4129 1742 4172 causa
1759 4116 1870 4173 illorum

1044 4205 1189 4277 audiatur,
1215 4211 1243 4260 et
1270 4204 1447 4276 regulariter
1470 4204 1589 4261 liniatur
1612 4201 1777 4277 [llrmeturl.
1802 4203 1870 4261 lllud

1044 4306 1157 4362 quoque
1173 4299 1270 4349 nostra
1287 4291 1461 4348 auctoritate
1471 4293 1554 4361 iuxta
1566 4293 1734 4348 canonicam
1746 4293 1871 4349 sanctio-

161 4383 228 4426 oum
243 4367 360 4424 famulis
373 4368 525 4438 utriusque
540 4381 635 4438 sevus,
649 4365 743 4422 eram
757 4378 819 4435 nuae
834 4378 850 4420 a
865 4364 923 4433 niis
939 4364 989 4419 rm·
1041 4392 1104 4436 nem
1122 4380 1205 4436 nobis
1220 4381 1324 4436 acuere
1340 4380 1459 4450 praemi,
1478 4384 1510 4436 m
1523 4380 1673 4451 siquando
1685 4381 1874 4438 divinamu-

164 4457 345 4527 lttfflwlibsss
356 4464 384 4514 θῑ
398 4458 525 4529 iegibus,
542 4459 571 4512 θῑ
584 4457 619 4512 ab
632 4456 701 4512 ³¹¹ss
713 4459 801 4513 Deum
817 4457 987 4514 timentibus
1041 4468 1120 4524 tione
1135 4483 1184 4525 vos
1204 4469 1350 4540 vestrique
1366 4481 1544 4524 successores
1565 4482 1598 4524 ex
1616 4469 1668 4524 hac
1685 4471 1749 4525 luce
1766 4471 1869 4542 migra-

163 4545 193 4600 iu
212 4547 309 4602 eadem
331 4550 430 4602 sancta
451 4545 577 4602 Ecclesia
593 4545 770 4601 Narbonensi
787 4545 888 4602 collata
907 4553 984 4618 sunt,
1041 4557 1151 4626 veritis,
1161 4557 1330 4627 quandiuln
1342 4557 1405 4626 ipsa
1416 4557 1543 4613 Ecclesia
1553 4556 1731 4614 Narbonensi
1746 4562 1870 4629 repertus

162 4635 369 4704 etconsistuut,
379 4640 435 4690 lam
448 4635 548 4705 inipso
562 4636 701 4693 comitatu
713 4636 985 4707 Narbonensequam
1003 4644 1347 4733 Diuertrquirllgnussit
1364 4644 1459 4702 officio
1476 4645 1662 4714 pontificatus
1674 4646 1770 4716 ipsius
1781 4645 1867 4718 iungi,

161 4724 190 4776 et
209 4720 366 4790 Reddense,
398 4736 449 4779 seu
484 4723 663 4780 blinerbense
689 4733 776 4797 atque
807 4725 983 4791 dusmense,
1040 4732 1114 4788 nulli
1129 4731 1324 4788 liceatexalio
1335 4732 1397 4789 loco
1411 4732 1484 4788 inibi
1500 4733 1624 4805 ingredi,
1635 4735 1868 4801 neciamdictam

162 4821 270 4864 necnon
282 4816 310 4864 et
330 4811 500 4882 biterrense,
517 4812 578 4868 sive
589 4813 674 4869 etiam
691 4815 890 4870 Nemausense.
906 4813 986 4868 Unde
1002 4853 1005 4857 .
1040 4820 1097 4875 sibi
1114 4821 1251 4891 preditus
1266 4817 1433 4893 [praedictus
1444 4818 1581 4895 mendose]
1593 4835 1769 4893 quacunque
1781 4822 1872 4895 digui-

161 4897 784 4975 salubribuspetitiouibusvestrisinclinati,
795 4904 984 4973 decrevimus,
1041 4914 1097 4964 tate
1118 4917 1168 4965 aut
1183 4909 1261 4982 regia
1275 4910 1448 4966 auctoritate
1464 4923 1604 4980 usurpare
1620 4911 1726 4984 sedem,
1748 4912 1797 4968 sed
1810 4924 1869 4968 con·

160 4993 218 5044 uta
228 4989 362 5058 praesenti
372 4990 528 5062 diequarta
538 4993 648 5050 decima
661 4994 828 5067 indictione,
839 5009 889 5065 per
899 4994 987 5065 huius
1041 5003 1156 5053 ventum
1170 4998 1330 5054 vicinorum
1355 4999 1592 5070 coepiscoporum
1606 5012 1760 5056 occurrere
1774 5001 1869 5057 volen-

161 5079 440 5148 nostraeapostolicae
453 5081 681 5140 confirmationis
704 5085 887 5157 privilegium
907 5086 987 5141 roho·
1042 5086 1114 5141 tium
1132 5082 1308 5159 [valentium]
1323 5085 1399 5143 lacto
1411 5087 1520 5159 absque
1532 5088 1870 5159 alicujuspotestatisiu·

161 5164 456 5237 ramusstabilimus.
475 5176 503 5224 et
524 5170 736 5242 inperpetuum
752 5181 849 5229 nostra
869 5180 987 5244 aposto-
1040 5175 1172 5245 terdicto,
1202 5174 1413 5232 benedictionis
1439 5176 1509 5232 cleri
1540 5177 1582 5232 vel
1617 5177 1712 5248 plebis
1734 5179 1869 5250 percipiat

159 5251 216 5308 lica
228 5253 399 5311 auctoritate
411 5256 622 5329 confirmamus,
639 5259 668 5314 in
683 5276 737 5317 usu
753 5267 780 5316 et
791 5262 986 5332 solatioejus-
1040 5263 1218 5335 dignitatem.
1240 5264 1268 5318 Si
1285 5278 1350 5320 vero
1367 5264 1493 5335 aliquem
1508 5265 1543 5320 de
1565 5264 1760 5336 suffraganeis
1774 5267 1869 5339 coepi-

153 5341 224 5404 ¹dem
239 5350 343 5399 sanctae
360 5345 459 5414 primae
474 5346 606 5402 Ecclesiae
624 5349 827 5422 Narbonensis,
842 5352 888 5408 cui
909 5368 986 5423 prae-
1039 5353 1135 5423 scopis
1155 5353 1313 5425 contigerit
1332 5353 1416 5423 mori,
1438 5354 1609 5425 perquirens
1630 5358 1868 5427 metropolitauus

159 5444 221 5487 esse
238 5429 427 5505 dignosceris,
446 5434 474 5490 ld
500 5439 564 5507 est„
587 5449 685 5494 omnes
698 5438 807 5506 domos,
821 5440 917 5511 cellas,
934 5456 984 5497 ec-
1038 5442 1190 5511 episcopus
1201 5441 1367 5497 electionem
1382 5441 1479 5512 plebis
1493 5443 1596 5512 ipsius,
1611 5446 1868 5503 eamvlsitarestu·

159 5519 272 5591 oleaias,
296 5521 391 5595 villas,
425 5530 530 5596 curtes,
558 5525 720 5599 parochias,
743 5532 844 5600 terras,
873 5531 981 5600 vineas,
1036 5529 1110 5601 deal,
1134 5535 1232 5600 utpote
1245 5531 1391 5586 viduatam
1408 5531 1574 5588 Ecclesiam.
1591 5533 1673 5603 Quod
1689 5534 1715 5590 si
1739 5533 1814 5592 torte
1828 5530 1867 5590 ibi
