3876 6090
519 268 828 328 coenaculum-
849 267 1133 333 resumamus.
1518 240 1523 248 ’
1628 284 1683 347 ras

92 395 165 453 undis
191 396 340 453 Saracenis
370 397 441 454 illuc
463 398 712 469 longobardorum
729 395 839 455 irentA
859 405 1007 456 neventum
1022 402 1166 459 duxerunt
1181 413 1310 464 sanctum
1326 423 1431 480 corpus
1444 412 1579 483 apostoli,
1595 419 1683 486 atque

93 524 103 557 ,
118 490 192 541 nutu
206 484 254 540 Dei
273 484 418 541 inventum
440 484 481 540 ibi
505 486 675 542 monachum
689 491 719 540 et
733 499 805 541 san-
859 487 888 543 in
903 488 1007 545 altarlo
1022 493 1252 565 recondiderunt,
1269 508 1343 552 anno
1358 499 1393 553 ab
1410 500 1607 558 incarnatione
1621 505 1682 560 Do-

92 570 155 629 stoli
177 586 282 641 corpus
295 572 434 643 tulerunt,
456 578 484 628 et
498 572 641 630 abierunt.
663 573 806 643 Superve-
859 576 929 631 mini
939 577 1175 650 octingentesimo
1187 596 1271 650 norro,
1282 585 1418 642 vicesimo
1432 589 1534 658 quinto
1549 591 1683 647 videlicet

102 661 339 717 autemsaraceui
351 662 604 717 circumdederunt
617 663 710 718 nanim
722 661 803 718 illam
858 663 905 718 die
925 667 1034 721 mensis
1053 668 1194 725 Octobris.
1211 671 1299 740 Cujus
1320 674 1399 743 prior
1414 676 1528 745 quidem
1546 691 1580 733 ex
1596 679 1684 735 indo-

106 753 238 805 sauctum
260 748 383 817 apostoli
399 763 504 818 corpus
520 749 689 819 ducebatur,
717 749 757 804 ita
772 755 805 806 ut
859 765 922 807 rum
939 757 1018 822 parte
1030 757 1202 813 transvectio
1219 759 1248 814 iu
1264 760 1477 830 Lipparitanam
1494 764 1617 821 insulam
1633 779 1684 821 ce-

92 836 196 895 mendi
212 850 392 908 usquequam
413 839 594 894 esset.Tuuc
614 836 805 894 subitoiactc
860 838 1686 911 lebraturdecimutertiadiemensislunii:dormitionis
1783 833 1788 844 ¹

92 925 240 983 lssssiSSilllae
262 925 385 982 tenebrae
409 932 475 982 ante
488 927 693 984 Saracenorum
709 939 803 996 naves,
859 940 925 982 vero
945 928 1008 997 ojus
1032 929 1132 987 lesciva
1151 934 1303 991 celebritas
1314 937 1430 1008 colitur,
1455 944 1487 995 ut
1502 942 1681 1009 premissum

92 1014 234 1071 nescirent
249 1028 306 1084 quo
321 1021 478 1086 pergerent.
503 1015 607 1086 Sisque
629 1014 749 1070 liberata
761 1020 804 1071 est
860 1019 912 1085 est,
930 1029 1004 1073 nouo
1023 1019 1163 1077 Kalendas
1183 1022 1379 1096 Septembris3
1397 1028 1496 1098 sicque
1511 1034 1554 1086 ter
1569 1029 1666 1087 inann

92 1101 140 1159 lla.
166 1102 278 1171 Quibus
291 1103 386 1160 adhuc
415 1102 446 1158 in
469 1115 545 1158 mare
566 1102 804 1173 commeantibus,
860 1106 1055 1163 sacratissima
1066 1109 1152 1181 digne
1166 1111 1326 1170 celebratur
1339 1116 1505 1174 solemnitas
1519 1118 1553 1174 ad
1570 1119 1685 1178 laudem

92 1204 126 1248 sx
143 1192 241 1247 nautis
260 1192 385 1261 ejusdem
407 1192 519 1248 havisa
543 1192 621 1264 gravi
642 1190 806 1247 valetudine
859 1200 888 1251 et
902 1195 1023 1266 gloriam
1035 1198 1149 1254 Domini
1165 1202 1256 1257 nostri
1267 1203 1332 1259 Jesu
1346 1203 1466 1274 Christi,
1480 1207 1532 1277 qui
1547 1221 1612 1265 cum
1627 1209 1686 1265 Pa-

92 1292 100 1335 ι
118 1278 213 1349 ipsius
233 1280 354 1349 apostoli
378 1279 477 1335 divina
501 1279 622 1335 salvavit
643 1279 803 1336 clementia.
860 1289 904 1338 tre
914 1288 942 1338 et
955 1283 1066 1353 Spiritu
1082 1293 1181 1343 sancto
1195 1288 1306 1346 visitet
1320 1298 1419 1364 regnat
1433 1295 1510 1350 Dens
1524 1308 1575 1366 per
1588 1297 1686 1355 omnia

92 1371 224 1425 esautem
247 1368 282 1423 ad
297 1373 399 1424 terram
424 1368 534 1439 ingenti
550 1381 614 1422 cum
630 1367 738 1423 honore
752 1369 807 1424 Be-
862 1371 966 1427 saccula
978 1372 1159 1429 seculorum.
1178 1376 1275 1432 limen.

92 1497 1676 1525 mm

104 1606 414 1785 lllllllll
474 1605 966 1786 lllillllllllll
1028 1612 1329 1794 lllllllll
1385 1621 1534 1802 llll

752 1854 923 1866 μ...-

246 1978 409 2035 EPlSTOLd
435 1979 552 2035 Pillllh.
822 1986 981 2057 sstenenda
1004 2000 1067 2044 esse
1090 1991 1241 2060 putaverit,
1259 1997 1291 2049 nt
1305 1994 1409 2052 merito
1430 1996 1574 2064 coapostol
1597 1999 1689 2067 selus

119 2117 156 2160 ΑΒ
175 2117 301 2159 mm
325 2116 431 2158 mm
457 2117 661 2159 mmmm·
861 2074 968 2131 Paulus
995 2090 1061 2133 eum
1092 2079 1551 2151 reprehensibilemjudicaverit.
1584 2084 1688 2141 Beatus

425 2231 430 2241 y
455 2231 461 2241 ,
676 2231 681 2243 1
861 2161 947 2217 etiam
962 2162 1123 2235 Cyprianus
1137 2169 1236 2224 doctor
1247 2176 1276 2225 et
1291 2175 1409 2241 martyr,
1425 2171 1563 2241 quiddam
1584 2172 1620 2228 de
1639 2186 1688 2228 re-

112 2229 181 2313 ·lsos
192 2230 371 2298 quorumdem
386 2245 533 2298 opiniones,
548 2235 726 2313 asserentium
740 2231 808 2285 beo·
863 2248 1055 2319 baptizatione
1079 2255 1209 2312 definivit

135 2303 255 2369 ngsium,
272 2302 440 2354 Parisiorum
447 2302 568 2369 primm
578 2316 807 2371 cpucopsmnmn
909 2339 915 2351 .
1211 2298 1219 2327 ²
1240 2258 1329 2357 ΨΜ,
1341 2264 1411 2358 ²⁰1³,
1422 2258 1548 2315 mma
1577 2260 1685 2361 fejefi‘·

92 2370 288 2441 mmmm,
862 2339 937 2408 Quid
952 2346 1046 2397 autem
1057 2343 1092 2398 de
1100 2350 1198 2400 sancto
1207 2344 1371 2417 Augustino
1383 2347 1522 2417 dicemus,
1537 2362 1587 2418 qut
1600 2353 1687 2404 etiam

273 2495 279 2506 .
863 2427 953 2485 libros
969 2429 1222 2503 lietractationum,
1238 2434 1392 2490 condricus
1407 2435 1556 2506 nonnulla,
1577 2450 1647 2506 qnae.
1658 2449 1688 2492 se

118 2493 206 2558 (Apud
221 2494 335 2554 Surium,
353 2496 412 2546 A⁰¹'
428 2494 519 2545 Senot.
535 2496 567 2544 ad
584 2495 684 2558 ΒΜ)
861 2516 933 2574 bene
956 2519 1080 2575 sensisse
1102 2520 1210 2577 dudum
1234 2525 1381 2591 putaverat
1405 2523 1597 2593 reprehendit.
1617 2526 1688 2580 Nam

92 2612 135 2667 luo
155 2611 290 2680 piissimo
303 2614 331 2665 et
346 2611 530 2667 serenissimo
544 2611 652 2666 Csuouo
679 2610 808 2680 impera·
861 2608 1127 2684 Deusomnipoteus
1139 2622 1344 2680 nonnunquam
1355 2610 1686 2685 dispensatoriegerens,

92 2699 183 2770 elque
204 2712 269 2755 vere
295 2701 412 2770 cultori,
438 2713 548 2769 semper
575 2700 705 2772 Augusto
727 2699 808 2754 hns-
862 2695 909 2751 cui
924 2695 1013 2752 multa
1024 2696 1130 2752 revelat
1146 2697 1282 2767 quiddam
1296 2704 1426 2768 opertum
1438 2700 1556 2771 deserit,
1569 2706 1598 2757 et
1613 2701 1687 2771 quod

99 2786 225 2859 exiguus
240 2788 405 2858 apostolicae
417 2788 495 2843 sedis
509 2786 760 2854 bibliothecarius,
776 2787 806 2841 in
862 2786 946 2842 alteri
968 2785 1092 2856 obserat,
1108 2786 1192 2842 alteri
1210 2792 1333 2844 reserat:
1359 2802 1394 2844 ne
1406 2794 1499 2845 tamen
1512 2789 1576 2845 sine
1588 2803 1689 2845 remu-

92 2879 252 2933 tmternum
271 2890 336 2933 cum
348 2876 464 2933 Christo
480 2876 644 2946 imperium.
862 2874 1108 2931 nerationisdono
1123 2874 1275 2946 relinquit,
1292 2876 1367 2945 quod
1380 2890 1414 2932 ex
1425 2877 1521 2933 radice
1536 2877 1688 2934 charitatis

111 2963 317 3034 imperatorum
342 2964 531 3020 solertissime
550 2971 578 3020 et
591 2963 809 3020 Christianissi·
863 2963 977 3033 prodire
1003 2976 1059 3020 nou
1076 2963 1185 3019 nescit:
1203 2964 1273 3034 quia
1296 2978 1360 3020 cum
1383 2978 1432 3021 cor
1461 2970 1614 3038 scrutetur,
1632 2979 1687 3023 nou

108 3051 212 3110 allodis
226 3058 255 3107 et
270 3052 387 3108 rimaris
407 3053 579 3122 sapientiam
593 3052 669 3109 sicut
683 3052 806 3108 thesau-
863 3058 919 3107 tam
945 3051 1056 3109 dictum
1081 3065 1165 3123 quam
1196 3052 1370 3109 intentionis
1391 3054 1520 3110 admittit
1545 3054 1685 3111 ellectum.

92 3140 204 3199 ulnihil
219 3140 371 3196 sinistrum
386 3146 439 3213 est,
455 3155 520 3197 cum
532 3145 653 3211 utraque
667 3141 806 3196 nimirum
862 3142 966 3197 Verum
982 3140 1050 3197 hinc
1066 3140 1165 3209 multa,
1187 3142 1306 3197 docente
1324 3143 1391 3211 beo,
1404 3142 1500 3198 dicere
1517 3155 1638 3212 possem,
1661 3144 1688 3200 si

92 3241 134 3287 tro
155 3230 271 3285 dextera
287 3229 390 3284 utaris.
415 3231 484 3285 Nam
499 3229 543 3285 sic
556 3230 677 3286 humana
694 3229 806 3298 Reipu-
823 3244 919 3336 Cnon
945 3229 1017 3285 mihi
1045 3226 1250 3299 praelationem,
1286 3229 1334 3285 sed
1372 3230 1533 3301 apologiam
1563 3228 1688 3287 faciendi

92 3318 242 3377 commissa
264 3318 421 3374 secundum
443 3317 531 3389 legem
546 3317 597 3373 Dei
612 3317 805 3389 gubernacula
864 3317 1041 3389 propositum
1056 3315 1211 3371 exstitisse.
1222 3315 1341 3386 suscipe
1357 3316 1463 3386 itaque,
1484 3317 1615 3386 piissime
1630 3318 1690 3373 im-

92 3405 149 3476 rls,
165 3406 307 3462 utdivina
322 3419 441 3476 quaeque
457 3420 512 3462 nou
525 3406 648 3475 deseras,
664 3406 713 3461 sed
730 3419 808 3475 prae·
864 3410 986 3476 perator,
1001 3403 1182 3473 Dionysium,
1207 3416 1241 3457 ex
1262 3402 1372 3458 Graecia
1396 3403 1498 3458 iterato
1520 3403 1617 3459 volatu
1637 3418 1689 3460 se-
1729 3392 1732 3398 ’

92 3495 258 3551 Passionem
297 3495 389 3550 sancti
426 3494 644 3565 hieromartyris
675 3493 806 3563 Dionysii
863 3493 999 3561 nientem,
1018 3496 1046 3547 et
1067 3492 1118 3561 qul
1143 3490 1294 3561 gaudcseo
1317 3491 1418 3547 Latino
1439 3489 1555 3559 eloquio
1578 3490 1686 3562 habito,

92 3596 124 3640 ‚m
145 3583 332 3654 Areopagitas,
360 3588 480 3653 postque
494 3581 669 3638 Athenarum
685 3580 808 3638 antisti·
862 3582 953 3652 gaude
965 3586 994 3637 et
1002 3580 1038 3636 ab
1051 3580 1159 3636 hcbivo
1173 3592 1305 3635 sermone
1318 3581 1432 3636 donato.

92 3684 130 3728 lm
152 3670 248 3726 itomro
263 3671 317 3742 legi
343 3685 407 3725 curn
435 3683 505 3740 puer
519 3683 620 3740 essem,
635 3681 806 3739 quamquea
895 3657 1688 3741 sanequianonnullibeatumDionysiumsrspdyrovrod

92 3758 308 3828 lliuopolitanis
335 3758 437 3830 legatis
458 3758 617 3828 audieram,
648 3757 804 3814 secundum
859 3747 1001 3830 ούρανοῦα
1018 3754 1125 3812 Grecis
1152 3756 1293 3826 appellari
1311 3762 1549 3814 commemorant:
1582 3762 1688 3813 notan·

92 3860 135 3905 sm
160 3852 282 3903 nestram
307 3847 359 3902 diu
393 3846 554 3917 quesitam,
581 3846 752 3916 tandemque
774 3844 804 3899 in
861 3848 929 3903 dum
963 3845 1038 3916 quod
1076 3845 1152 3900 hunc
1185 3843 1286 3900 beatus
1317 3844 1437 3902 loannes
1465 3845 1687 3916 Chryscstomus

92 3950 102 3996 l
142 3935 337 3993 roeuobiorum
368 3935 463 3990 Romae
496 3935 618 3991 sitorum
653 3938 803 4004 repertam,
858 3923 975 3983 acrensis
995 3929 1044 3983 τοῦ
1064 3926 1175 4003 οὐρανοῦ
1192 3932 1220 3988 id
1243 3936 1287 3989 est
1302 3934 1437 3988 volumem
1452 3935 1512 3989 ooli
1536 3934 1567 3989 iu
1586 3933 1689 3991 ultimo

92 4029 155 4082 uter
174 4024 302 4080 diversos
326 4023 457 4094 langores
483 4024 605 4093 positus,
630 4026 744 4093 arrepto
763 4021 807 4076 in·
858 4034 1021 4080 sermonum
1034 4019 1188 4077 describat.
1200 4020 1459 4089 Quorumduorum
1474 4018 1690 4079 nominumdii·

92 4111 568 4182 rudiccrtamine‚Latinoeloquio
587 4110 803 4182 tradidi,quan·
858 4110 1019 4179 terentiam,
1053 4108 1128 4165 sacri
1150 4109 1369 4180 Evangeliorum
1400 4117 1485 4181 atque
1510 4110 1685 4181 psalmorum

92 4200 145 4273 tui,
157 4199 319 4257 auxiliante
330 4201 397 4268 Deo,
413 4206 441 4255 et
455 4200 480 4255 si
493 4213 548 4255 non
562 4212 596 4254 ex
612 4204 671 4254 toto
687 4196 803 4252 verbum
858 4200 954 4255 Graece
963 4197 1148 4267 scriptorum,
1165 4194 1234 4250 iibri
1245 4196 1454 4254 demonstrant:
1469 4211 1533 4254 nam
1546 4197 1576 4253 in
1591 4195 1684 4252 altero

97 4302 215 4347 wusum
235 4291 328 4343 tamen
344 4287 458 4356 penitus
485 4286 632 4342 hauriens.
655 4284 750 4341 Cesset
762 4297 805 4339 er·
858 4286 974 4356 quidem
993 4285 1089 4343 Graece
1114 4273 1254 4355 πτερύγιον
1276 4285 1428 4354 scriptum,
1451 4286 1539 4341 codex
1564 4284 1683 4340 latinus

96 4376 289 4449 quorumdam
309 4375 419 4445 opinio,
443 4374 656 4445 perhibentium
673 4385 729 4429 nou
741 4385 803 4428 esse
858 4388 913 4430 non
925 4376 1009 4437 olom,
1032 4374 1081 4429 sed
1101 4372 1283 4443 pinnaculum
1296 4371 1478 4442 interpretari
1499 4373 1634 4428 declarat.
1652 4371 1683 4429 ln

92 4462 177 4537 gitam
192 4463 363 4533 Dionysium
378 4477 453 4532 eum,
482 4464 532 4533 qui
560 4474 647 4532 prope
661 4459 802 4515 Parisium
856 4463 947 4518 altero
963 4475 1030 4518 vcro
1045 4449 1163 4511 sersrvds
1179 4459 1279 4516 crebro
1298 4472 1428 4515 sermone
1448 4461 1574 4516 Romano
1589 4466 1689 4514 trans-

92 4563 141 4608 lac
160 4549 321 4606 viriutihus
339 4551 447 4606 redolet
461 4569 468 4606 ε
482 4564 547 4607 cum
561 4549 614 4606 hoc
632 4553 661 4606 et
685 4551 805 4606 draeco-
818 4583 844 4644 D
858 4550 958 4621 iatum,
974 4550 1116 4607 volucrem
1133 4562 1234 4606 sonare
1250 4548 1391 4620 designat
1410 4548 1502 4618 lluy'ns
1516 4553 1612 4605 autem
1624 4561 1688 4618 pas·

92 4651 171 4712 mque
184 4638 286 4709 stylus,
306 4653 372 4695 cum
387 4639 485 4695 Latina
503 4639 601 4710 lingua
616 4638 801 4709 concordans,
858 4639 951 4694 sionis
974 4641 1081 4693 textum
1111 4637 1211 4694 beatus
1233 4637 1405 4705 blethodius,
1417 4636 1511 4707 ‚quia
1534 4636 1600 4692 sede
1613 4649 1688 4707 apo-

92 4731 145 4785 'ct
166 4726 311 4797 predicet,
338 4727 368 4782 iu
385 4740 440 4797 qua
456 4725 581 4796 prolecto
605 4729 689 4781 uatus
708 4729 760 4795 est,
776 4728 804 4780 et
859 4728 962 4785 stolica
975 4725 1253 4796 constantinopolim
1269 4724 1415 4796 presbyter
1429 4725 1546 4795 missus,
1558 4725 1685 4795 ejusdem

92 4815 241 4885 suscripta
259 4828 311 4871 sua
325 4815 508 4870 contexuisse
519 4814 672 4884 probatur:
690 4825 805 4883 praeser—
860 4816 942 4872 urbis
958 4813 1253 4882 tenultpoutidcium.
1270 4818 1298 4868 et
1313 4825 1348 4868 ex
1359 4818 1427 4871 tuuc
1440 4813 1516 4868 iuter
1528 4816 1641 4868 sanctos
1651 4812 1687 4867 ab

92 4916 110 4960 u
129 4901 281 4959 manifeste
302 4903 437 4973 sciamus,
456 4903 616 4973 praecipuos
636 4905 805 4958 tractatores
857 4901 1041 4960 omnibusob
1054 4898 1314 4957 sueconlessiouis
1328 4908 1357 4956 et
1370 4901 1627 4972 agoniscertamen
1641 4913 1690 4955 ve·

92 5005 120 5063 e,
134 4991 185 5062 qui
197 4991 298 5046 Latino
309 4991 383 5061 stylo
396 4992 547 5063 scripsere,
559 4992 629 5062 quid
640 4990 762 5046 dubium
773 4989 803 5045 in
859 4992 964 5049 raciter
978 4992 1129 5047 veneratur
1141 4992 1169 5044 et
1180 4988 1298 5058 colitur,
1314 4987 1416 5056 edidit,
1431 5001 1521 5058 pauca
1533 4988 1569 5044 de
1582 4987 1683 5044 multis

94 5080 246 5151 Scriptura
269 5080 453 5151 reperientes,
471 5093 536 5136 mos
548 5081 582 5136 ad
594 5079 690 5135 Graece
704 5091 805 5134 exem·
858 5079 1084 5151 precedentibus
1098 5076 1218 5147 scriptis
1240 5088 1402 5145 excerpens.
1421 5076 1498 5132 Deus
1522 5080 1617 5133 autem
1634 5089 1690 5146 pa·

92 5182 217 5236 currere,
233 5173 261 5225 ct
275 5170 310 5223 ad
336 5182 434 5224 eorum
451 5182 576 5238 sensum,
593 5167 726 5238 protinus
745 5179 805 5222 sse
857 5168 901 5225 cis
915 5171 1041 5225 conterat
1062 5167 1194 5222 satanam
1211 5163 1265 5220 sub
1290 5162 1412 5233 pedibus
1425 5163 1528 5219 restris
1539 5164 1683 5234 velociter,

92 5256 206 5315 ubilum
219 5255 420 5327 ambiguitatis
443 5255 601 5312 excludere.
857 5261 886 5311 ct
901 5256 950 5326 qui
963 5255 1043 5313 dedit
1063 5255 1190 5324 amplum
1206 5253 1236 5308 iu
1253 5252 1338 5308 terris
1352 5251 1517 5324 imperium,
1531 5251 1640 5308 tribuat
1653 5246 1686 5305 ln

92 5345 199 5416 uirum,
218 5344 244 5399 si
259 5344 414 5414 quisquam
434 5345 583 5401 ductorum
597 5358 663 5417 erga
679 5345 803 5414 plurima
857 5343 1024 5400 coelestibus
1037 5343 1216 5400 ditissimum
1236 5341 1316 5414 regni
1333 5339 1496 5411 premium.

92 5447 141 5504 ns,
165 5445 216 5487 neo
240 5432 404 5487 Grecorum
430 5431 682 5502 scriniariorum,
707 5431 803 5488 aliter·
892 5430 995 5487 Actum
1009 5445 1104 5487 mense
1115 5430 1211 5501 lunio,
1223 5429 1381 5486 indictione
1392 5440 1475 5496 nona,
1485 5436 1559 5480 auno
1571 5421 1685 5492 pontili-

92 5536 107 5593 ;,
133 5534 199 5578 cum
226 5519 288 5589 ipse
308 5520 456 5590 apostolus
478 5522 579 5578 Petrus
599 5520 729 5591 quadam
759 5521 803 5578 sic
858 5525 940 5578 catus
954 5518 1009 5576 viri
1035 5516 1196 5576 beatissimi
1210 5516 1321 5572 domiui
1340 5513 1432 5570 nostrl
1451 5509 1570 5567 ioannis
1588 5505 1683 5565 octavi
