3876 6090
130 278 181 338 ‘lli
648 279 887 336 ERCHEMBEATI
905 278 1124 336 CASSlNENSIS
1151 280 1304 337 nonnulli
1788 274 1844 340 772

131 403 262 462 sentibus
277 406 286 452 ¹
302 408 330 460 et
349 403 485 474 vepribus
511 403 617 474 repleta
639 402 764 461 fatiscat.
789 401 958 460 Guailerius
971 404 1000 464 A
1013 403 1064 459 llle
1078 417 1144 459 vero
1161 403 1214 461 hoc
1229 402 1351 460 fratrum
1366 422 1389 468 ra
1401 404 1524 462 consilio
1537 403 1666 477 distulit,
1683 405 1736 477 qui
1752 420 1844 464 rerer

130 498 225 550 autem
236 492 347 549 colosso
358 493 497 563 residens,
518 507 623 551 suasus
637 492 673 549 ab
687 493 855 562 Athanasio,
869 492 957 548 immo
1013 505 1274 549 susremrenenose
1283 491 1431 548 insitam¹¹
1442 493 1839 564 propriisinnuitlratribus.

129 588 158 640 et
167 582 341 640 Athanasius
356 582 392 640 ab
408 582 459 640 illo
471 589 597 653 coactus,
611 582 718 640 bellurn
729 579 957 652 coepitinlerre¹
1011 579 1047 637 At
1065 581 1108 637 illi
1129 580 1330 653 obstupefacti,
1355 582 1438 655 signo
1455 597 1485 639 sc
1503 584 1600 639 crucis
1617 583 1729 640 Christi
1751 585 1843 642 muni-

129 672 218 730 dictis
242 671 392 742 tratribus,
414 677 500 744 atque
512 686 578 730 cum
603 672 754 729 Saracenis
770 670 892 726 nimium
907 682 957 726 ecs
1011 675 1105 740 erunt,
1118 669 1263 726 dicentes:
1280 672 1353 727 Arate
1364 674 1515 726 moriamur
1528 677 1577 728 aut
1591 674 1745 738 exulemus,
1758 690 1841 743 quara

130 761 275 834 affligebat
296 766 325 818 et
339 761 436 819 acrius
461 760 676 832 insequebatur.
693 761 773 817 Tunc
799 760 872 816 nutu
893 759 954 831 Dei,
1010 774 1092 828 super
1114 761 1217 827 tratres
1250 766 1356 816 nostros
1382 760 1459 830 jaste
1491 766 1541 816 out
1569 762 1673 831 trajecta
1705 764 1841 832 imsurpa-

131 864 219 922 aquo
240 864 324 909 omne
345 850 476 921 procedit
493 849 611 920 bonurn,
628 849 769 922 quendam
793 848 955 921 Agarenum
1009 862 1069 901 mus
1093 863 1238 918 capream
1257 849 1343 905 daaec
1363 853 1434 905 enim
1455 852 1518 905 erit·
1538 852 1569 905 in
1588 851 1706 906 rombus
1727 854 1837 917 metria,

128 940 164 996 ab
185 939 282 998 Airica
297 953 426 1010 evocans,
447 938 525 1010 regia
546 939 582 994 de
597 937 688 1010 stirpe
706 937 801 1011 generi
823 937 868 994 sui
885 950 957 1007 pro-
1009 938 1804 1012 nominsidr'cbimursaapaiaiaostro.hloxeteuimjuncti
1816 942 1840 989 ¹⁵

128 1036 254 1089 creatum
269 1042 283 1086 a
298 1029 475 1102 Agropolin,
490 1027 758 1098 inchurilianum,
771 1041 828 1098 quo
843 1025 956 1082 reside-
1010 1023 1065 1080 ulii
1077 1026 1253 1097 landonolfi,
1267 1027 1435 1086 munierunt
1447 1041 1477 1084 se
1488 1028 1624 1084 horribili
1635 1034 1665 1084 et
1677 1042 1752 1100 pene
1764 1029 1842 1087 inau-

128 1117 197 1174 bant
211 1116 326 1190 agmina
341 1116 547 1186 hismaelitica,
563 1116 655 1187 misit,
671 1122 757 1187 atque
767 1115 896 1172 omnium
914 1114 957 1171 il·
1009 1113 1072 1169 dito
1091 1121 1268 1173 sacramento
1293 1130 1358 1173 cum
1379 1116 1450 1172 tiliis
1470 1117 1613 1174 landonis
1634 1117 1770 1175 clanculo
1787 1117 1839 1176 sub

128 1205 222 1263 lorum
235 1211 357 1263 mentem
371 1204 539 1268 accendens,
551 1204 615 1274 ejus
626 1204 757 1261 hortatus
771 1203 898 1262 universi
909 1203 956 1260 Sa·
1009 1203 1088 1275 grani
1099 1205 1291 1262 anathematis
1304 1206 1523 1277 interdictione,
1537 1207 1697 1278 statimque
1709 1207 1839 1266 Atenollo

130 1295 225 1351 raceni
238 1300 294 1352 tam
307 1295 343 1351 de
356 1294 507 1351 Garilianc
520 1307 606 1365 quam
620 1293 656 1350 de
670 1293 806 1366 Agropoli
819 1292 955 1350 comuni·
1008 1290 1836 1365 abiens‚Athanasioretulit,voluntatemiratrumsuorum

131 1389 174 1440 ter
196 1383 309 1441 collecti
338 1383 510 1454 Calabriam,
540 1396 596 1455 qua
624 1382 769 1439 residebat
789 1382 954 1440 Graecorum
1009 1386 1098 1436 ratam
1121 1380 1180 1438 iore
1199 1382 1390 1441 fratruelibus
1403 1383 1512 1453 ¹¹suis,
1528 1389 1557 1440 et
1576 1385 1606 1440 in
1622 1384 1706 1441 nullo
1725 1386 1837 1457 penitus

127 1473 271 1530 exercitus
290 1487 377 1544 super
391 1473 547 1529 Saracenos
563 1473 594 1528 in
610 1477 708 1528 sancta
722 1470 858 1529 severina
872 1484 954 1527 com·
1009 1470 1127 1526 moveri.
1140 1469 1177 1527 At
1191 1470 1251 1543 ille,
1263 1472 1370 1530 durius
1384 1472 1436 1529 boc
1449 1473 1604 1547 accipieds,
1617 1479 1706 1531 extus
1717 1472 1733 1517 b
1746 1473 1836 1533 lactus

127 1569 280 1635 morantes,
311 1567 521 1634 properarunt3
552 1561 604 1619 ubi
625 1566 654 1618 et
678 1575 777 1619 omnes
798 1560 952 1619 Graiorum
1008 1561 1053 1613 est
1069 1557 1141 1615 illis.

127 1652 234 1725 gladiis
250 1653 371 1709 extincti
391 1656 468 1709 sunt.
486 1651 596 1708 Dehinc
611 1651 781 1707 Arnauteum
798 1654 925 1707 castrum
939 1650 953 1694 ¹
1043 1643 1087 1702 5¹.
1101 1649 1204 1704 Eodem
1215 1653 1342 1720 ternpore
1353 1650 1551 1720 Guaimarius,
1563 1652 1754 1723 supradictus
1764 1653 1835 1724 prin·

126 1745 241 1810 captum
254 1744 307 1796 est.
321 1740 429 1797 Deinde
449 1743 478 1796 et
497 1739 582 1796 dlctae
601 1738 689 1794 beatae
706 1737 846 1794 severina
865 1735 954 1807 oppi-
968 1730 995 1790 Β
1007 1748 1084 1806 ceps,
1093 1750 1158 1794 cum
1170 1738 1476 1812 nimrumatlligeretur
1486 1741 1522 1798 ab
1532 1741 1691 1800 Athanasio
1702 1743 1833 1814 episcopo

126 1831 195 1887 dum
210 1831 419 1901 apprehensum
437 1833 481 1885 est
496 1826 577 1901 (88¹).
1007 1838 1072 1882 cum
1090 1827 1251 1899 Saracenis,
1268 1834 1399 1901 essetque
1418 1843 1452 1886 ex
1474 1835 1533 1887 toto
1552 1830 1729 1901 depopulata
1750 1833 1834 1889 tellus

161 1915 205 1976 55.
224 1918 330 1975 Basilio
352 1917 537 1976 serenissimo
555 1922 678 1989 augusto
702 1915 877 1972 biisdiebus
899 1915 953 1971 de-
1008 1912 1112 1983 ipsius.
1125 1916 1165 1971 ita
1174 1921 1206 1973 ut
1215 1918 1278 1987 capi
1289 1919 1555 1988 possitnisidivina
1564 1919 1657 1990 pietas
1668 1921 1832 1993 restitisset,

127 2005 225 2065 iuncto
241 2005 326 2081 (886),
344 2008 403 2066 duo
419 2007 474 2064 blil
498 2006 604 2078 clusin
631 2005 754 2076 imperio
766 2009 834 2062 sunt
856 2003 950 2075 electi,
1006 2003 1041 2059 ad
1052 2005 1216 2063 Graecorum
1229 2007 1573 2082 secontulitsullragiurn
1586 2027 1593 2082 ;
1605 2023 1622 2066 a
1635 2009 1833 2080 quibusncbi-

127 2097 156 2154 id
171 2101 215 2154 cst
228 2098 240 2141 ⁵
255 2100 309 2155 Leo
324 2096 534 2171 primogenitus
545 2099 573 2154 et
585 2094 744 2153 Alexander
758 2094 951 2166 subsequens3
1007 2089 1076 2147 liter
1094 2098 1137 2149 est
1153 2094 1282 2164 adjutus.
1297 2098 1367 2152 Nam
1382 2101 1411 2152 et
1428 2111 1501 2154 auro
1514 2102 1543 2153 et
1557 2095 1703 2154 frumento
1719 2097 1832 2169 adjutus

127 2188 234 2246 tertius
249 2202 325 2260 vero,
346 2187 508 2258 Stephanus
528 2186 652 2253 nomine,
672 2184 951 2255 archiepiscopatum
1007 2184 1060 2252 est,
1071 2183 1333 2241 etauxiliatoribus
1342 2185 1477 2256 stipatus,
1488 2186 1538 2257 qui
1548 2186 1831 2244 custodirenturbeu

124 2277 251 2349 ejusdem
272 2277 499 2348 urbis-ejecto
511 2275 524 2319 ¹
536 2276 632 2343 Focic,
649 2276 699 2347 qui
715 2276 816 2332 clima
835 2272 952 2330 Nicolao
1006 2274 1035 2324 et
1050 2271 1186 2342 populum
1199 2273 1282 2345 ejus,
1298 2274 1374 2345 quod
1389 2279 1507 2331 actenus
1520 2279 1660 2344 servatur,
1678 2280 1711 2331 ut
1725 2276 1831 2333 dictum

125 2368 225 2439 primae
248 2366 326 2424 sedis
349 2366 484 2437 pontium
508 2366 544 2422 cb
569 2365 744 2421 invasionem
768 2365 952 2435 episcopatus
1005 2360 1123 2417 estAic
1137 2367 1243 2433 autem,
1258 2363 1834 2437 princepsBeneventi,etanteprincipa·

126 2456 230 2528 lgnatli
241 2456 336 2512 adhuc
346 2453 514 2525 superstitis
525 2458 661 2523 perpetuo
671 2451 850 2509 anathemate
859 2451 952 2509 luerat
1006 2451 1067 2504 tum
1088 2456 1117 2506 et
1139 2456 1235 2522 postea
1259 2452 1364 2523 partim
1388 2452 1544 2510 imbecillis
1565 2454 1671 2525 partim
1696 2453 1832 2511 roboreus

126 2543 277 2615 multatus,
291 2549 319 2600 et
333 2558 348 2600 a
363 2544 468 2599 loanne
482 2556 564 2614 papa,
581 2547 614 2598 ut
629 2542 668 2597 ita
682 2541 776 2597 dicam
791 2541 900 2613 ignaro,
914 2540 948 2597 ad
1005 2538 1113 2594 extitit.

126 2632 282 2703 pristinum
309 2632 429 2705 gradum
456 2631 644 2688 resuscitatus
657 2630 857 2703 -rcgendum
882 2644 952 2686 sus-
1039 2623 1083 2682 55.
1101 2627 1138 2683 Ut
1156 2634 1250 2685 autem
1272 2637 1336 2702 post
1358 2636 1468 2704 tergum
1491 2632 1614 2704 redeam,
1636 2631 1832 2690 habeuntibus

126 2722 212 2792 capit.
813 2760 816 2766 .
1004 2716 1153 2773 Saracenis
1165 2717 1325 2775 Calabriam
1340 2720 1467 2792 illucque
1478 2719 1502 2763 ¹¹
1514 2721 1715 2792 pereuntibus,
1726 2721 1833 2778 Decid-

158 2807 202 2868 53.
215 2809 298 2884 (885.)
309 2813 419 2868 lnterca
430 2809 608 2868 Athanasius
617 2809 704 2867 solita
716 2809 817 2867 fraude
828 2809 950 2882 cupiens
1005 2802 1044 2860 lis
1057 2805 1117 2861 dux
1131 2805 1234 2876 cajeta
1248 2813 1362 2864 eentum
1384 2823 1453 2880 pene
1468 2809 1682 2883 quinquaginta
1698 2807 1724 2853 ¹⁸
1739 2824 1773 2867 ex
1790 2810 1832 2866 eis

123 2899 307 2970 supradictos
327 2898 432 2957 iratres
457 2904 638 2970 sequestrare
661 2898 697 2955 ab
722 2899 855 2972 invicem,
882 2899 949 2955 hinc
1006 2906 1101 2949 secum
1128 2895 1260 2968 retinuit,
1289 2904 1321 2954 ut
1345 2898 1408 2954 sine
1434 2898 1605 2955 sacerdotali
1629 2896 1726 2955 cilicio
1748 2912 1833 2956 rema-

123 2988 251 3046 Laudoni
261 2989 380 3061 seniori,
391 2988 745 3046 dlioaidelicethandonis
754 2987 948 3060 singulariset
1004 2987 1084 3038 neret
1095 3000 1102 3053 3
1114 2983 1149 3039 ud
1161 2984 1253 3040 instar
1262 2985 1452 3057 ludaycorum
1464 3001 1562 3059 regum
1571 2987 1634 3058 qui,
1647 2988 1745 3045 diviso
1759 2988 1832 3045 inter

124 3078 355 3148 praestantissimi
371 3079 438 3150 riri,
455 3086 565 3150 neptem
586 3091 667 3136 suam
682 3078 775 3135 adhuc
796 3078 947 3135 lactantem
1004 3084 1034 3128 se
1048 3070 1152 3128 bifarie
1166 3086 1263 3145 regno,
1280 3082 1312 3131 ιιι
1326 3074 1427 3146 iertur,
1444 3076 1549 3133 Levitae
1562 3090 1597 3132 ex
1613 3076 1739 3133 maxima
1754 3082 1832 3148 parte

124 3164 154 3224 iu
166 3168 334 3241 conjugium
346 3168 443 3240 cessit,
457 3167 493 3225 ob
507 3168 570 3236 hoc,
585 3170 617 3224 ut
628 3167 688 3223 illia
701 3164 872 3225 seminarum
887 3167 949 3224 iila·
1002 3161 1212 3234 lerusolimam,
1229 3178 1286 3234 quo
1302 3164 1395 3221 inerat
1410 3165 1515 3237 templo
1531 3171 1590 3223 toto
1605 3167 1674 3222 orbe
1688 3167 1832 3224 authenti-

123 3263 241 3328 quearet
258 3271 342 3329 eum3
362 3258 530 3329 adscitoque
551 3271 626 3330 eum,
651 3257 763 3314 monuit
782 3256 947 3328 serpentino
1002 3265 1079 3320 cum,
1104 3252 1268 3325 ⁰⁰¹¹ss¹0tl³¹¹
1296 3259 1374 3310 ⁵¹¹¹·
1399 3255 1438 3310 be
1462 3268 1519 3325 (1¹¹0
1546 3268 1665 3312 numero
1689 3268 1726 3313 ex
1753 3262 1830 3327 uarie

121 3359 180 3417 ore,
198 3351 229 3404 ut
241 3346 449 3406 coulratrueles
461 3360 529 3405 suos
542 3351 656 3418 caperet
670 3348 713 3404 rel
726 3344 750 3419 ¹,
767 3347 842 3418 quod
856 3345 947 3418 magis
1002 3338 1055 3397 iuti
1072 3340 1096 3384 ¹¹
1110 3340 1168 3399 lere
1189 3343 1224 3398 ad
1239 3347 1352 3398 centua
1368 3342 1473 3415 uiginti
1491 3344 1624 3400 Saraceni
1643 3343 1745 3401 urbem
1765 3346 1830 3402 Tea·

120 3436 274 3504 ambiebat,
295 3436 482 3511 occideret83
504 3437 615 3494 scilicet
630 3440 663 3494 ut
682 3436 757 3492 inter
772 3450 801 3493 se
820 3436 948 3491 rixantes
1003 3443 1117 3486 neusem
1126 3431 1265 3487 audenter
1273 3431 1417 3504 adierunt,
1428 3432 1516 3488 sicuti
1528 3432 1611 3502 prius
1622 3446 1707 3507 agere
1717 3446 1831 3504 conspe

120 3531 172 3583 aut
183 3527 301 3583 omnino
315 3526 468 3583 interirent
479 3531 530 3584 aut
541 3525 704 3598 defluerent,
718 3529 747 3581 et
762 3524 812 3580 ille
822 3524 945 3594 capuam
1001 3523 1112 3589 xeraut,
1135 3519 1248 3590 quando
1268 3534 1355 3590 prope
1373 3520 1432 3577 duo
1454 3521 1535 3578 milia
1556 3521 1709 3595 quingenti
1728 3527 1827 3592 eraut,

119 3621 241 3687 caperet.
263 3616 298 3671 Et
317 3615 453 3687 quoniam
470 3614 575 3684 Lando,
596 3615 665 3671 licet
679 3613 813 3685 segniciae
833 3617 947 3682 torpore
1001 3620 1088 3677 super
1109 3621 1181 3678 quos
1200 3609 1305 3673 Laudo,
1322 3623 1373 3665 ceu
1395 3609 1449 3682 lec,
1470 3610 1606 3666 audacter
1624 3625 1690 3667 cum
1712 3613 1776 3667 suis
1794 3611 1830 3667 ir·

119 3703 292 3760 naturaliter
302 3702 457 3772 frueretur,
470 3701 805 3758 immobilisetconstans
816 3700 947 3771 persiste-
1001 3710 1097 3766 ruens,
1107 3697 1243 3768 usquead
1255 3698 1384 3754 ultiman
1395 3698 1613 3755 internicionem
1624 3699 1827 3774 protriviteos,

118 3790 168 3848 bat
187 3806 217 3848 re
238 3791 382 3859 inchoata,
403 3792 457 3847 hoc
476 3790 626 3847 advertens
645 3790 820 3847 Athanasius
838 3788 943 3859 doluit,
1003 3785 1044 3842 ita
1061 3791 1094 3841 ut
1108 3787 1144 3843 de
1159 3792 1239 3843 tanto
1254 3800 1373 3844 aumero
1389 3802 1445 3845 non
1459 3788 1586 3859 amplius
1600 3803 1685 3862 quarn
1702 3791 1830 3862 quinque

119 3880 253 3951 protinus
269 3879 424 3937 consilium
441 3879 567 3950 repperit
585 3878 642 3936 sibl
662 3879 946 3937 adcommodantissi-
999 3876 1159 3950 evaderent,
1186 3877 1291 3933 ceteris
1317 3876 1478 3934 interiectis
1494 3878 1522 3922 ¹¹
1540 3879 1569 3934 ni
1595 3877 1693 3950 fallor,
1715 3885 1827 3937 centum

119 3981 196 4024 murn
214 3972 293 4038 tunc,
309 3971 352 4024 set
369 3982 424 4025 non
441 3968 470 4024 iu
486 3967 603 4040 longum
624 3969 813 4039 perniciosus.
830 3969 944 4040 Compe-
1000 3965 1175 4035 quindecim.

118 4056 189 4113 tenti
198 4057 303 4112 etenim
314 4054 499 4114 festinatione
508 4056 583 4113 inter
592 4057 647 4114 ista
656 4057 818 4115 Atenolium
829 4059 942 4131 ascivit,
1034 4052 1078 4111 56.
1094 4055 1271 4113 Athanasius
1283 4062 1378 4114 autem
1390 4070 1509 4114 cernens
1519 4072 1548 4114 se
1561 4057 1695 4115 delusum
1706 4059 1743 4116 ab
1754 4066 1828 4117 utro

16 4161 19 4165 ·
117 4144 202 4217 elque
222 4145 389 4203 secreciust
406 4146 489 4203 iniit:
507 4148 551 4202 Ec
565 4149 639 4202 omar·
652 4152 730 4216 pente
743 4148 945 4216 loncobardo-
999 4160 1122 4218 rumque
1135 4147 1374 4217 responsionibus
1388 4146 1520 4218 iratrum,
1532 4146 1647 4204 tristior
1658 4147 1828 4207 ellectusest

116 4251 178 4290 rum
190 4233 346 4306 ¹⁰Gapuom
360 4237 427 4305 elepr'
440 4236 509 4291 mibi
524 4237 649 4308 habilem,
666 4241 718 4292 ete
737 4236 859 4307 Capuam
872 4253 944 4305 pera-
998 4235 1113 4308 solitus,
1123 4236 1378 4293 setociusinvenit
1388 4236 1544 4294 consilium
1558 4235 1654 4292 habile
1668 4237 1748 4309 sibi3
1765 4239 1829 4296 uris·
1855 4266 1872 4277 -

116 4327 169 4379 tem
179 4329 297 4380 uestram
307 4329 333 4380 et
342 4340 376 4380 ear
387 4325 511 4381 omnium
523 4326 659 4394 pambas
671 4327 726 4380 tuis
738 4330 763 4380 te
776 4326 941 4382 solummodo
997 4324 1040 4382 sis
1049 4325 1193 4396 siquidem
1206 4325 1319 4398 legatis,
1332 4331 1473 4383 trecentos
1483 4327 1597 4383 Graecos
1607 4340 1693 4383 suurn
1707 4327 1737 4384 in
1749 4327 1827 4385 auxi·
1851 4355 1872 4365 -

112 4415 234 4486 pratuli,
251 4416 457 4471 consentientem
467 4417 538 4471 mibi
549 4419 575 4470 et
588 4416 618 4469 ia
633 4417 737 4470 cunctis
749 4420 942 4487 optemperare·
954 4414 983 4477 D
997 4413 1070 4471 lium
1085 4415 1200 4486 ascivit,
1214 4416 1344 4472 chasano
1357 4414 1381 4459 ¹¹
1396 4429 1445 4471 eos
1460 4420 1614 4486 praeeunte.
1628 4416 1709 4472 Tune
1724 4417 1825 4475 mllide
1847 4432 1872 4465 ε

116 4507 168 4558 tem
183 4503 216 4568 ¹¹,
236 4504 326 4559 airum
343 4504 521 4559 industrium.
541 4503 645 4558 ldeirco
659 4506 684 4559 si
697 4506 763 4560 meis
781 4505 869 4561 uerbis
884 4523 941 4562 au·
996 4518 1065 4577 pace
1079 4504 1231 4563 saetacum
1246 4507 1399 4576 capuanis,
1418 4519 1482 4562 mox
1498 4506 1613 4577 quando
1628 4506 1776 4564 vindemia
1788 4507 1872 4563 le·-

115 4604 157 4644 res
174 4596 236 4646 tuos
255 4592 479 4663 accomodaveris,
498 4593 529 4647 ia
546 4595 649 4648 cunctis
668 4597 884 4665 prosperaveris.
903 4595 941 4652 At
995 4595 1085 4669 gitur,
1101 4609 1166 4652 curn
1181 4599 1255 4652 esset
1269 4595 1364 4666 capua
1381 4595 1476 4651 valide
1493 4594 1598 4651 aillicta
1613 4599 1673 4653 eta
1693 4594 1767 4653 ioris
1780 4596 1872 4653 de·-

116 4676 166 4733 ille
179 4685 281 4736 cuncta
294 4695 323 4738 se
338 4685 450 4751 patrare
467 4680 616 4752 respondit
631 4681 768 4754 imperata
780 4702 788 4756 3
804 4685 852 4741 cui
869 4683 936 4742 ilie:
995 4685 1140 4758 populata,
1152 4699 1249 4742 omues
1260 4684 1391 4740 certatim
1403 4684 1510 4756 egressi
1522 4690 1600 4754 sunt,
1612 4689 1671 4740 tarn
1684 4685 1872 4756 primumn

116 4764 186 4835 Cape
194 4768 422 4836 illioslondonia
434 4773 460 4825 et
469 4775 524 4826 esto
534 4775 565 4826 tu
574 4772 647 4828 solus
655 4775 793 4844 imperans
805 4774 937 4845 Capuam,
994 4788 1080 4847 quam
1093 4779 1121 4831 et
1133 4774 1300 4842 mediocres
1313 4773 1348 4829 ud
1363 4773 1608 4829 vindemiandum.
1623 4773 1676 4829 lile
1688 4787 1766 4843 vero,
1781 4787 1872 4829 su·-

113 4855 184 4909 sieat
201 4871 270 4910 avus
288 4855 577 4927 euasltstapalaritrr
594 4863 742 4932 imperasse
756 4863 935 4931 dinnoscitur.
994 4868 1109 4936 gerente
1129 4864 1182 4920 boc
1201 4863 1244 4919 rel
1264 4862 1387 4918 maxime
1406 4860 1555 4918 Guailerlo
1578 4861 1769 4934 collossense,
1789 4871 1872 4917 er·-

804 4977 919 5032 VARlAE
935 4974 1130 5033 LECTIONES.

150 5067 216 5126 rito
238 5070 361 5135 caeream
383 5071 513 5127 uestibus
538 5088 561 5126 e.
587 5073 736 5143 aterpibus
762 5080 789 5129 rt
811 5074 946 5145 scrpibus
974 5077 1048 5146 llar,
1086 5072 1234 5130 tinlerrct
1259 5091 1283 5129 c.
1321 5073 1513 5144 ¹praeratum
1538 5090 1576 5136 e,
1614 5071 1672 5129 ¹in
1698 5076 1805 5144 marcia
1851 5092 1872 5121 -·

111 5141 338 5193 manareeeati:
363 5140 393 5195 in
416 5141 557 5198 Calabria.
597 5143 673 5200 ¹lde
696 5161 718 5199 c.
758 5145 876 5200 6ιιοιιο
900 5162 922 5199 o.
948 5142 976 5202 3.
1016 5146 1077 5202 iut
1099 5162 1121 5199 e.
1161 5145 1221 5201 8ιιι
1242 5160 1269 5215 q.
1293 5158 1329 5200 m.
1357 5158 1382 5200 a.
1409 5145 1539 5202 occidere
1564 5161 1587 5199 e.
1628 5144 1802 5202 ¹¹accrenciu
1833 5170 1872 5197 ,-

111 5223 135 5262 c.
175 5208 449 5304 ¹0lonqibardorum
473 5228 496 5267 e.
537 5214 558 5257 ¹¹
578 5217 783 5285 optcmrantem
806 5231 828 5268 a,
854 5216 879 5259 ¹¹
897 5216 1049 5274 sicontuus
1071 5224 1138 5273 tuus
1160 5231 1183 5273 s.
1213 5217 1381 5287 impetrasse
1404 5232 1427 5270 c.
1455 5216 1479 5261 ¹¹
1499 5215 1615 5272 iratrem
1643 5233 1665 5271 e.
1691 5216 1715 5261 ¹¹
1737 5212 1872 5273 inser*-

112 5283 211 5336 iamc.
253 5280 400 5350 ¹rjuctic.
439 5281 675 5341 ¹¹lratulibusc.
716 5285 915 5356 ¹¹illicqu02.
953 5290 1018 5343 'ita
1032 5286 1071 5351 3.,
1095 5287 1233 5345 roboreus
1255 5304 1277 5343 e.
1318 5287 1343 5331 ¹⁸
1356 5288 1547 5360 quinquagita
1567 5304 1590 5342 c.
1632 5286 1689 5343 ¹9i.
1711 5294 1872 5360 apr-

110 5347 301 5408 ini—lacti
315 5367 339 5407 c.
376 5352 403 5397 2¹
416 5353 456 5407 ito
473 5351 501 5425 3,
523 5353 638 5411 iniectis
653 5371 675 5410 e.
714 5354 740 5399 2¹
756 5356 899 5414 chasanos
916 5355 944 5413 i.

905 5455 1016 5514 nullu.

145 5548 276 5606 ¹Scib'cet
290 5549 401 5607 balitus.
959 5552 1333 5626 bidestalleuus3lrostie,
1348 5556 1476 5614 utediti.
