3876 6090
187 248 240 307 983
489 240 634 297 ΔΡΡΕΝΙ).
655 239 701 296 ΑΙ)
719 237 800 295 SAEC.
822 236 870 293 lX.
885 234 1096 291 -sttnnnnnh
1117 234 1323 292 insculpta
1342 234 1474 293 PONTIF.
1495 235 1578 294 noli.
1833 232 1885 292 984

184 379 232 435 sed
248 388 311 449 (ιιι
331 373 475 436 diffisum,
498 367 587 425 Stulta
616 364 802 438 instigatione
822 361 1003 434 perquirunt.
1017 359 1048 421 A
1061 361 1225 418 adversator
1235 361 1304 418 huic
1318 361 1418 418 divino
1430 361 1523 419 cultui
1538 361 1691 431 institerit,
1701 359 1748 418 vel
1770 359 1801 416 in
1813 372 1886 430 quo-

184 469 237 528 Sed
262 462 384 538 quia⁸in
412 457 543 531 partibus
563 455 717 528 Aquilonis
743 452 879 525 quasdam
909 454 1007 523 gentes
1061 450 1314 522 quampraepcdirc
1336 456 1456 509 conatus
1471 450 1569 522 luerit,
1590 457 1618 507 et
1631 450 1680 507 his
1693 448 1739 506 vel
1750 461 1885 519 coopera-

185 555 352 623 consistere,
377 563 440 620 quae
465 546 585 603 necdum
608 543 782 617 agnitionem
812 541 863 597 liei
890 539 1004 610 haheat,
1062 540 1587 613 torihnseorumadhocperagendum
1597 538 1797 596 ministerium
1807 542 1885 594 teme·

186 659 237 703 nec
251 655 331 700 sacra
346 629 888 706 undabaptismatissuntrenatae,suh
905 627 1006 685 umhra
1061 633 1139 685 rator
1157 628 1310 701 exstiterit,
1335 642 1369 685 ιιι
1393 629 1492 686 divina
1518 628 1651 700 iussione
1678 631 1708 684 et
1730 625 1883 698 apostolica

183 734 284 794 mortis
307 730 429 787 existere
444 731 472 782 ιι
496 723 586 797 magis
604 727 741 780 creaturae
779 733 863 792 quam
877 717 1004 776 Creatori
1061 717 1241 786 auctoritate,
1258 718 1449 775 anathematis
1462 717 1579 775 vinculo
1596 717 1741 788 puniatur
1754 719 1784 773 et
1795 729 1883 787 perpe

184 825 285 897 ignava
295 810 829 884 menteservirecognovimns:idcirco
838 809 1004 879 presentem
1061 810 1110 863 tua
1120 806 1356 864 condemnatione
1366 806 1587 864 reusdiaholica
1597 810 1677 864 sorte
1686 806 1851 863 damnetur.

184 907 454 970 reverendissimum
469 901 584 958 fratrem
603 914 636 956 ac
654 899 854 969 coepiscopum
875 901 1004 953 nostrum
1459 929 1492 985 v.

178 985 1003 1069 lihomm,sanctaehhemensisEcclesiaearchiepiscopum,

181 1086 374 1147 necessarium
396 1094 461 1138 curu
489 1090 630 1134 consensu
650 1074 778 1131 lldelium
800 1073 851 1130 liei
866 1072 1004 1129 duximus
1395 1120 1544 1165 Empuu

181 1177 243 1235 lllis
257 1177 287 1233 in
303 1170 435 1245 partibus
449 1180 498 1240 pro
510 1163 724 1222 illuminatione
735 1161 866 1219 veritatis
878 1160 1005 1232 dirigen.
1547 1149 1553 1164 ·

181 1267 260 1324 dum.
290 1263 438 1334 Quatenus
463 1253 634 1313 auctoritate
661 1252 808 1308 beatorum
838 1248 1003 1320 principum
1335 1322 1340 1335 Ι
1370 1212 1567 1288 (imm)

180 1351 376 1426 apostolorum
398 1345 474 1403 Petri
496 1358 529 1401 ac
556 1341 637 1399 Pauli
669 1345 767 1399 nostra
792 1339 917 1396 fraterna
941 1337 1004 1393 vice
1165 1320 1257 1394 [Gali
1275 1321 1374 1378 Uinii·
1395 1324 1417 1395 Ι.
1432 1337 1452 1395 t,
1468 1325 1615 1396 insitum,
1632 1337 1698 1396 pag.
1714 1319 1782 1399 iii]

179 1443 362 1512 informatus,
391 1441 456 1493 ante
483 1447 589 1504 corpus
615 1437 643 1489 et
678 1429 884 1488 confessionem
910 1427 1004 1499 ipsius
1094 1427 1228 1485 Fiacense
1243 1430 1459 1501 monasterium,
1482 1430 1511 1486 in
1535 1430 1654 1488 dicecesi
1667 1434 1766 1488 vestra
1787 1430 1880 1500 situm,

181 1530 377 1605 apostolorum
389 1523 532 1599 principis
546 1519 760 1594 evangelizandi
775 1517 890 1590 puhlica
900 1519 1005 1574 aucto-
1060 1518 1135 1589 quod
1153 1524 1346 1577 antecessores
1359 1519 1461 1591 nostri,
1478 1525 1594 1591 propter
1607 1521 1765 1593 qnamdam
1778 1519 1881 1576 sangi.

182 1624 268 1681 ritate
283 1619 403 1676 liheram
420 1613 595 1671 tradidimus
610 1611 640 1668 in
668 1609 804 1667 omnihus
827 1606 1002 1674 facultatem,
1060 1607 1344 1678 tatisexccllentiam,
1356 1609 1410 1666 suh
1424 1608 1671 1680 dispositioncsui
1683 1609 1883 1667 moderaminis

183 1719 215 1771 ut
229 1709 346 1767 verbnm
359 1707 424 1763 vita
436 1703 569 1773 viamque
578 1699 683 1756 salutis
696 1697 805 1769 unique
818 1695 965 1769 provideat
976 1697 1006 1752 ct
1019 1678 1047 1742 B
1061 1699 1090 1753 ct
1103 1695 1281 1754 defensionis
1296 1696 1399 1754 hahere
1413 1699 1568 1771 voluerint,
1590 1705 1619 1756 et
1642 1698 1810 1772 privilegiis
1822 1713 1882 1770 spe-

184 1800 249 1858 lldei
269 1808 396 1855 normam
420 1789 529 1850 coelesti
542 1788 711 1846 educatione
734 1785 892 1856 conllrmet,
919 1787 1006 1855 atque
1060 1786 1175 1843 cialiter
1199 1785 1437 1859 sublimaverunt,
1458 1802 1534 1845 nunc
1549 1789 1759 1846 novimusesse
1772 1789 1883 1846 desim.

183 1887 350 1961 apostolicac
366 1880 563 1940 institutionis
575 1877 746 1948 doctrinam,
762 1875 840 1933 omni
860 1872 1006 1932 diabolico
1061 1879 1149 1947 ctum,
1167 1875 1311 1949 igniquca
1322 1877 1442 1950 paganis
1456 1884 1680 1949 concrematum,
1694 1883 1723 1936 et
1735 1879 1883 1935 monachos

182 1991 279 2037 errore
293 1974 423 2046 depulso,
434 1971 498 2027 viva
508 1981 575 2026 voce
593 1965 766 2025 corroboret,
782 1965 816 2021 Et
834 1964 860 2021 si
886 1962 1008 2020 tortasse
1062 1964 1171 2036 unique
1184 1966 1341 2036 dispersos.
1356 1968 1417 2038 Qua
1431 1968 1467 2024 de
1481 1981 1567 2025 causa
1578 1966 1691 2025 doloris
1705 1967 1811 2025 allecto
1831 1974 1883 2025 tam

182 2070 217 2127 ad
234 2068 287 2125 hoc
299 2063 431 2123 divinum
445 2059 591 2131 pertinens
616 2055 741 2114 odicium
756 2053 868 2126 aliquid
884 2052 1006 2110 dubium
1062 2054 1251 2112 sanctissime
1265 2055 1402 2128 eeclesia,
1416 2070 1480 2129 quae
1491 2070 1508 2113 a
1521 2056 1636 2114 christo
1649 2057 1786 2114 decimu
1800 2055 1883 2116 pugg,

183 2155 343 2225 emerserit,
356 2152 392 2209 ad
406 2153 532 2207 sanctam
544 2147 596 2204 liei
611 2143 784 2203 catholicam
796 2148 882 2215 atque
896 2147 1008 2213 aposto
1061 2144 1255 2217 cognoscitur,
1272 2145 1349 2203 sicut
1375 2145 1531 2216 decretales
1548 2147 1652 2204 litterae
1667 2146 1804 2220 gloriose
1827 2161 1884 2205 me-

183 2245 269 2304 llcam
290 2245 444 2300 ltomanam
461 2235 617 2295 Ecclesiam
633 2233 806 2292 recurrendo
827 2245 949 2305 semper,
972 2245 1007 2288 ex
1063 2232 1161 2289 moriae
1175 2233 1436 2305 dominiStephani
1451 2236 1570 2293 secundi
1584 2235 1885 2309 papae,nohistecmn-

183 2335 247 2406 eius
258 2331 374 2390 hauriat
386 2327 544 2402 purissimo
559 2323 636 2382 lente
654 2323 765 2393 latices,
777 2322 853 2380 unde
864 2327 1008 2378 ciacon-
1063 2326 1111 2377 tur
1136 2326 1266 2394 ostense,
1300 2323 1473 2381 desolationi
1502 2325 1720 2397 compatientes,
1761 2325 1792 2382 in
1827 2327 1884 2396 ejus

182 2423 271 2481 dlhus
280 2419 456 2490 mortalium,
470 2413 784 2474 divinaintervenicnte
792 2411 895 2484 gratia,
904 2410 1008 2468 noxios
1062 2413 1312 2485 restaurationem,
1328 2420 1414 2484 prout
1430 2413 1611 2485 possibilitas
1626 2415 1764 2487 requirit,
1783 2415 1885 2474 sollici·

183 2511 338 2570 emundare
360 2511 452 2581 possit
476 2518 598 2563 errores.
614 2502 756 2575 collegam
784 2500 908 2573 deniqne
938 2499 1008 2556 hnic
1063 2501 1192 2558 tudinem
1211 2502 1348 2560 adhihere
1367 2504 1543 2561 curavimus.
1557 2505 1650 2575 liujus
1666 2505 1767 2577 itaque
1779 2505 1882 2578 negotii

183 2601 289 2658 divina
313 2594 577 2656 administrationis
600 2590 738 2665 legationi
762 2590 788 2646 ei
813 2589 1005 2663 providentes,
1061 2591 1214 2648 aclahoris
1235 2592 1392 2649 venerabili
1408 2598 1506 2650 nostro
1528 2593 1651 2664 Aymaro
1675 2595 1884 2653 committentes

183 2689 375 2762 llalitgarlnm
389 2684 560 2756 religiosum
573 2681 742 2752 adiicientes
753 2679 919 2736 ministrum
934 2690 1005 2740 con-
1062 2680 1293 2753 praecipimus,et
1309 2694 1360 2751 pro
1375 2694 1491 2739 suorum
1502 2681 1883 2756 ahsolutionepeccatornm,

183 2769 1007 2849 stituimus,quatenusadsedemapostolicamopportuno
1064 2770 1232 2826 ntenmdem
1244 2769 1380 2827 locumad
1391 2771 1515 2841 priorem
1528 2770 1792 2844 statumrelormet,
1803 2780 1885 2845 atque

183 2857 838 2936 valeattempnredecreditonegotlolacllius,
853 2861 1007 2928 praestantc
1062 2858 1216 2916 monachos
1231 2858 1273 2914 ihi
1301 2865 1443 2932 aggreget.
1469 2860 1534 2917 ldeo
1558 2873 1681 2933 namque
1697 2861 1749 2918 ille
1774 2863 1885 2921 anchis

183 2959 316 3029 Domino,
332 2955 474 3023 intimare,
490 2955 519 3008 ct
535 2963 682 3022 nunquam
700 2961 730 3004 se
741 2947 772 3003 in
785 2944 915 3018 qualibet
926 2948 1007 3018 parte
1062 2948 1219 3005 monachus
1232 2954 1260 3004 ιι
1286 2947 1374 3005 abhas
1401 2948 1569 3006 benedictus
1592 2956 1646 3023 est,
1663 2955 1696 3008 ut
1717 2951 1840 3010 ciericos
1852 2951 1885 3009 ap

180 3049 250 3108 huic
265 3050 369 3104 nostrae
381 3039 565 3100 auctoritatis
579 3037 741 3094 ministerio
755 3036 908 3092 commisso
920 3034 1007 3107 negli·
1021 3014 1047 3079 G
1062 3036 1512 3110 ipsaecciesia,temerarioausu,
1525 3038 1581 3096 sihi
1595 3045 1769 3113 usurpatum
1778 3042 1886 3100 auferat

182 3152 256 3213 gere.
272 3135 434 3194 calcorum
449 3130 584 3189 districto
596 3128 694 3199 iudice
711 3127 777 3183 inde
793 3125 932 3182 rationem
946 3125 1006 3182 red·
1060 3127 1239 3184 dominatum
1250 3127 1518 3201 3etmonachorum,
1529 3130 1771 3201 quemadmodum
1784 3130 1883 3204 luerat,

180 3231 247 3287 dere
272 3231 301 3283 et
313 3225 349 3281 de
364 3222 504 3280 destituto
517 3215 680 3274 ministerio
692 3214 925 3287 poenasrceipere
937 3226 1006 3271 sem·
1062 3217 1104 3273 ihi
1122 3217 1273 3274 restituat:
1297 3231 1420 3288 quorum
1443 3223 1544 3276 vestrae
1564 3233 1682 3292 quoquo
1696 3219 1884 3280 septimini,

183 3319 322 3394 liminis,
339 3326 395 3370 1¹⁰ss
419 3309 542 3368 dubium
570 3319 632 3364 ⁰⁸⁵0
658 3305 841 3378 praetlgimns.
868 3305 923 3360 Pi⁰
949 3315 1006 3375 (11¹⁰
1061 3305 1300 3376 sollicitudinem,
1313 3310 1346 3363 ut
1361 3307 1390 3363 in
1406 3307 1521 3365 cunctis
1534 3322 1599 3367 enm
1611 3309 1751 3380 adjuvare
1764 3311 1833 3369 velit
1843 3311 1884 3368 ad·

182 3420 281 3466 omnes
309 3404 493 3461 exhortantes
528 3395 705 3456 unanimiter
732 3407 945 3451 commonemus
970 3390 1007 3449 ob
1063 3409 1220 3465 monemus,
1235 3395 1452 3468 thesaurosque,
1463 3409 1496 3452 ac
1515 3397 1608 3456 lihros
1633 3405 1663 3456 et
1675 3405 1791 3458 sanctas
1816 3400 1883 3458 reli-

182 3508 307 3555 amorem
331 3489 538 3562 omnipotentis
560 3487 611 3542 liei
638 3492 666 3543 et
693 3483 809 3542 Domini
834 3483 925 3540 nostri
941 3482 1007 3538 lesu
1062 3485 1156 3556 quias,
1173 3497 1282 3541 necnon
1292 3490 1320 3542 et
1334 3490 1436 3542 cuncta
1451 3500 1514 3559 quae
1527 3491 1643 3559 propter
1659 3489 1795 3547 timorem
1815 3504 1880 3564 gen-

180 3570 1006 3655 (lhristiatqueapostolorumejusveneratlonem3utin
1063 3573 1161 3630 tilium
1187 3573 1216 3630 in
1244 3572 1455 3644 capdenacensi
1486 3580 1580 3633 castro
1610 3577 1763 3648 deportata
1801 3577 1882 3636 luisse

183 3674 318 3733 omnihus
329 3665 549 3727 necessitatibus
559 3663 712 3736 legationis
720 3662 808 3732 hujus
818 3659 1008 3717 totisvirihus
1063 3667 1232 3735 noscuntur,
1250 3663 1330 3720 reddi
1344 3664 1401 3721 sihi
1420 3664 1528 3738 absque
1544 3666 1689 3725 delatione
1702 3669 1881 3737 mandamns,

183 3764 228 3822 eis
242 3759 373 3818 solatiari
400 3755 526 3826 certetis,
550 3757 579 3809 et
605 3752 635 3807 in
658 3749 899 3825 nominenomini
915 3749 1007 3806 nostrl
1063 3756 1189 3809 castrum
1203 3753 1289 3809 etiam
1304 3754 1435 3811 eumdem
1462 3757 1635 3813 monasterio
1661 3758 1792 3832 restitui,
1815 3758 1882 3815 sicui

184 3853 249 3908 Jesn
264 3846 384 3918 Christi,
402 3844 479 3902 siout
493 3841 633 3911 scriptum
651 3843 704 3910 est,
721 3838 847 3908 recipere
859 3837 1006 3908 debeatis,
1064 3839 1133 3898 olim
1148 3842 1262 3899 innanti
1273 3841 1443 3900 aClodnvaeo
1454 3857 1519 3917 rege
1529 3844 1629 3902 datum
1641 3842 1747 3918 lucrat,
1762 3847 1882 3918 praecipi

184 3940 237 4007 Qui
248 3953 294 3993 uos
309 3934 416 4005 inquit,
427 3932 534 4001 recipit,
552 3944 593 3984 me
612 3929 709 3998 recipit
722 3927 830 3999 (Motth
846 3941 876 3992 ι,
892 3927 963 4001 ιθις
983 3929 1009 3983 ιι
1064 3942 1137 3986 mus.
1153 3928 1302 4002 Filiosque
1327 3933 1441 3987 nostros
1466 3932 1657 3991 charissimos
1680 3931 1848 3992 villelmum
1860 3937 1882 3990 ιι

1093 1048 1221 1092 nerstein
1240 1049 1389 1094 piscantis
1410 1049 1445 1092 AD
1466 1050 1626 1093 sisnando!
1656 1048 1852 1093 CADUROENSR!

67 4027 71 4036 '
186 4025 416 4099 quicosspcmii,
435 4017 690 4091 mespenonsc.
714 4031 744 4082 n,
766 4014 827 4091 iti).
853 4019 1008 4077 Etiterum
1062 4016 1226 4075 Girbertum
1243 4017 1360 4091 milites,
1375 4020 1426 4090 qui
1441 4026 1509 4079 sunt
1531 4023 1626 4094 ipsius
1645 4023 1736 4081 castri
1752 4025 1880 4092 seniores,

182 4117 260 4187 Quod
281 4115 331 4170 noi
362 4128 396 4168 en
422 4103 542 4167 minimis
565 4109 631 4164 mos
657 4108 772 4178 fecistis,
811 4108 879 4163 miti
903 4110 1008 4178 fecistis
1063 4107 1261 4182 admonemus,
1273 4107 1409 4166 utahhati
1424 4107 1745 4180 hymaroadjutoresin
1755 4108 1883 4166 orationi

184 4207 298 4280 (Metti.
308 4218 348 4274 ιι,
358 4199 389 4259 ii
395 4202 418 4274 ).
430 4200 510 4257 Unde
525 4198 616 4271 magis
628 4197 777 4269 magisque
784 4210 1006 4269 commonemus,
1063 4196 1118 4254 hus
1131 4197 1265 4268 existant,
1279 4198 1363 4268 etius
1377 4211 1473 4268 suum,
1490 4196 1595 4269 suique
1608 4198 1779 4255 monasterii
1791 4204 1847 4255 tam
1859 4197 1882 4252 ln

185 4304 219 4357 nt
231 4295 348 4370 provida
363 4291 513 4351 devotione
524 4294 553 4347 et
566 4289 645 4361 largo
659 4287 812 4345 charitatis
826 4286 929 4344 allecto
951 4302 1008 4359 pu·
1063 4299 1093 4343 sc
1109 4286 1192 4359 ipsis,
1218 4299 1303 4358 quam
1326 4286 1355 4342 in
1377 4290 1481 4359 castro,
1507 4285 1550 4342 vel
1578 4285 1609 4342 ia
1630 4287 1750 4358 proprio
1775 4287 1881 4354 honore

185 4401 274 4461 raqne
295 4389 388 4443 mente
401 4397 434 4440 ac
458 4383 570 4439 sincera
586 4378 756 4448 intentione,
776 4390 895 4448 quaeque
909 4377 1007 4436 itineri
1021 4363 1049 4426 D
1064 4389 1149 4447 quem
1165 4389 1200 4432 ex
1221 4375 1311 4433 altare
1336 4375 1465 4432 Fiacensi
1492 4374 1595 4432 hahere
1620 4374 1737 4449 dehent,
1754 4389 1884 4450 recogno-

185 4480 255 4537 hnic
266 4473 426 4534 necessaria
436 4468 632 4543 prospiciatis,
649 4480 700 4523 nec
712 4466 760 4539 pia
770 4465 947 4540 benignitate
958 4482 1009 4539 pro
1064 4470 1154 4521 scant.
1170 4463 1287 4521 Omnem
1311 4470 1446 4536 praeterea
1473 4464 1621 4536 honorem,
1647 4465 1834 4537 monasteria,
1848 4463 1883 4522 vel

185 4567 299 4625 viribus
310 4575 478 4623 succurrere
489 4572 545 4617 non
561 4556 709 4626 renuatis;
725 4561 758 4613 nt
773 4562 911 4626 procerte
922 4558 1009 4628 hujus
1064 4555 1200 4612 ecclesias
1214 4568 1278 4627 quae
1291 4567 1308 4610 a
1321 4555 1444 4626 Pippino
1463 4567 1529 4627 rege
1550 4553 1594 4610 vel
1607 4553 1677 4611 aliis
1699 4555 1830 4630 regibus,
1841 4569 1883 4613 sen

184 4655 302 4726 pietatis
311 4666 395 4725 opere
405 4646 642 4721 participesapnd
655 4646 911 4718 nominumdigme
929 4647 1011 4704 retri-
1064 4644 1149 4702 honis
1160 4644 1233 4701 viris
1246 4644 1338 4701 eidem
1353 4645 1526 4702 monasterio
1541 4658 1676 4703 concessa
1695 4651 1777 4719 sunt,
1799 4651 1829 4705 et
1842 4645 1884 4703 illi

86 4782 94 4792 -
185 4742 316 4802 hutionis
338 4739 472 4796 meritum
500 4735 677 4807 percipiatis,
699 4735 759 4793 sive
783 4734 936 4794 incoelesti
956 4737 1013 4793 de-
1065 4747 1156 4807 quaea
1174 4734 1309 4806 predicto
1329 4734 1476 4792 Clodovaeo
1502 4733 1697 4793 locolnnanti
1714 4737 1884 4808 priuserant

186 4831 343 4903 scriptione
354 4826 519 4899 hujusmodi
530 4840 581 4898 pro
590 4826 834 4897 compensationis
854 4828 1010 4884 munereia
1064 4824 1140 4897 data,
1157 4824 1234 4882 sicut
1247 4823 1412 4881 chartarum
1436 4825 1595 4882 auotoritas
1616 4823 1752 4898 affirmat,
1771 4825 1885 4899 aymaro

186 4920 331 4980 consortio
346 4923 509 4976 sanctorum
526 4917 731 4974 connumerari
744 4915 873 4972 valeatis.
890 4916 920 4972 Si
943 4916 1011 4988 quis
1065 4920 1093 4971 ct
1108 4913 1322 4971 successorihus
1332 4914 1395 4985 ejus
1408 4914 1580 4986 possidenda
1593 4919 1734 4987 perpetuo
1745 4915 1814 4987 lare
1824 4928 1886 4973 cen·

186 5025 253 5069 vero
269 5010 338 5066 huic
352 5009 402 5065 hei
424 5007 516 5064 officio
532 5006 566 5063 ad
583 5005 826 5063 illuminationem
852 5006 1010 5077 gentiuma
1066 5018 1170 5061 semm.
1188 5003 1390 5061 hinnasterium
1400 5011 1468 5077 crgo
1484 5004 1560 5076 quod
1568 5003 1699 5062 conchas
1715 5005 1884 5066 nominatur.

187 5106 286 5158 sancta
300 5097 443 5154 catholica
454 5101 483 5153 ιι
501 5095 659 5166 apostolica
673 5093 802 5150 Ecclesia
815 5094 862 5165 pio
875 5094 1011 5153 consultu
1066 5093 1193 5164 sabelus
1210 5093 1359 5166 regimine,
1370 5098 1399 5150 et
1407 5093 1522 5151 abbatis
1531 5093 1691 5163 Fiacensis,
1703 5094 1886 5168 quemdum

185 5186 380 5249 ecclesiastico
391 5185 534 5241 destinato
548 5196 695 5240 assensum
708 5182 751 5238 vel
771 5183 914 5240 auxilium
934 5199 1011 5254 prae-
1064 5183 1133 5240 dum
1142 5183 1211 5240 olim
1225 5181 1329 5255 tuerat,
1343 5183 1527 5240 concedimus
1537 5188 1591 5254 zet,
1603 5187 1637 5241 ut
1652 5183 1763 5242 eumin
1771 5179 1885 5258 priorali

187 5278 294 5348 hnerit,
310 5288 360 5347 per
375 5271 611 5329 interventionem
638 5268 786 5326 beatorum
802 5271 1007 5340 apostolorum,
1064 5273 1216 5346 dignitate,
1227 5272 1481 5345 quiadestructnm
1490 5278 1542 5344 est,
1558 5277 1715 5349 mstauret,
1727 5285 1887 5333 commone·

188 5373 344 5439 martyrum
356 5374 470 5435 quoque
484 5364 569 5432 atque
580 5362 744 5415 sanctorum
763 5358 893 5415 omnium
909 5360 1011 5418 incoe-
1066 5378 1146 5434 mus,
1160 5377 1191 5419 ea
1207 5362 1350 5434 siquidem
1361 5361 1494 5420 libertate
1503 5362 1674 5436 praedictum
1685 5364 1885 5425 monacens-

187 5445 1008 5527 lestihusgaudiistalihuspromeritismereatnrascrihi.
1064 5454 1213 5524 donamus,
1253 5466 1310 5524 qua
1337 5465 1355 5509 a
1381 5450 1471 5509 heatae
1507 5446 1652 5513 memorien
1686 5452 1886 5527 pradum

187 5547 223 5604 ht
243 5542 356 5603 verosi
388 5539 465 5614 quis,
490 5536 564 5609 qued
593 5549 650 5614 non
678 5539 819 5610 optamus,
846 5541 1017 5631 contrarius
1065 5536 1320 5617 nostroStephano¹
1340 5541 1478 5603 donatum
1496 5545 1559 5633 ιιι.
1569 5530 1886 5633 ιιιιῐὴιιιιιιιιι
