3876 6090
119 276 188 335 lt03
519 276 663 331 hPPEND.
685 275 731 330 AD
749 275 829 330 SAEC.
851 275 898 329 tx.
916 303 950 312 -
965 271 1142 328 AUCTORES
1160 269 1244 326 ANNI
1264 265 1409 323 incenit.
1751 259 1821 318 ltdl

116 412 132 454 a
151 399 217 454 sede
232 399 381 454 Portueusi
395 399 425 454 in
445 399 598 454 Romanam
619 402 694 453 esset
713 395 879 451 translatus.
894 393 962 462 Qua
977 392 1128 447 translatio
1138 387 1344 446 ecclesiasticis
1359 386 1467 459 regulis
1481 385 1678 456 Romanisque
1691 383 1821 441 moribus

115 474 343 597 eossffgiffiiearie.
366 548 468 606 umen,
486 541 536 611 qui
552 539 678 595 Formosi
696 537 888 606 patrocinium
911 539 980 590 tuuc
993 537 1190 603 susceperunt,
1206 545 1278 603 quos
1293 531 1369 585 inter
1387 528 1526 584 duillius
1538 528 1657 598 quidam
1682 527 1820 593 Francus,

90 626 93 631 ·
114 609 220 681 (fictum
236 625 272 667 au
294 626 392 668 verum
405 611 517 683 nornen)
541 613 588 667 sed
606 611 635 667 in
657 609 736 665 ltalia
758 609 872 679 degens,
895 612 924 661 et
937 619 953 660 a
967 605 1102 660 Forinoso
1117 604 1277 670 ordinatus,
1293 603 1367 658 duos
1381 601 1410 654 in
1430 602 1493 668 ejus
1516 599 1714 654 defensionem
1732 597 1821 652 libros

113 684 240 753 scripsit.
258 683 340 739 Prior
358 684 453 753 capita
469 682 670 753 quadraginta,
688 680 830 750 posterior
850 678 971 747 triginta
986 677 1043 732 duo
1059 675 1270 745 complectitur,
1286 687 1351 735 cuin
1366 671 1488 753 epistola
1510 671 1615 753 praevia
1642 671 1688 752 ad,
1703 671 1820 724 Leonem

112 754 254 811 Nolanum
264 755 440 823 episcopum,
456 754 541 822 cujus
556 758 657 824 rogatu
673 752 751 807 istud
766 765 839 819 opus
853 752 1027 817 susceperat.
1042 749 1118 802 llanc
1130 745 1280 815 epistolam
1296 759 1359 799 cuin
1377 743 1472 798 indice
1486 747 1606 812 triginta
1623 739 1819 822 capitulorum

115 825 221 895 prioris
234 825 313 895 libri,
332 825 551 881 illustrissimus
572 822 730 879 cardinalis
745 821 885 876 baronius
901 819 929 874 in
952 818 1114 888 appendice
1128 818 1198 873 toini
1213 817 1264 871 illl
1279 814 1420 870 inseruit:
1442 817 1597 883 utrumque
1614 811 1723 867 librum
1746 818 1819 865 iute-

114 910 196 967 grum
209 896 431 952 ediditloannes
445 895 574 952 hlorlnus
588 895 617 949 in
641 899 750 963 parieti
766 893 800 947 de
813 891 905 946 sacris
917 888 1256 959 ordinationibusapag.
1273 883 1335 942 ets.
1567 954 1574 966 .
1606 953 1612 966 .
1710 953 1717 964 υ

147 967 292 1023 Posterior
305 966 379 1022 liber
394 971 486 1022 eistat
504 966 534 1020 in
554 980 605 1020 ms.
627 965 725 1020 codice
739 960 945 1028 Fiscamnensi,
961 960 1008 1016 cui
1024 959 1086 1015 loco
1102 959 1209 1028 prioris
1223 971 1239 1012 a
1262 957 1372 1013 blorino
1387 955 1458 1011 editi
1478 957 1668 1024 premittitur
1687 951 1818 1034 dialogus

114 1037 162 1092 hic
179 1039 285 1109 editus,
303 1051 386 1108 quein
406 1037 533 1106 eiusdem
553 1035 666 1091 huxilii
679 1048 742 1091 esse
758 1047 813 1089 nou
826 1032 939 1088 dubito.
960 1031 1140 1100 Descriptum
1156 1044 1189 1085 eii
1200 1044 1233 1085 eo
1250 1029 1348 1084 codice
1373 1026 1520 1098 dialogum
1546 1026 1581 1081 ad
1597 1039 1643 1108 me
1659 1030 1820 1107 transmisit

112 1114 209 1165 noster
220 1110 353 1165 lulianus
365 1107 515 1176 Bellasius,
537 1120 659 1177 euinque
674 1107 704 1161 iu
721 1104 868 1175 publicum
885 1100 1011 1173 prolerre
1025 1101 1119 1157 visum
1131 1107 1185 1171 est,
1201 1101 1226 1156 si
1243 1100 1312 1170 quid
1332 1096 1502 1154 conteratad
1524 1097 1733 1153 obscurissimi
1749 1101 1818 1149 tein-

116 1177 652 1250 poriscoutroversiamillustrandam.
1731 1237 1738 1249 ·

148 1250 266 1306 Auxilio
289 1249 318 1304 in
339 1249 438 1306 laudes
457 1248 584 1305 Formosi
629 1261 644 1304 a
664 1261 688 1303 ae
702 1247 845 1303 consentit
866 1243 1056 1311 Frodoardus,
1074 1257 1138 1299 cuni
1164 1243 1194 1298 in
1211 1241 1334 1298 historia
1347 1254 1409 1309 sua,
1430 1245 1490 1296 tuni
1507 1239 1537 1295 in
1558 1238 1636 1295 libro
1654 1243 1775 1293 metrico
1788 1237 1819 1292 de

112 1321 249 1376 Romanis
268 1320 469 1390 Pontificibus,
489 1322 573 1391 cujus
587 1263 656 1376 lissri
671 1329 770 1391 magna
786 1332 851 1388 pars
866 1316 942 1387 typis
957 1314 1073 1386 vulgata
1087 1321 1130 1371 est
1147 1314 1178 1369 iii
1200 1319 1279 1384 parte
1300 1327 1320 1367 ii
1344 1311 1442 1368 saeculi
1456 1311 1535 1367 tertii
1552 1310 1748 1379 benedictini,
1774 1308 1818 1363 ubl

113 1392 149 1447 de
163 1393 297 1449 Formoso
312 1392 372 1447 haec
387 1392 531 1448 lateralia
545 1391 696 1463 leguntur:
1201 1414 1203 1419 ·

442 1480 541 1529 Praesul
555 1478 598 1528 hio
615 1473 735 1540 e'gregius
752 1477 894 1526 Formosus
906 1475 1026 1525 laudibus
1036 1475 1095 1525 eltis

442 1541 565 1590 Evehilur
583 1556 588 1590 :
605 1544 700 1593 castus,
732 1554 807 1589 arcus
823 1540 880 1595 sibi,
898 1539 985 1599 largus
1000 1540 1108 1600 egenis:

440 1603 588 1664 Bulgaricae
604 1604 673 1664 genti
689 1555 748 1652 lid’cl
759 1603 802 1664 qui
813 1602 912 1650 semina
927 1601 1028 1662 sparsit,

443 1665 555 1715 Delubra
569 1667 704 1726 destruxit,
740 1664 846 1727 opulum
861 1662 1009 1712 coelestibus
1023 1664 1101 1711 arinis

442 1728 572 1787 Instruxit,
584 1728 698 1777 tolerans
715 1679 864 1776 trisoriminu
895 1725 996 1783 lurirna,
1012 1729 1160 1787 promptus.

440 1789 593 1852 Exemplum
609 1790 735 1848 tribuens,
752 1791 780 1837 ul
792 1789 843 1836 sint
859 1740 967 1836 agversa
979 1785 1092 1847 ferenda,

438 1851 470 1901 itt
485 1852 561 1901 breve
575 1854 670 1901 viventi
684 1850 822 1901 metuende
834 1849 1002 1900 incommoda
1016 1849 1099 1898 nulle.

112 1932 150 1987 ht
168 1931 334 1988 Formosum
349 1946 405 1988 non
421 1933 461 1989 ita
476 1933 568 2003 culpae
587 1938 729 2003 expertem
752 1930 843 1988 inisse
863 1929 1011 1986 contendit
1031 1930 1171 2002 blorinus,
1189 1931 1260 2002 quin
1283 1929 1445 2001 Stephanus
1466 1929 1501 1985 Vl
1518 1927 1700 1999 probabilem
1717 1926 1746 1982 in
1761 1939 1818 1981 euin

115 2008 259 2060 mortuum
271 2004 407 2061 saerieudi
422 2018 537 2061 causam
554 2005 697 2061 habuerit.
714 2006 753 2060 Dc
765 2003 818 2059 hoc
832 2001 884 2057 alii
896 2000 1038 2071 judicent.

150 2176 254 2233 Petisa
270 2190 314 2233 ine
324 2177 489 2249 responderi
505 2177 559 2236 tibi
572 2192 658 2248 super
668 2174 845 2233 Formosiani
861 2173 980 2251 cala5A
995 2173 1144 2244 quaritur.
1162 2175 1325 2243 Formosus,
1341 2180 1369 2231 et
1384 2176 1506 2246 quaestio
1520 2175 1609 2231 estde
1621 2173 1684 2230 illo.
1696 2172 1771 2242 Quid
1785 2174 1820 2228 sit

114 2265 224 2333 mitate,
241 2271 338 2336 utpote
361 2266 480 2339 ignarus
496 2267 636 2324 veritatis.
653 2267 732 2336 Quod
756 2264 940 2334 respondeam
994 2278 1070 2333 vero,
1106 2265 1229 2333 pertinet
1254 2266 1289 2321 ad
1319 2278 1457 2321 causam:
1487 2269 1519 2320 ut
1545 2264 1615 2335 quid
1646 2262 1726 2333 iecit,
1752 2264 1820 2319 unde

115 2366 171 2410 non
187 2353 323 2411 invenio:
340 2360 430 2412 totum
447 2357 523 2412 euim
535 2370 702 2427 responsum
716 2359 767 2411 cst.
782 2353 940 2410 Verborum
995 2353 1115 2423 quaestio
1130 2361 1180 2410 est.
1196 2355 1284 2424 Quale
1299 2361 1405 2423 autem,
1420 2355 1454 2410 ad
1478 2354 1674 2423 conjecturam
1695 2353 1819 2422 respicit.

114 2444 191 2498 enlin
215 2443 298 2513 copia
313 2442 420 2502 trustra
439 2452 615 2516 perstrepere
629 2445 732 2501 vitium
747 2449 801 2514 est,
818 2456 940 2512 praesen·
994 2443 1105 2500 ludead
1121 2443 1343 2500 controversiam
1361 2448 1485 2514 quatuor
1493 2443 1758 2499 constitutionum:
1776 2441 1820 2497 ubi

116 2530 169 2586 tini
191 2545 257 2587 cum
286 2534 407 2603 epistola
432 2535 511 2591 brevi
534 2534 619 2592 verbo
643 2535 740 2590 clausa
760 2532 940 2602 responderit
991 2530 1050 2600 jam
1063 2545 1140 2588 nunc
1160 2532 1312 2588 dicendum
1330 2532 1399 2602 quid
1416 2531 1493 2587 inter
1508 2531 1681 2587 haecdistet.
1701 2529 1822 2598 Quaestio

114 2618 231 2676 dIcens:
249 2622 306 2678 «sl
327 2623 393 2693 quis
408 2623 488 2680 aliud
512 2623 760 2696 exangelizaverit,
776 2622 862 2678 etiam
884 2635 940 2676 aii-

115 2707 197 2779 gelus
209 2708 246 2766 de
257 2710 329 2768 coelo
341 2712 458 2769 veniens
471 2719 574 2783 prater
587 2713 614 2768 id
630 2714 705 2783 quod
721 2717 773 2781 est,
789 2712 939 2766 anathema

115 2799 156 2855 sit
179 2798 249 2871 (dol.
281 2816 301 2870 i,
317 2801 354 2874 8).
372 2818 386 2852 i
402 2803 461 2857 lam
485 2803 560 2858 enirn
578 2803 665 2872 pudet
685 2800 839 2858 fatuitatis.
865 2800 939 2870 Quid

114 2884 206 2957 igitur
217 2888 331 2957 prodest
346 2893 388 2945 tot
403 2888 580 2945 membranas
595 2901 744 2959 occupare,
760 2892 787 2943 et
802 2888 837 2943 de
852 2899 941 2942 exeni-

115 2974 245 3043 plaribus
270 2976 408 3047 plenariis
437 2976 566 3048 quotidie
596 2976 768 3046 capitularia
800 2974 830 3031 in
855 2975 942 3032 tornis

113 3062 284 3121 transferre:
314 3079 380 3122 cum
405 3066 482 3122 desit
507 3066 707 3138 auditorium,
736 3065 853 3135 insuper
882 3064 941 3120 alto

114 3154 208 3225 sopite
231 3155 311 3226 aspis
329 3157 424 3226 iaceat
444 3170 544 3213 somno
560 3156 697 3228 gravique
719 3155 853 3227 litargico
869 3155 939 3211 adeo

114 3256 221 3313 pressa,
235 3249 268 3299 ut
279 3244 358 3301 nullo
367 3251 453 3316 queat
461 3245 581 3301 excitari
598 3244 690 3302 souo‘l
702 3244 764 3300 lllis
777 3244 874 3314 itaque
887 3243 939 3299 hoc

113 3344 196 3402 agere
219 3333 366 3403 competit,
390 3334 497 3404 quibus
512 3341 555 3390 εει
576 3334 760 3390 commissum
780 3331 938 3404 magisterii

113 3420 266 3493 remigium
279 3439 285 3475 :
298 3422 343 3478 illl
352 3422 573 3494 debenlaudire,
582 3429 724 3493 quatenus
736 3436 827 3492 usque
837 3421 941 3476 adsan·

994 2627 1038 2677 est
1056 2624 1240 2692 conjectura,
1262 2623 1427 2691 conjectura
1450 2626 1555 2689 autem,
1571 2621 1711 2691 ambigua
1733 2621 1822 2675 inter-

996 2711 1132 2780 pretatio:
1149 2716 1245 2766 utrum
1261 2709 1433 2780 sitallquid,
1450 2710 1491 2766 nel
1505 2723 1572 2780 uon,
1586 2710 1630 2765 nel
1645 2708 1709 2765 lieri
1724 2713 1820 2780 potest,

996 2805 1037 2868 ut,
1058 2812 1094 2853 an
1116 2800 1269 2854 Formosus
1291 2812 1403 2854 sacrare
1419 2804 1483 2870 post
1497 2797 1821 2854 excommunicationem

996 2886 1142 2943 valuisset.
1156 2887 1248 2943 Causa
1261 2901 1327 2943 nero
1339 2892 1392 2956 est,
1406 2900 1441 2942 an
1455 2888 1531 2958 juste
1546 2884 1658 2954 lecerit,
1677 2886 1822 2942 nascitur-

996 2989 1050 3046 que
1060 2989 1094 3031 ex
1108 2977 1268 3047 quaestione
1283 2990 1380 3047 causa,
1402 2989 1436 3031 eii
1451 2989 1537 3031 musa
1550 2975 1738 3045 constitutio,
1752 2974 1822 3030 unde

994 3064 1034 3120 sit
1057 3066 1178 3134 quaestio
1204 3071 1236 3121 ut
1253 3065 1385 3122 videatur
1407 3078 1503 3121 causa.
1520 3065 1609 3121 Porro
1629 3064 1820 3134 questionum

993 3152 1171 3211 autfinitum
1191 3160 1314 3223 estant
1337 3154 1493 3210 inlinitum.
1523 3153 1673 3211 Finitum:
1704 3166 1740 3208 an
1761 3153 1821 3223 jure

995 3241 1100 3299 lactum
1112 3244 1167 3314 sit,
1190 3245 1342 3314 oriturque
1359 3245 1482 3299 decerto
1496 3240 1613 3314 iactum,
1627 3243 1821 3298 demonstrat-

994 3345 1050 3401 que
1061 3345 1208 3400 personam
1220 3347 1282 3402 quae
1296 3331 1408 3388 dicitur
1424 3331 1599 3402 hypothesis.
1616 3330 1721 3387 Omnis
1735 3329 1820 3402 igitur

995 3433 1040 3475 res
1060 3422 1285 3492 argumentando
1307 3421 1502 3476 conlirinatur.
1521 3419 1623 3476 Omnis
1645 3419 1760 3476 scilicet
1779 3431 1821 3472 res

112 3509 228 3579 guinem
253 3510 398 3566 resistant.
424 3513 480 3580 Ego
495 3516 589 3566 autem
604 3510 673 3566 vilis
694 3516 721 3566 et
736 3509 851 3578 stupida
866 3508 937 3571 ovis,
954 3503 979 3563 B
995 3522 1057 3577 quae
1071 3509 1220 3579 hypothesi
1237 3509 1381 3581 consistit,
1393 3523 1479 3567 causa
1494 3509 1616 3572 dicitur,
1630 3508 1719 3579 cujiis
1733 3520 1819 3563 muse

110 3596 199 3653 debeo
213 3598 314 3654 audire
328 3599 487 3654 dicentem:
509 3601 567 3654 clu
586 3598 723 3667 patientia
742 3603 791 3652 tna
808 3596 940 3666 posside-

111 3683 158 3741 bis
172 3685 296 3741 animam
316 3692 394 3743 tuam
410 3688 485 3758 (Lice.
504 3701 565 3754 iiiii,
579 3685 633 3756 le).
649 3689 681 3741 Et
701 3687 826 3741 iterum:
844 3706 855 3735 l
867 3683 941 3739 Cul-

111 3777 159 3828 tus
177 3773 301 3841 justitiae
322 3775 470 3831 silentium
486 3776 551 3844 (lso.
570 3788 664 3840 xxiiii,
684 3772 736 3844 ll).
757 3774 863 3829 Paulus
878 3773 939 3844 igi-

112 3864 169 3930 tur,
186 3873 250 3915 cuni
262 3866 336 3916 essct
346 3875 395 3916 nas
409 3863 570 3932 electionis,
581 3863 716 3934 magister
727 3862 869 3932 Ecclesiae,
883 3874 937 3916 non

112 3945 147 4002 ab
164 3947 289 4018 homine,
310 3950 358 4004 sed
381 3949 418 4004 ab
434 3949 496 4020 ipso
511 3952 568 4006 Deo
589 3950 618 4005 in
639 3951 802 4021 apostolatu
819 3950 936 4019 electus,

113 4048 169 4091 non
185 4036 330 4093 seaestivit
344 4043 550 4108 competentem
566 4039 672 4097 volanti
690 4039 771 4111 Mago
788 4040 937 4110 imperare,

111 4125 159 4181 sed
175 4125 267 4181 diiilt:
284 4127 376 4183 Tuum
394 4133 446 4200 est,
464 4128 554 4200 Petre,
571 4129 721 4200 imperare,
736 4144 827 4185 meum
844 4136 937 4185 autem

117 4226 207 4271 orare.
226 4215 273 4271 Sic
290 4217 440 4289 nimirum,
456 4217 499 4273 sic
511 4232 592 4274 orare
609 4225 737 4276 nostrum
754 4225 807 4285 est,
823 4224 853 4274 ut
868 4219 940 4273 dor-

112 4304 204 4361 miens
218 4306 298 4363 lesus
314 4306 344 4361 in
361 4307 491 4363 navicula
504 4315 649 4381 exsurgat,
660 4315 687 4364 et
697 4307 809 4376 judicet
823 4320 937 4362 causam

112 4408 203 4451 suani.
219 4396 460 4453 esiciumvtccus
470 4403 519 4454 tuo
535 4396 639 4466 lavore,
652 4396 792 4452 neminem
808 4408 937 4466 carpens,

112 4485 312 4557 neminemque
327 4486 545 4555 reprehendens,
562 4484 674 4541 nullum
686 4490 795 4541 certum
809 4490 936 4559 tangens,

112 4572 286 4629 distribuam
301 4573 365 4646 tibi,
381 4578 408 4630 te
423 4574 545 4644 presule
556 4579 639 4644 teque
651 4574 758 4644 jndice,
772 4574 826 4630 sub
840 4574 939 4629 rheto-

114 4659 174 4714 rico
191 4661 336 4729 phasmate
350 4661 508 4718 actionales
531 4675 683 4718 cansarum
701 4676 793 4735 voces,
815 4675 937 4733 quarum

112 4746 272 4803 intentione
286 4754 314 4804 et
325 4749 488 4819 repulsione
503 4751 569 4821 quis
579 4750 637 4813 sibi
651 4752 799 4808 varietatis
814 4752 935 4823 palmam

994 3596 1049 3653 ista
1069 3605 1112 3653 est
1133 3597 1288 3655 diffinitio:
1304 3599 1352 3654 Lis
1375 3613 1439 3655 cuni
1456 3604 1533 3654 certa
1553 3612 1687 3669 persona.
1712 3600 1747 3654 Et
1766 3597 1818 3652 hac

994 3687 1089 3744 omnis
1115 3702 1159 3744 res
1186 3703 1220 3744 ex
1244 3695 1350 3760 septem
1377 3689 1450 3745 locis
1470 3695 1640 3761 argumenta
1667 3687 1817 3746 contrahit.

993 3777 1099 3832 llorum
1123 3777 1192 3846 duo,
1211 3777 1278 3849 quis
1294 3777 1417 3847 etquid,
1434 3778 1531 3833 omnia
1550 3777 1713 3833 continent.
1729 3778 1818 3847 llypo-

994 3865 1088 3920 thesin
1100 3865 1197 3937 itaque
1211 3866 1290 3922 litem
1303 3867 1440 3922 continet.
1454 3867 1561 3922 Litium
1570 3872 1668 3922 autern
1679 3867 1746 3922 duae
1757 3871 1817 3920 sunt

992 3968 1084 4024 noces,
1112 3954 1312 4011 insimulantis
1330 3961 1360 4011 et
1378 3955 1567 4025 repulsantis:
1593 3956 1753 4026 quatiunt
1775 3967 1816 4023 per

994 4042 1199 4117 hypophoram,
1225 4049 1254 4100 et
1275 4044 1506 4114 antipophoram.
1532 4043 1585 4100 Sed
1606 4044 1645 4099 de
1667 4045 1722 4100 hoc
1742 4042 1814 4099 satis.

993 4132 1102 4188 idcirco
1118 4133 1215 4203 itaque
1230 4133 1284 4189 ista
1298 4133 1496 4203 prediximus,
1510 4139 1656 4204 quatenus
1669 4145 1815 4204 praenosca-

994 4227 1042 4276 tur
1060 4221 1214 4292 liquidius,
1240 4236 1297 4292 quo
1313 4229 1481 4294 argumento
1502 4223 1582 4278 vocis
1602 4221 1679 4278 alter
1701 4223 1813 4278 alterum

990 4308 1143 4378 jaculetur.
1165 4309 1304 4379 Quocirca
1326 4316 1472 4367 statuatur
1487 4311 1544 4381 jain
1568 4325 1647 4367 nunc
1663 4318 1741 4367 certa
1755 4325 1814 4381 pei·

994 4411 1063 4453 sona
1078 4399 1204 4456 Formosi
1222 4399 1251 4455 in
1268 4399 1371 4472 medio,
1385 4407 1413 4456 ει
1429 4399 1589 4457 causidicis
1610 4396 1811 4474 [causidicus],

994 4486 1018 4541 si
1028 4487 1141 4543 sicutet
1150 4502 1184 4544 ex
1193 4490 1311 4546 adverso
1321 4489 1458 4546 civilibus
1468 4489 1684 4547 alternantibus
1692 4490 1811 4548 vocibus.

993 4590 1042 4646 per
1054 4576 1309 4633 demonstrativum
1323 4578 1440 4634 tertium
1459 4592 1549 4650 genus
1565 4592 1722 4636 causarum
1735 4592 1810 4648 eipe-

992 4665 1086 4720 riatur
1105 4665 1221 4737 veritas,
1245 4666 1287 4721 vel
1312 4665 1434 4722 falsitas.
1465 4670 1524 4724 lluc
1545 4666 1646 4739 itaque
1669 4668 1811 4724 dialectica

992 4752 1111 4810 mininie
1127 4756 1274 4811 succurrit
1292 4756 1407 4812 neutri:
1430 4757 1499 4827 quia
1518 4756 1566 4812 his
1580 4762 1609 4812 et
1623 4756 1811 4814 controversia

112 4835 243 4906 acquirat
252 4836 685 4911 possisviliganterdiscernere.
696 4842 797 4898 Verum
811 4842 935 4911 primuni
953 4830 1044 4914 Cast,
1066 4848 1201 4914 certaque
1222 4850 1398 4902 monstratur
1418 4859 1547 4918 persona,
1570 4845 1621 4902 ubi
1641 4844 1811 4917 impossibile

113 4930 264 4995 antequam
281 4926 310 4982 in
324 4926 501 4983 auditorium
518 4928 665 5001 ingressus
678 4930 737 5000 llat,
752 4944 809 4998 prae
823 4927 937 4986 loribus

113 5013 261 5091 paulisper
272 5015 317 5071 vis
331 5017 404 5072 artis
418 5017 571 5086 aperienda
585 5023 638 5089 est,
656 5023 688 5074 ut
702 5018 829 5075 locorum
844 5023 937 5075 statiis

112 5103 240 5173 llnesquc
252 5104 492 5161 constitutionum
510 5105 628 5163 facilius
651 5107 885 5176 impectorentur,
908 5113 937 5163 ει

113 5191 167 5247 hoc
181 5190 314 5248 breviter.
332 5192 371 5247 lle
393 5192 470 5247 enim
490 5208 554 5249 iera
578 5190 672 5251 omnis
687 5202 784 5252 orator
798 5196 936 5251 brevitate

112 5281 225 5353 gaudet.
240 5281 318 5338 Unde
332 5281 373 5337 sit
387 5281 511 5338 brevitas
524 5284 554 5338 iii
567 5284 671 5356 verbis,
685 5285 814 5354 paucitas
826 5285 854 5340 in
869 5300 938 5341 sen-

112 5371 222 5442 tentiis,
239 5371 384 5428 absolutio
399 5370 428 5425 in
444 5371 578 5441 singulis.

146 5460 286 5517 Dicentur
302 5461 392 5533 igitur
411 5460 585 5531 principales
607 5467 700 5519 status
717 5468 775 5519 tres
795 5477 870 5520 esse:
899 5479 935 5520 an

112 5546 161 5618 sit,
176 5548 245 5620 quid
259 5548 309 5621 sit,
323 5547 407 5620 quale
421 5549 469 5605 sit.
490 5549 525 5605 Et
538 5561 574 5605 an
587 5549 636 5622 sit,
653 5550 688 5607 ad
704 5552 890 5621 quaestionem
904 5558 936 5609 ut

990 4939 1033 4988 est
1048 4939 1079 4988 ut
1094 4933 1220 5003 quilibet
1234 4948 1288 4989 non
1305 4935 1483 4991 succumbat.
1497 4934 1555 5007 Age
1568 4949 1648 5006 ergo,
1665 4937 1767 4992 suadet
1778 4935 1811 4989 in

990 5019 1094 5094 tonsor,
1122 5028 1149 5077 ει
1170 5022 1336 5078 dissuadeat
1363 5028 1451 5079 actor.
1483 5025 1554 5080 Ecce
1583 5031 1642 5080 stat
1665 5026 1810 5082 Formosus

992 5117 1103 5179 praesto.

1025 5200 1103 5255 Dicit
1121 5201 1320 5256 lssiiiuuiiron:
1339 5202 1390 5257 llic
1412 5203 1565 5259 Formosus
1588 5202 1745 5274 episcopus
1763 5200 1809 5257 luit

990 5289 1263 5345 excommunicatus.
1285 5290 1395 5345 heron:
1425 5291 1491 5347 Fuit
1525 5291 1656 5363 quidem,
1683 5293 1732 5349 sed
1765 5291 1810 5346 ab-

991 5375 1113 5432 solutus.

1025 5464 1080 5518 Ins.
1098 5481 1105 5519 :
1120 5465 1246 5521 Minime.
1261 5467 1352 5523 heron
1366 5486 1373 5524 :
1386 5466 1545 5525 Absolutus

1025 5554 1102 5608 ins:
1126 5555 1187 5610 Non
1205 5554 1322 5626 quidem
1337 5556 1476 5628 possibile
1489 5555 1555 5615 luit.
1577 5558 1688 5617 Acron:
1706 5561 1736 5618 Si
1750 5573 1811 5632 pos·
