3876 6090
118 206 154 263 99
712 203 891 261 hnaslhsll
915 205 1188 263 ululiohilhcahll

1716 206 1781 264 iod

118 330 274 399 suscipere.
297 328 419 393 Thomas
439 329 496 384 Deo
517 327 712 384 amicissimus
737 327 917 399 metropolita
931 328 961 390 A
972 331 1101 386 omnium
1118 336 1264 403 nostrum,
1280 345 1344 388 ecce
1369 336 1468 402 portus
1478 335 1506 386 et
1519 331 1683 387 medicina:
1701 333 1778 403 quod

116 419 193 491 Tyri,
208 424 236 476 et
247 420 343 475 llelias
354 420 409 475 Deo
420 419 643 476 colendissimus
654 419 799 491 presbyter
809 427 836 475 ei
847 425 918 490 syn-

116 508 218 580 cellus,
228 508 526 565 vicariiOrientaiium
539 509 650 564 sedium
661 508 809 564 dixerunt:
820 509 917 581 ilignae

119 597 303 666 imperatorio
312 604 340 653 et
347 598 510 667 justissimo
521 611 605 654 sensu
617 602 684 653 sunt
694 598 915 671 admonitiones,

117 700 188 757 quas
201 685 271 741 iacit
283 686 375 742 honus
390 686 543 756 imperator
566 692 662 742 noster
673 686 707 741 ad
723 686 799 758 illos,
813 687 917 743 deinde

972 420 997 474 si
1014 435 1082 494 non,
1098 421 1252 491 imperium
1275 424 1402 478 nostrum
1431 419 1536 492 praebet
1547 420 1630 476 robis
1644 419 1781 478 inducias

972 514 1078 577 septem
1092 510 1215 574 dierum,
1234 514 1265 565 ut
1277 509 1301 564 si
1317 509 1432 580 quidem
1454 522 1551 564 curam
1565 509 1713 580 presseritis
1729 525 1780 566 sa-

972 595 1043 653 lutis
1056 603 1166 670 vestrae,
1183 599 1253 654 benc
1265 605 1293 654 et
1306 598 1412 668 optime
1429 615 1435 652 ι
1453 597 1478 654 si
1492 612 1557 654 vero
1571 598 1702 671 minime,
1715 611 1780 654 ven-

972 689 1036 740 tura
1050 691 1128 742 sexta
1142 686 1223 758 feria,
1237 688 1266 743 in
1276 691 1372 743 sancta
1384 692 1412 742 et
1422 687 1694 758 universalisynodo
1704 691 1779 744 state

117 775 254 831 rcroetad
265 775 420 846 omnesqui
432 780 553 846 postnos
563 773 655 832 loturi
667 781 743 832 sunt.
754 778 812 831 Nos
822 783 916 832 autem

116 864 150 919 ad
162 863 215 919 hor
225 863 368 920 dicimus:
385 867 546 920 Hominibus
562 866 671 936 quidem
693 866 847 929 statamus,
863 868 917 919 lico

115 958 204 1007 cutam
215 955 355 1021 rnunisesti
364 969 457 1009 sumus
466 954 504 1023 ill
515 954 574 1009 Cor.
592 954 628 1028 y).
641 956 728 1010 Porro
739 968 917 1010 revereamur
1007 953 1041 1008 Et
1054 958 1117 1022 post
1131 955 1188 1009 haec
1201 955 1358 1009 ascendens
1370 954 1534 1026 Stephanus
1557 955 1614 1008 ileo
1627 951 1779 1009 amicissi-

116 1040 218 1097 ooelum
229 1046 256 1097 et
266 1047 381 1112 terram,
392 1046 421 1096 et
433 1042 571 1098 caniciem
583 1047 719 1115 nostram,
731 1042 756 1097 si
768 1043 837 1113 quid
851 1057 918 1112 prm
972 1054 1035 1097 mus
1048 1041 1188 1099 diaconus
1200 1042 1583 1112 constantinopolitanorum
1599 1041 1736 1098 Ecclesia
1751 1045 1778 1096 et

116 1136 159 1188 ter
172 1130 286 1187 divinas
300 1130 374 1203 leges
388 1131 553 1199 judicamus
565 1132 606 1187 rel
620 1131 783 1201 delinimus,
798 1131 871 1202 quod
889 1134 918 1186 et
972 1130 1208 1187 notariusdixit:
1227 1131 1333 1188 linitos
1351 1145 1441 1186 annos
1457 1131 1661 1201 imperatorum
1676 1129 1776 1186 Basilii

117 1219 268 1288 piissimus
283 1220 438 1290 imperator
450 1226 546 1278 noster
565 1224 660 1279 denuo
673 1222 857 1279 commonuit.
882 1223 918 1277 Et
971 1223 1000 1274 ct
1009 1219 1206 1276 constantinii
1218 1220 1382 1292 Magnorum
1395 1220 1599 1289 imperatorum
1610 1222 1640 1274 et
1649 1217 1777 1274 dictato-

971 789 1078 847 omnes,
1096 779 1123 830 et
1140 776 1282 847 quidquid
1296 776 1443 831 definierit
1455 781 1552 832 saneta
1562 780 1590 832 et
1603 775 1778 832 universalis

972 864 1097 934 synodus
1111 865 1139 920 in
1153 880 1213 935 ros,
1227 866 1282 920 liet.

116 1309 542 1379 nosquidemsiirrationahilia
550 1312 707 1367 animantia
727 1325 915 1389 pasceremus,

115 1397 235 1454 fortasse
245 1404 349 1470 coacte,
361 1413 394 1455 ac
404 1400 543 1456 violenter
552 1404 739 1457 tractaremus
759 1415 802 1474 ea,
813 1401 919 1457 ducen-

116 1490 159 1542 tes
169 1485 254 1541 etiam
266 1501 322 1557 quo
342 1487 468 1542 nollent:
497 1489 633 1560 quoniam
655 1503 721 1545 rero
744 1489 917 1547 rationabile

972 1322 1035 1364 rum
1057 1309 1162 1364 multos
1181 1308 1290 1365 annos!
1316 1308 1545 1366 orthodoxorum
1571 1307 1776 1377 imperatorum

972 1397 1078 1453 multos
1101 1411 1191 1454 annos
1211 1397 1217 1451 i
1241 1398 1442 1469 Depositorum
1483 1397 1636 1486 injustitiae
1671 1395 1778 1453 multos

972 1506 1062 1549 annos
1072 1489 1216 1548 illostium
1225 1485 1366 1542 mendacii
1379 1487 1583 1543 multosaunos
1593 1484 1599 1537 i
1609 1482 1776 1539 limatorum

115 1573 372 1648 animalesthomo,
382 1577 916 1648 potiusadmonitionibusducendum,
931 1613 958 1674 B
971 1579 1152 1637 etiautorum
1165 1576 1297 1633 veritatis
1308 1575 1467 1646 etjustitiae
1479 1573 1584 1630 multos
1594 1586 1686 1629 annos
1701 1572 1712 1654 i*
1724 1573 1778 1629 Eu·

115 1666 290 1724 sufficienter
301 1668 337 1724 ab
360 1668 555 1739 imperatoriis
577 1669 828 1727 admonitionibus
851 1669 917 1725 ins·
970 1667 1217 1740 donimpiissimae
1240 1667 1377 1740 Augustae
1401 1664 1507 1720 multos
1525 1663 1636 1720 annosi
1663 1659 1776 1719 Nicolai

116 1756 259 1812 truimini.
271 1757 300 1813 si
313 1771 380 1831 ergo
395 1758 484 1815 ruitis
495 1758 570 1814 riam
595 1764 731 1827 nostram,
745 1764 774 1814 et
795 1757 915 1830 Christi,

115 1845 410 1919 arripite3sinautcm
425 1847 500 1903 viam
522 1853 654 1919 vestram,
678 1848 765 1904 abite.
792 1847 917 1903 Basilius

117 1933 267 2003 piissimus
283 1941 311 1992 et
331 1936 558 1994 amicusChristi
574 1942 601 1993 et
627 1951 746 2011 magnus
762 1938 917 2007 imperator

114 2022 208 2080 diali:
222 2024 293 2080 Ecce
303 2025 428 2095 qualiter
441 2030 469 2081 et
479 2026 593 2096 quotics
603 2027 839 2083 admonuerimus
854 2041 913 2098 vos,

116 2117 144 2167 et
155 2112 289 2184 audistis,
301 2117 329 2170 et
338 2115 488 2172 certiiicati
497 2117 577 2187 estis,
590 2121 618 2172 et
629 2124 736 2174 nonest
744 2117 824 2173 robis
833 2117 917 2174 ratio

115 2199 273 2258 nissermo.
286 2203 316 2258 Si
336 2203 412 2261 enim
433 2205 522 2262 ruitis
543 2205 648 2276 subjici
670 2205 917 2263 admonitionibus

970 1757 1132 1814 beatissimi
1145 1770 1224 1828 papae
1235 1756 1353 1813 Romani
1369 1760 1473 1811 eterna
1486 1752 1621 1808 memoria
1636 1751 1642 1805 i
1655 1744 1776 1808 adriani

970 1846 1121 1903 orthodoxi
1136 1859 1214 1918 papae
1224 1844 1342 1900 Romani
1355 1843 1459 1900 multos
1480 1839 1589 1897 annosi
1616 1839 1722 1914 ignatii
1735 1854 1778 1896 or·

971 1935 1088 1992 thodoni
1106 1934 1274 2007 patriarchae
1297 1932 1582 2002 constantinopoleos
1602 1928 1709 1986 multos
1722 1942 1779 1984 an-

972 2024 1037 2080 nosi
1049 2023 1279 2081 orthodoxorum
1290 2022 1518 2093 patriarcharum
1530 2019 1660 2076 Orientis
1671 2018 1778 2075 multos

971 2113 1079 2169 annosi
1092 2113 1249 2171 Orthodoxi
1270 2116 1387 2169 senatus
1412 2110 1518 2167 multos
1531 2108 1642 2165 annosi
1667 2109 1777 2164 Sancte

971 2210 1000 2260 ct
1012 2203 1185 2261 universalis
1197 2202 1299 2274 synodi
1310 2207 1414 2258 aeterna
1430 2199 1566 2256 memoria
1581 2197 1586 2251 i

757 2418 885 2489 acilo
931 2419 1131 2488 sublimn.

150 2660 179 2713 ln
193 2658 307 2714 nomine
321 2658 435 2715 liomini
448 2665 477 2715 et
488 2660 679 2719 dominatoris
692 2660 820 2717 omnium
848 2660 953 2722 lesuC
974 2674 1047 2731 rum,
1068 2660 1198 2717 blanuole
1220 2656 1504 2732 magnificentissimo
1522 2654 1657 2727 patricio,
1681 2653 1777 2712 Theo-

114 2746 223 2803 Christi
235 2747 295 2803 veri
308 2746 358 2803 Dei
371 2752 399 2803 et
410 2748 565 2805 salvatoris
590 2749 692 2821 nostri,
706 2749 874 2806 consulatus
897 2763 915 2806 a

113 2837 170 2892 Deo
184 2842 385 2893 coronatorum
408 2843 436 2893 et
452 2838 761 2910 tranquillissimorum
779 2839 915 2895 domino-

115 2939 178 2980 rum
190 2932 362 2998 nostrorum,
374 2927 473 2984 Basilii
488 2928 603 2999 quidem
624 2941 699 2985 anno
712 2928 808 2991 tertio,
830 2928 916 2983 Cons-

84 3072 87 3080 ,
114 3014 219 3070 tantini
229 3029 293 3071 vero
303 3015 356 3071 iiiii
375 3017 438 3086 ejus
459 3031 534 3072 anno
554 3018 688 3088 secundo,
714 3022 915 3088 perpetuorum

113 3101 318 3176 Augusiorum,
331 3105 490 3162 indictione
501 3106 598 3178 tertia,
613 3112 715 3177 quarto
724 3106 914 3162 Kalendarum

109 3192 311 3250 Novembrium
323 3213 329 3249 :
342 3195 497 3265 propositis
505 3195 674 3267 pretiosiset
684 3193 913 3265 viviticislignis,

113 3289 141 3338 et
163 3282 340 3360 intemeratis
361 3285 465 3341 salutis
488 3291 591 3341 nostre
612 3283 792 3356 Evangeliis:
820 3282 916 3352 {irresi-

114 3371 198 3428 dente
208 3377 302 3429 autem
313 3374 409 3430 eodem
417 3373 550 3444 piissimo
564 3375 743 3444 imperatore,
757 3372 787 3428 in
798 3372 913 3428 dextera

114 3466 193 3529 parte
203 3461 298 3533 magni
310 3461 437 3518 nominis
450 3463 548 3533 templi
566 3476 673 3536 magnae
693 3461 821 3518 ecclesiae
832 3478 838 3512 :
850 3473 914 3516 eou-

20 3561 24 3565 ·
114 3549 244 3607 veniente
255 3566 320 3608 vero
333 3557 430 3608 sancta
451 3557 479 3607 et
504 3551 661 3609 universali
674 3550 791 3620 synodo,
807 3548 859 3603 hoc
871 3552 915 3603 est

112 3638 221 3695 Donato
229 3642 285 3695 Deo
296 3640 474 3697 amicissimo
484 3642 617 3711 episcopo
626 3639 722 3709 Ostiae,
734 3644 762 3693 et
772 3637 914 3707 Stephano

116 3726 172 3783 lico
182 3715 360 3785 amicissimo
371 3728 504 3798 episcopo
525 3731 619 3800 Nape,
632 3733 660 3783 et
669 3726 779 3782 hiarino
791 3737 916 3780 reveren-

113 3815 236 3873 dissimo
247 3817 369 3873 diacono
386 3823 489 3874 sanetae
507 3818 698 3874 Romanorum
711 3815 854 3886 Ecclesiae,
868 3813 916 3869 lo-

115 3917 179 3960 cum
191 3904 353 3960 tenentibus
361 3904 481 3960 hdriani
491 3904 667 3961 sanctissimi
684 3917 761 3974 papae
782 3901 912 3971 Romani,

971 2749 1103 2821 phylaeto
1138 2747 1423 2823 magnificentissimo
1457 2745 1590 2817 patricio,
1626 2747 1776 2800 Petronaie

972 2837 1255 2909 magnificentissimo
1280 2835 1412 2908 patricio,
1434 2833 1564 2890 blanuele
1595 2832 1777 2905 magnificem

970 2925 1084 2982 tissima
1093 2927 1215 2996 patricio
1227 2944 1233 2980 :
1244 2924 1462 2982 considentibus
1473 2935 1587 2994 quoque
1598 2925 1626 2977 et
1635 2923 1693 2977 Deo
1707 2920 1776 2979 ami.

971 3014 1307 3086 cissimismetropolitis,
1322 3014 1350 3070 id
1363 3018 1406 3069 est
1417 3012 1524 3068 Basilio
1534 3010 1775 3068 Deoamicissimo

970 3104 1186 3174 archiepiscopo
1209 3103 1323 3175 Ephesi,
1346 3102 1492 3159 Theodulo
1516 3103 1573 3157 Ileo
1596 3099 1775 3157 amicissimo

969 3193 1185 3264 archiepiscopo
1196 3195 1323 3264 hncyrae,
1335 3191 1461 3248 Bernaba
1470 3189 1714 3247 Dcoamicissimo
1723 3202 1777 3244 me-

969 3281 1104 3351 tropolita
1116 3282 1221 3353 Cyzici,
1237 3281 1396 3351 Nicephoro
1410 3282 1466 3336 lieo
1479 3278 1657 3335 amicissimo
1674 3282 1776 3334 metro·

970 3370 1059 3441 polita
1071 3371 1181 3444 Nicaea,
1196 3370 1356 3441 Nicephoro
1367 3372 1423 3425 lieo
1433 3367 1613 3425 amicissimo
1636 3371 1775 3437 metropo

970 3458 1021 3515 iiia
1034 3460 1164 3530 amasiae,
1189 3460 1288 3515 Niceta
1309 3461 1364 3515 Deo
1390 3457 1567 3514 amicissimo
1591 3457 1774 3526 metropolita

968 3547 1156 3620 Athenarum,
1169 3548 1316 3605 Theodoro
1327 3550 1383 3604 Deo
1397 3546 1578 3603 amicissimo
1590 3546 1773 3617 metropolita

969 3637 1068 3710 Cariae,
1093 3638 1277 3709 hietrophane
1300 3639 1357 3693 Deo
1379 3635 1556 3692 amicissimo
1591 3634 1774 3706 metropolita

970 3728 1105 3798 Smyrnae,
1120 3727 1227 3783 Basilio
1251 3726 1430 3783 amicissimo
1454 3723 1634 3794 metropolita
1649 3723 1773 3795 Gangra-

971 3812 1774 3894 rum,CyprianoDeoamicissimometropolitaClaudio

970 3904 1075 3976 poleos,
1090 3905 1303 3962 lliiarioneDeo
1325 3904 1504 3960 amicissimo
1518 3900 1700 3971 metropolita
1724 3900 1774 3956 Co

115 3997 145 4047 ct
161 3992 271 4064 Ignatio
288 3991 470 4049 sanctissimo
488 3993 649 4063 patriarcha
670 3991 914 4059 Constantinopo-
970 3994 1260 4066 rinthi,NicolaoDco
1273 3993 1451 4050 amicissimo
1464 3991 1645 4063 metropolita
1659 3991 1773 4061 Synna-

115 4079 185 4153 leos,
214 4084 243 4136 et
269 4081 374 4137 Thomu
405 4081 588 4138 sanctissimo
621 4079 802 4154 metropolita
832 4075 1770 4155 Tyri,Ddorum,ltiichaeleiieoamicissimometropolitalihodi,

114 4168 209 4227 locum
242 4175 353 4226 tenente
378 4170 456 4227 sedis
489 4171 661 4244 Antiochiae,
688 4172 719 4229 ct
747 4169 827 4227 liclia
856 4171 912 4224 Deo
966 4167 1772 4245 EuthymioDeoamicissimometropolitadatnnre,Phc

115 4258 318 4315 colendissimo
334 4259 497 4332 presbytero
507 4266 535 4316 et
545 4260 681 4331 syncello,
691 4258 786 4317 locum
799 4264 911 4315 tenente

115 4348 193 4405 sedis
207 4349 466 4420 llierosolymorum
480 4367 487 4404 ε
506 4354 608 4420 praesto
620 4354 715 4405 autem
728 4349 815 4404 simui
830 4347 911 4403 cnis-

115 4441 191 4493 iente
214 4451 295 4495 sacro
316 4443 427 4511 senatu,
446 4439 581 4495 videlicet
607 4438 753 4497 Theodoro
776 4436 912 4508 magnili-

114 4527 280 4584 centissimo
309 4529 432 4598 patricio
466 4542 498 4584 ac
528 4528 674 4600 magistro,
704 4527 910 4598 christophoro

115 4615 398 4687 magnificentissimo
411 4617 532 4687 patricio
545 4632 577 4673 ac
590 4617 738 4689 magistro,
751 4619 841 4673 Leone
856 4630 911 4673 ma-

114 4705 351 4773 gnificentissimo
376 4706 545 4777 proconsule
570 4721 603 4763 ac
625 4707 758 4779 patricio,
779 4706 909 4762 llemerio

115 4796 397 4866 magnificentissimo
409 4796 577 4867 proconsule
589 4811 622 4854 ac
630 4796 909 4868 patricio,Stephano

115 4881 398 4954 magnificentissimo
414 4887 582 4955 proconsule
594 4893 622 4942 et
638 4886 798 4956 sacellario,
819 4887 908 4941 Leone

119 4971 403 5043 magnidceuiissimo
419 4975 587 5044 proconsule
597 4989 629 5031 ac
643 4976 775 5047 patricio,
798 4973 907 5031 hiarino

114 5058 398 5132 magnificentissimo
425 5065 593 5135 proconsule
614 5079 646 5120 ac
671 5065 910 5136 patrici0,Theo-

114 5149 196 5220 philo
217 5152 500 5225 magnificentissimo
522 5136 690 5226 proconsule
715 5169 747 5210 ac
775 5153 907 5225 patricio,

113 5239 230 5297 Tarasio
246 5243 538 5316 magnificentissimo
546 5245 714 5315 proconsule
728 5258 761 5300 ac
775 5243 906 5315 patricio,

113 5327 201 5385 Paulo
222 5332 506 5403 magnificentissimo
525 5332 693 5405 proconsule
715 5337 744 5388 et
765 5331 906 5403 praelecto,

113 5416 246 5476 Barbatio
269 5419 552 5494 magnificentissimo
579 5421 710 5494 patricio,
733 5423 823 5478 Leone
845 5439 908 5480 ma-

52 5515 57 5524 ·
113 5509 352 5582 guibrentissimo
376 5511 497 5587 patricio
526 5517 555 5571 ei
576 5512 731 5571 domestico
756 5512 908 5574 excubito-

966 4256 1770 4332 tioiieoamicissimoarchiepiscopoNicolire,Stephauo

967 4345 1769 4420 Deoamicissimoarchiepiscopocypsallorumssasilio

968 4442 1024 4498 Deo
1037 4441 1215 4497 amicissimo
1228 4440 1445 4510 archiepiscopo
1454 4437 1588 4508 biisthia,
1597 4435 1768 4506 Theophane

964 4530 1021 4585 Deo
1036 4529 1213 4585 amicissimo
1228 4528 1443 4599 archiepiscopo
1467 4525 1572 4598 selges,
1599 4523 1687 4581 Paulo
1711 4525 1768 4580 Deo

963 4611 1769 4687 amicissimoarchiepiscopohpamiae,loannelieoami-

964 4707 1082 4764 cissimo
1093 4705 1311 4776 archiepiscopo
1322 4706 1378 4776 Cii,
1391 4704 1614 4760 hthanasiolieo
1623 4701 1768 4758 amicissi-

964 4797 1322 4869 moepiscopohlaynesiae,
1345 4796 1492 4851 Theodoro
1512 4795 1567 4848 Deo
1587 4791 1766 4847 amicissimo

963 4889 1096 4960 episcopo
1107 4887 1228 4956 Sinopae,
1241 4884 1458 4942 Eustachiolieo
1469 4880 1647 4938 amicissimo
1657 4879 1767 4949 cpisco

964 4975 1309 5052 poAEmonia,Theocieto
1319 4971 1558 5029 Deoamicissimo
1569 4970 1704 5042 episcopo
1717 4971 1765 5025 La·

963 5059 1766 5136 cedaemoniae,Nicepnorobcoamicissimoepiscopoza-

963 5155 1294 5232 cynthi,EuthymioDeo
1304 5151 1482 5209 amicissimo
1492 5150 1625 5220 episcopo
1636 5149 1764 5218 hlosyno-

963 5263 1037 5320 rum,
1051 5247 1156 5304 Basilio
1166 5242 1547 5312 Deoamicissimoepiscopo
1558 5235 1666 5309 Tyrgii,
1677 5237 1763 5292 Geor-

962 5336 1076 5409 gioDeo
1088 5331 1264 5389 amicissimo
1275 5329 1410 5400 episcopo
1420 5327 1505 5396 llelii,
1520 5327 1601 5380 Petro
1615 5326 1673 5380 Deo
1683 5324 1763 5380 arni-

962 5425 1079 5485 cissimo
1098 5422 1231 5494 episcopo
1249 5419 1379 5490 Troadis,
1397 5420 1487 5474 Leone
1506 5418 1562 5472 Deo
1583 5415 1760 5471 amicissimo

961 5509 1395 5588 cpiscopoDaphuusiae,Niceta
1404 5505 1761 5576 heoamicissimoepisoo
