3876 6090
175 219 255 291 ,loni
480 222 625 280 abablio.
646 222 693 280 ab
711 222 792 283 Sim.
812 222 858 281 IN.
875 251 910 264 -
922 217 1088 278 subrahit.
1109 216 1155 274 ab
1173 216 1275 274 lucr.
1295 215 1476 275 cannonis
1493 215 1588 274 ANNI.
1826 210 1890 270 tolo

183 344 365 416 interpositis
373 344 460 401 simul
470 345 702 416 adeijussoribus
710 347 930 419 multis,ettunc
937 344 1012 414 ejus·
1021 343 1050 403 A
1065 340 1177 397 laudem
1191 341 1283 397 sancti
1296 340 1412 397 liartini
1427 341 1510 398 doret
1519 339 1635 411 religio,
1648 333 1820 407 christique
1830 348 1891 391 ser-

181 433 245 490 dem
257 433 406 490 reddenda
417 434 544 505 pecunia
554 435 617 492 dies
627 436 779 493 condictus
790 434 924 493 instabat.
934 431 1008 501 Quid
1065 431 1143 487 vitus
1158 430 1289 487 liberalis
1302 432 1331 488 in
1346 431 1410 488 dies
1424 429 1593 487 exsolvitur.
1610 426 1808 496 crediturque
1821 426 1890 497 qnod

182 519 348 579 iaceretiSi
360 523 437 579 enim
451 537 528 580 more
539 524 635 581 avium
652 525 819 597 pernicibus
830 524 887 582 alis
898 522 1010 579 evolare
1065 519 1191 577 illustris
1203 521 1363 592 biarchisii,
1377 521 1431 578 etsi
1445 519 1599 592 sanguinis
1614 515 1809 591 generositate
1821 513 1892 570 inie-

182 618 288 681 possel,
305 624 355 667 nec
370 613 545 683 sicquidem
561 614 595 670 ad
613 614 759 684 praehxum
780 617 891 685 poterat
904 625 1011 669 oocur—
1066 609 1136 679 rior,
1154 623 1264 667 morum
1280 615 1374 667 tamen
1390 610 1552 679 nobilitate,
1569 607 1715 679 precipue
1730 604 1810 661 circa
1822 606 1894 660 llar-

182 714 244 757 rere
258 700 343 757 diem.
358 700 437 770 Quod
453 702 544 774 igitur
558 703 651 760 solnm
666 703 723 760 sibi
734 704 869 775 restabat,
881 702 915 758 ad
932 703 1011 756 hiar-
1066 699 1122 755 tini
1138 699 1284 770 honorem,
1306 713 1336 756 se
1359 698 1489 769 probavit
1514 699 1684 771 ingenuum.
1709 696 1781 751 Nam
1795 698 1825 750 et
1839 693 1894 763 ipsc

181 789 237 845 tini
248 788 384 863 sutiragia
396 792 535 861 poscenda
544 798 623 850 totus
633 794 819 850 convertitur.
833 789 1008 857 lllumvotis,
1066 787 1192 858 propriis
1212 787 1377 858 sumptibus
1394 787 1423 843 in
1444 787 1562 843 llartiol
1585 785 1724 842 horrorem
1749 781 1892 839 ecclesiam

183 876 266 934 illum
282 882 381 934 exorat
398 879 555 950 gemitibus
571 885 603 937 ut
620 880 650 937 in
665 887 743 938 tanta
758 881 927 938 necessitate
938 891 1012 935 con·
1066 878 1240 948 construxit,
1257 877 1305 933 cui
1321 882 1431 934 tantum
1447 875 1613 933 reddituum
1625 872 1791 945 acquisivit
1804 885 1894 942 quan-

182 967 285 1024 stituto
301 967 474 1039 subveniat;
492 983 527 1025 nc
541 969 662 1038 scilicet,
678 972 728 1041 qui
745 984 807 1027 sese
816 974 844 1026 et
854 982 906 1026 sua
922 980 1013 1039 nego-
1067 972 1127 1024 tum
1151 966 1303 1024 conventui
1327 966 1531 1023 monachorum
1556 963 1663 1021 ibidem
1685 963 1746 1018 lieo
1767 965 1797 1017 et
1820 960 1894 1018 besto

183 1055 225 1112 tia
236 1055 271 1112 ob
283 1056 346 1125 ejus
355 1056 533 1113 devotionem
545 1056 655 1114 oblitus
667 1056 770 1129 iuerat,
783 1058 818 1114 ab
831 1058 894 1128 ipso
904 1055 1015 1113 oblivi-
1068 1056 1191 1114 llartino
1210 1055 1396 1113 servientium
1418 1055 1603 1125 plenissimos
1617 1057 1757 1123 sumptus
1771 1048 1896 1107 sudleero

188 1149 293 1215 scatur,
312 1157 346 1200 ne
365 1144 566 1215 fidejussorum
582 1151 611 1202 et
625 1160 706 1203 suam
723 1147 818 1217 ipsius
834 1146 917 1202 tidem
933 1144 1016 1216 pcri-
1070 1145 1221 1218 potuisset.
1246 1144 1362 1201 Florent
1375 1149 1470 1201 autem
1494 1143 1637 1214 hodieque
1655 1141 1750 1198 ambae
1763 1138 1894 1208 ecclesia,

190 1232 287 1289 clitari
309 1232 473 1303 sinat3sed
503 1247 580 1291 more
603 1250 656 1293 sao
680 1236 825 1293 divinitus
848 1234 935 1291 iaciat
955 1246 1017 1290 esse
1070 1247 1134 1305 quae
1148 1232 1380 1305 ingredientibus
1402 1232 1486 1289 nobis
1505 1232 1616 1289 ltaliam
1638 1229 1747 1302 perviae
1768 1227 1896 1298 suntsi

191 1340 205 1374 v
227 1320 365 1391 possibile
379 1322 454 1393 quod
470 1323 544 1394 apud
561 1337 660 1382 omnes
675 1324 855 1397 impossibile
871 1329 914 1381 est
929 1322 1017 1395 (Marc
1070 1323 1144 1379 cinae
1159 1322 1271 1379 scilicet
1289 1321 1406 1380 susensi
1423 1335 1503 1395 pago.

183 1423 221 1484 .¹‚
236 1406 291 1483 m).
309 1428 322 1461 r
1108 1413 1198 1469 111.1n
1213 1410 1316 1468 crenus
1331 1408 1603 1467 arrasanneaovrrr
1621 1412 1841 1465 saerosammm
1853 1410 1898 1463 m

226 1501 256 1555 ln
273 1500 326 1556 hac
338 1501 560 1572 supplicatione.
578 1517 662 1575 quam
677 1503 751 1561 dura
768 1503 926 1561 necessitas
941 1517 1018 1575 prae-
1072 1500 1181 1557 mulum
1198 1499 1389 1570 undecunque
1404 1499 1503 1570 patrie
1522 1497 1709 1570 energumeni
1726 1495 1897 1553 ferebantur.

190 1588 333 1661 tendebat,
355 1590 408 1648 diu
430 1590 578 1665 fatigatus,
602 1593 715 1656 tandem
737 1593 913 1651 obdormivit
927 1611 935 1664 3
950 1606 1016 1649 cum
1071 1589 1174 1646 llirum
1192 1589 1221 1645 in
1234 1590 1348 1646 modum
1365 1588 1470 1658 mortni
1486 1587 1579 1644 virtus
1593 1587 1671 1643 circa
1686 1586 1770 1642 siros
1783 1584 1898 1641 salumn

189 1691 255 1735 ecce
280 1678 461 1751 signipotens
488 1680 539 1737 ille
563 1682 714 1754 Martinus,
743 1688 776 1739 ut
799 1686 877 1739 totus
907 1667 1253 1752 semperBoperabatar,
1270 1691 1320 1734 nec
1339 1677 1492 1748 quisquam
1513 1680 1608 1748 optata
1632 1675 1760 1732 sanitate
1776 1672 1900 1730 trustra-

190 1768 352 1826 visceribus
360 1769 514 1827 charitatis
526 1769 668 1833 abluebat,
681 1772 814 1829 devotum
824 1770 882 1828 sibi
894 1770 1018 1827 misera·
1072 1766 1166 1838 batur,
1187 1766 1244 1822 nisi
1261 1767 1345 1837 cujus
1365 1765 1435 1822 tides
1451 1765 1564 1822 inhrma
1583 1765 1618 1821 de
1640 1763 1762 1821 liartlni
1779 1762 1898 1834 potentia

80 1878 87 1886 ·
192 1863 249 1927 tus,
261 1856 1016 1929 invisueiastititpontillcalibusredimitusiniulis,
1074 1855 1234 1913 hesitabat.
1251 1858 1319 1911 Erat
1337 1861 1405 1913 tunc
1418 1855 1556 1926 temporis
1571 1853 1774 1911 daemoniacus
1787 1852 1898 1924 quidam

190 1945 305 2003 duobus
327 1945 436 2016 pariter
458 1947 603 2018 episcopis
625 1949 780 2005 comitatus
801 1948 953 2019 visumque
974 1949 1019 2003 est
1074 1950 1155 2003 aetate
1167 1945 1295 2016 juvenis,
1311 1945 1450 2002 militaris
1465 1945 1610 2017 progenie,
1628 1941 1716 2000 Gimo
1729 1941 1858 2011 nomine,
1870 1941 1900 1997 de

192 2035 256 2092 viro
267 2036 341 2108 qaod
354 2035 468 2093 ducilii
480 2050 531 2107 pro
543 2050 576 2094 eo
586 2037 709 2094 llartino
721 2037 927 2109 supplicarent,
942 2049 1020 2107 quc-
1074 2039 1168 2092 castro
1188 2034 1316 2091 Prierato
1337 2034 1489 2091 oriundus.
1514 2035 1595 2089 Hunc
1616 2036 1754 2103 parentes
1778 2031 1898 2087 vinctum

192 2139 255 2182 rum
268 2124 401 2195 precibus
415 2129 533 2183 sanctus
546 2125 659 2183 liberali
676 2126 825 2184 hilaritate
836 2138 967 2183 annuens
981 2123 1021 2180 d·
1062 2123 1184 2181 ‚catenis
1206 2123 1405 2180 ministrorum
1428 2121 1566 2193 obsequio
1584 2121 1619 2179 ad
1637 2121 1734 2178 sancti
1756 2119 1900 2177 basilicam

192 2215 256 2273 dem
278 2213 371 2287 lubet,
393 2214 538 2273 auxilium
561 2214 725 2286 pollicetur.
749 2216 806 2272 Nec
828 2228 907 2271 mora
920 2232 928 2284 3
944 2213 1020 2271 visio
1074 2212 1204 2271 exbiberi
1218 2211 1356 2269 iecerunt.
1370 2214 1483 2269 Daemon
1496 2216 1590 2268 autem
1603 2212 1652 2282 qui
1667 2223 1736 2267 enm
1751 2209 1898 2273 invaserat

193 2317 368 2377 somnusque
382 2304 489 2375 pariter
503 2304 704 2361 terminantur.
719 2304 933 2362 llomocxcitas
947 2316 1022 2360 con-
1073 2308 1103 2362 et
1120 2303 1213 2361 durus
1234 2316 1381 2374 possessor
1408 2299 1587 2373 presidebat,
1611 2299 1664 2357 illo
1688 2301 1726 2357 ad
1750 2298 1900 2356 multorom

194 2393 334 2467 gratulari
345 2392 598 2464 ceperatrlsioni.
611 2393 663 2450 Sed
674 2393 791 2451 llartini
806 2393 961 2464 promissio
971 2407 1021 2451 re·
1074 2391 1283 2465 contusionem,
1303 2396 1334 2450 ut
1352 2392 1468 2462 proprio
1489 2403 1607 2463 organo,
1627 2389 1818 2447 abutebatur.
1835 2388 1901 2459 Qni-

193 2482 317 2539 vertitur
336 2482 366 2539 in
385 2480 526 2539 effectum.
548 2484 618 2539 Nam
638 2486 753 2554 repente
771 2482 829 2541 duo
845 2496 911 2540 vasa
934 2494 1021 2540 aurea
1074 2497 1189 2554 cunque
1201 2483 1277 2539 enim
1297 2483 1328 2538 in
1341 2482 1404 2551 ejus
1420 2481 1546 2537 venisset
1566 2480 1753 2551 presentiam
1773 2478 1900 2550 capitalis

194 2584 281 2641 prope
293 2584 324 2626 sc
339 2571 431 2641 posita
443 2571 490 2628 vir
501 2571 628 2628 illustris
646 2572 754 2642 reperit
772 2585 913 2628 summam
933 2585 1022 2628 num·
1074 2572 1290 2629 criminisnoxe
1301 2571 1454 2641 obnoxius,
1468 2560 1566 2627 s'tatim
1579 2574 1706 2641 tempus,
1720 2567 1831 2639 locum,
1842 2581 1899 2638 prr-

196 2672 308 2715 morum
327 2659 505 2716 continentia
527 2674 578 2731 pro
599 2660 707 2732 quibus
726 2660 874 2718 sollicitus
896 2661 1020 2719 Martino
1074 2675 1183 2734 sonam,
1207 2662 1379 2733 modumque
1398 2659 1538 2716 facinoris
1551 2659 1664 2716 daemon
1681 2658 1713 2716 in
1728 2659 1797 2730 ejus
1809 2656 1897 2716 iacicm

194 2748 415 2819 supplicaverat.
438 2749 506 2820 Qum
520 2749 607 2806 simul
625 2756 657 2807 ut
671 2751 795 2824 aspexit,
816 2756 946 2807 servante
967 2764 1022 2808 ne-
1075 2753 1263 2809 irreverenter
1279 2763 1374 2807 coram
1392 2748 1528 2806 omnibus
1543 2747 1716 2819 exponebat.

195 2837 282 2910 mine,
299 2837 399 2894 mirari
422 2851 527 2909 mum,
550 2839 776 2911 circumquaque
790 2840 965 2913 prospicere,
985 2852 1021 2896 ne
1110 2841 1196 2896 Tanta
1213 2848 1274 2895 crat
1289 2839 1318 2895 in
1334 2839 1461 2896 damone
1477 2837 1655 2909 perspicacia
1671 2835 1817 2895 scelerum
1832 2836 1895 2909 quod

194 2924 268 2983 iortc
281 2927 316 2983 ad
330 2926 375 2983 sui
393 2926 578 2984 tentationem
598 2929 747 2999 pecuniam
765 2933 871 2985 tantam
887 2929 1021 3001 quisap·
1076 2929 1192 3001 quidam
1214 2927 1337 2984 clericus
1361 2928 1464 2997 sancti,
1488 2925 1656 2983 Frldericus
1678 2924 1811 2998 nomine,
1828 2926 1896 2983 divos

194 3014 347 3087 posuisset.
364 3015 491 3073 llarebat
506 3016 598 3090 igitur
611 3023 740 3092 stupens.
757 3018 845 3088 Quem
865 3018 1022 3074 servientes
1035 3007 1060 3075 C
1075 3032 1171 3089 opum,
1183 3017 1254 3074 clari
1263 3016 1425 3089 sanguinis,
1435 3015 1606 3074 nonnullius
1613 3015 1895 3088 etiamdignitatisin

193 3104 251 3176 sul,
264 3103 314 3175 qui
324 3105 388 3174 ejus
398 3105 541 3162 orationis
552 3105 635 3172 tidem
646 3106 760 3163 eminus
771 3105 1019 3178 praestolabantur,
1074 3105 1195 3162 ecclesia
1223 3102 1298 3176 (nam
1322 3104 1503 3162 subdecanus
1526 3103 1595 3178 erat)
1620 3102 1761 3177 audiens,
1786 3103 1896 3178 graviter

193 3192 353 3251 sollicitum
363 3195 568 3265 perpendentes
576 3194 868 3267 propriusaccedunt‚
878 3195 1020 3252 neminem
1075 3195 1155 3267 tulit,
1173 3197 1280 3251 tantam
1300 3193 1443 3251 sciliceta
1457 3195 1514 3251 Deo
1533 3192 1652 3250 diabolo
1668 3192 1896 3264 permissarum

193 3280 892 3356 adfuisseseseexcubantibasquieadeposuerit,
903 3297 958 3341 non
971 3283 1022 3340 mi·
1076 3288 1203 3341 testatem
1224 3287 1255 3340 ut
1270 3282 1411 3352 homines,
1434 3282 1594 3356 praesertim
1612 3281 1814 3344 Christianos.
1827 3294 1893 3338 com-

194 3386 250 3429 nus
271 3373 412 3431 miraculo
434 3387 518 3445 quam
538 3374 644 3445 gaudio
663 3373 754 3431 edocti
779 3373 1019 3447 protestabantur.
1076 3373 1237 3431 municaret
1258 3371 1394 3430 infamia.
1416 3373 1545 3444 Denique
1565 3371 1595 3428 iu
1619 3370 1781 3442 presentia
1801 3372 1893 3429 dame

191 3463 271 3519 Tunc
285 3463 479 3520 biarchisius:
496 3463 692 3537 signipotens,
706 3464 814 3535 inquit,
831 3463 973 3520 hlartinus
985 3463 1021 3519 de
1075 3462 1151 3519 niaci
1162 3476 1227 3519 cum
1239 3462 1291 3518 bac
1302 3461 1418 3534 querela
1431 3460 1518 3518 venit.
1534 3463 1565 3517 ln
1579 3473 1666 3533 quem
1679 3459 1829 3532 diabolos,
1842 3459 1893 3529 ejus

193 3552 368 3624 celestibus,
378 3552 704 3622 credo,tbesaurismihi
713 3553 825 3623 pondrm
833 3552 1020 3623 pecuniarum
1074 3551 1205 3624 dirigens
1214 3551 1314 3608 oculos
1324 3565 1407 3624 quem
1421 3554 1618 3622 occupaverat,
1630 3563 1732 3621 pexos
1745 3548 1890 3622 ipsinsait:

193 3641 301 3712 quibus
312 3641 426 3698 debitor
441 3640 488 3696 bis
501 3640 605 3697 diebus
618 3646 716 3697 teneor
725 3641 841 3697 cmlitus
853 3639 1017 3697 destinavit.
1074 3642 1109 3698 Et
1122 3646 1154 3697 tu
1169 3640 1205 3696 de
1222 3654 1303 3698 sacro
1323 3641 1417 3711 capite
1437 3653 1489 3698 nos
1507 3639 1656 3712 objurgas,
1679 3639 1734 3711 qui
1758 3639 1813 3696 hac
1827 3642 1893 3696 nocto

193 3728 256 3786 Osi
272 3735 301 3785 et
314 3729 484 3786 creditorem
498 3727 658 3800 exhiberet,
674 3741 710 3784 ne
724 3729 787 3799 elus
801 3729 931 3785 visitatio
946 3729 1019 3785 mihi
1076 3730 1132 3787 talc
1147 3728 1261 3788 lacinus
1278 3745 1343 3788 cam
1360 3730 1411 3787 lali
1432 3744 1563 3803 persona,
1580 3730 1631 3787 lali
1655 3730 1732 3800 loco,
1752 3727 1891 3788 admisisti.

193 3818 243 3874 dat
255 3818 367 3874 occasio
382 3817 447 3873 tldei
464 3814 663 3888 infringenda.
684 3817 735 3872 llis
748 3817 847 3890 dictis,
869 3818 1020 3889 pecuniam
1074 3819 1198 3877 Erubuit
1221 3819 1370 3892 clericus,
1392 3820 1594 3891 divertensque
1613 3818 1652 3876 ab
1673 3833 1708 3877 eo
1734 3819 1893 3877 sacerdotem

185 3905 292 3976 ,colligi
306 3909 335 3961 et
348 3906 382 3961 ad
398 3904 553 3974 hospitium
567 3903 649 3974 jubet
662 3905 819 3977 deportari,
836 3920 901 3964 cum
913 3921 977 3964 ecce
990 3908 1020 3964 in
1075 3914 1181 3980 evocat,
1206 3909 1236 3965 ln
1258 3914 1366 3979 partem
1388 3908 1505 3981 secedit,
1530 3907 1642 3964 crimen
1664 3921 1681 3965 a
1700 3909 1832 3967 damone
1847 3905 1893 3964 sibi

194 3995 290 4065 ipsius
302 3994 428 4051 ecclcsiae
440 3994 652 4054 introitaadest
664 3996 955 4066 improvisusiiiecui
967 3998 1022 4054 dc-
1075 3998 1229 4068 objectum,
1245 3999 1312 4055 etsi
1334 4011 1389 4070 qua
1404 3996 1477 4055 iortc
1496 3997 1664 4068 premebant
1685 3997 1893 4058 conscientiam.

194 4083 273 4141 bitor
299 4083 457 4140 tenebatur.
480 4085 558 4140 Tunc
582 4085 627 4140 vir
647 4085 788 4143 exclamat
812 4101 869 4158 prae
890 4086 1020 4160 gaudi03
1076 4088 1183 4159 spiritu
1196 4089 1321 4144 contrito
1335 4088 1462 4160 damnat,
1476 4100 1542 4144 voce
1556 4086 1663 4144 humili
1679 4085 1895 4157 condictoqu-

195 4172 366 4232 miraculum
387 4173 512 4243 cxplicat
528 4175 704 4245 ,Martinum
723 4176 851 4249 attollit,
865 4177 1021 4233 ilartinum
1075 4176 1154 4234 dicio
1165 4190 1195 4233 se
1205 4176 1361 4234 sacerdotis
1372 4175 1480 4249 subdit,
1494 4175 1725 4234 satisfactionem
1739 4177 1797 4235 sibi
1809 4177 1896 4246 inias-

194 4263 333 4321 inolamat
347 4281 355 4334 3
370 4263 487 4319 hiartioi
512 4262 582 4320 lacit
599 4264 696 4322 audiri
718 4265 874 4322 mirabilia.
899 4265 1021 4321 Tandem
1076 4271 1150 4323 ctam
1163 4269 1293 4338 prompta
1308 4264 1457 4321 alacritate
1470 4264 1666 4335 amplectitur.
1677 4265 1895 4339 sicqnetmdes

194 4353 332 4411 creditori
376 4352 556 4426 reconsignat
597 4354 758 4425 pecuniam.
797 4354 878 4411 Plebs
914 4354 1058 4431 urbanaD
1078 4354 1143 4412 ddei
1163 4355 1270 4411 virtute
1291 4353 1436 4411 animatus
1456 4353 1491 4409 ad
1509 4353 1680 4411 demoniaci
1703 4354 1897 4426 rediensprsr·

195 4442 344 4501 concurrit
368 4448 396 4498 et
422 4442 541 4513 rustica,
567 4442 644 4499 clero
673 4447 860 4514 preconante,
886 4449 1024 4516 praesente
1078 4444 1208 4502 sentiam.
1223 4445 1257 4500 Et
1271 4444 1373 4516 deme,
1388 4442 1575 4516 inquit,qnivl
1588 4442 1739 4502 dicistis
1752 4442 1895 4518 quantillo,

195 4534 351 4592 biarchisio
367 4532 454 4590 simul
469 4536 498 4588 et
513 4535 688 4602 protestante
710 4532 883 4591 miraculum
898 4534 1024 4606 exponi·
1078 4538 1111 4591 ut
1136 4548 1220 4591 suum
1245 4538 1316 4607 erat,
1342 4536 1438 4591 torvos
1464 4533 1615 4590 intendens
1642 4533 1758 4592 oculos.
1778 4536 1815 4592 lit
1835 4543 1897 4602 sapt

197 4626 255 4679 tur.
268 4622 377 4679 Christi
393 4621 495 4694 gloria,
512 4619 629 4676 llartini
643 4620 734 4692 pietas
750 4622 779 4679 io
794 4623 940 4680 communi
956 4624 1024 4682 lau·
1078 4623 1154 4680 huno
1164 4623 1288 4681 multum
1299 4627 1472 4694 respectans,
1486 4622 1605 4694 Recede,
1621 4623 1735 4695 inquit,
1747 4638 1764 4682 a
1775 4637 1828 4694 me
1839 4622 1897 4696 quis

198 4708 294 4766 datur.
1079 4713 1153 4769 nihil
1170 4718 1301 4770 nostrum
1317 4713 1347 4769 in
1368 4718 1395 4769 te
1416 4713 1536 4784 reperio.
1557 4712 1620 4784 Quo
1644 4712 1777 4772 clericus
1797 4713 1895 4779 audito,

234 4796 285 4853 Vir
300 4797 392 4869 igitur
406 4797 570 4870 praelarus,
587 4813 670 4871 quem
685 4804 713 4857 et
728 4800 893 4875 ingenuitas
907 4805 936 4859 et
947 4801 1025 4859 libe·
1077 4802 1184 4860 Christi
1196 4803 1316 4876 gloriam
1328 4807 1489 4876 sanctaeque
1496 4800 1838 4863 muressionisvirmtem
1847 4814 1897 4861 sus

199 4885 301 4944 ralitas
313 4885 478 4959 exornabat,
498 4892 527 4944 et
540 4888 657 4946 liartini
681 4896 837 4963 praerogata
858 4891 1025 4949 humanitas
1078 4892 1231 4967 praeterens
1249 4891 1426 4964 confusioni,
1446 4892 1617 4950 exclamavit
1635 4897 1662 4950 et
1679 4893 1779 4952 dixit.
1793 4892 1896 4964 hodite,

199 4977 235 5033 ad
258 4975 362 5032 melius
384 4976 533 5050 incitabat,
558 4992 705 5051 regressus
724 4981 759 5037 ad
782 4981 908 5053 propria,
931 4980 1023 5038 sancti
1078 4982 1185 5053 ildeles,
1196 4982 1344 5054 attendite,
1356 4981 1585 5054 populi‚quanta
1595 4982 1636 5039 sit
1648 4982 1718 5042 tidei
1730 4989 1835 5043 nostra
1845 4982 1898 5040 rir-

198 5064 346 5123 benetlciis
365 5066 440 5124 haud
461 5067 592 5140 ingratus
608 5069 730 5125 exstitit.
752 5071 856 5140 Nempe
875 5071 1023 5129 ecclesiam
1077 5079 1136 5145 tus,
1148 5086 1232 5144 quam
1246 5071 1428 5130 admirabilis
1440 5086 1583 5144 quamque
1592 5071 1695 5131 efficax
1705 5075 1749 5133 sit
1757 5073 1898 5135 mstssls

199 5156 230 5213 in
243 5155 349 5213 honore
358 5156 456 5212 domni
467 5157 583 5214 hlartini
594 5159 622 5214 in
635 5159 752 5229 proprio
762 5156 894 5216 fundavit
903 5160 1021 5233 allodio,
1077 5163 1125 5220 nis
1134 5162 1284 5219 indicibile
1293 5167 1511 5220 sacramentum.
1520 5162 1746 5223 hudistisenim
1754 5167 1896 5239 quterras

197 5259 317 5317 eamque
326 5246 362 5302 de
374 5245 500 5315 propriis
511 5247 673 5304 redditibus
683 5261 736 5304 sua
749 5248 946 5306 muniticentia
958 5264 1024 5306 am-
1077 5253 1203 5311 aderatis
1224 5265 1308 5323 quam
1331 5254 1428 5325 turpia
1449 5253 1521 5309 mihi
1548 5253 1764 5324 improperavit
1784 5257 1896 5324 denos.

200 5335 312 5407 pliavit,
329 5339 362 5392 ut
375 5341 517 5392 conventu
532 5336 737 5393 monachornm
751 5337 826 5393 inibi
840 5345 1021 5413 congregato,
1078 5342 1127 5414 qui
1150 5342 1226 5398 bunc
1248 5341 1392 5398 bominem
1413 5340 1537 5411 obsidet,
1555 5348 1584 5398 et
1598 5342 1705 5416 utiquc
1729 5359 1808 5405 vcra.
1828 5346 1897 5402 nuc

196 5431 226 5484 et
240 5426 357 5499 praelato
375 5424 419 5481 eis
441 5425 523 5482 Patre
548 5424 691 5481 abbatiam
713 5424 773 5483 iore
800 5427 829 5484 in
854 5436 1022 5501 perpetuum
1076 5441 1170 5488 autem
1187 5429 1463 5502 iactaconiessione,
1478 5431 1762 5494 etcriminumrcra
1775 5433 1897 5495 decordt

198 5517 397 5588 constitueret,
414 5515 444 5572 io
457 5527 513 5587 qua
526 5528 618 5587 usque
633 5515 719 5574 bodie
733 5515 763 5574 in
780 5517 915 5576 honorem
929 5520 980 5576 liei
995 5523 1023 5577 et
1076 5518 1337 5594 abrenuntiatione,
1352 5533 1417 5578 ecce
1429 5519 1505 5577 nihil
1518 5520 1550 5579 in
1563 5533 1607 5579 rse
1624 5536 1715 5602 mum
1733 5522 1895 5599 magnoni
