3876 6090
108 264 163 329 189
483 268 759 331 mmnchnrnno
786 269 911 330 srhobi
929 270 977 328 vn
1000 270 1235 330 subsannes-
1263 274 1365 332 ACTIO
1382 276 1451 332 vni.
1755 270 1808 334 ted

109 392 212 451 haam
228 395 357 468 gentium
378 409 428 468 per
445 396 592 455 Christum
614 399 837 469 redemptionem
851 396 974 460 valdeA
988 395 1088 453 sibilia
1120 395 1249 454 conferre
1280 401 1467 455 maturamus.
1492 397 1570 469 Saepe
1596 412 1718 471 namque
1738 415 1808 471 par-

109 483 179 541 bene
196 485 368 557 previdens,
388 490 417 543 et
435 500 535 544 eorum
551 486 601 559 qui
629 487 788 559 peripsum
803 486 932 545 salvandi
987 500 1039 543 vus
1064 487 1195 544 calculus
1216 487 1328 559 maguis
1349 487 1521 545 commissus
1536 487 1692 560 lapidibus,
1720 504 1807 561 quau-

109 578 190 630 eraut
205 574 423 632 multitudinem
437 576 931 649 uonignorane,utexperscuabei
988 580 1047 632 lum
1067 577 1096 633 iu
1123 591 1152 633 se
1176 575 1244 648 fult,
1271 577 1317 634 bis
1344 577 1573 635 immobilitatem
1596 592 1626 635 se
1650 579 1808 637 contulisse

109 659 218 719 alicubi
236 664 436 734 pronuntiavit
450 664 497 722 his
508 665 558 736 qui
570 679 619 736 per
629 665 744 738 singula
755 669 881 737 tempora
891 678 934 721 sa·
987 664 1144 721 simularit.
1160 664 1232 736 Quis
1245 669 1340 722 auum
1353 670 1449 724 noster
1461 667 1500 723 sit
1511 680 1614 740 sermq
1631 667 1661 724 in
1682 668 1807 726 medium

108 765 223 809 crorum
253 753 418 811 sortiuntur
444 755 663 825 praeposituram
689 754 821 826 ovilium,
845 754 930 810 haec:
988 752 1158 826 proferatur,
1174 768 1191 811 a
1210 754 1321 812 divinis
1338 755 1421 813 vobis
1435 757 1610 827 trapezitis·
1630 757 1809 832 benignitate

109 840 257 896 Ambulotc
267 857 319 912 per
339 847 434 912 portas
450 858 535 907 meas,
557 844 824 914 etducitepopolum
845 858 934 898 meam
987 842 1297 917 multadiscutlendus,
1309 845 1643 919 etdivinitusluspirata
1658 849 1807 922 scriptura

110 930 344 1000 etiapidesocic
351 933 479 1003 projicite
499 931 566 1001 (iso.
589 947 647 989 usu
669 933 802 1003 Quaenam
819 931 935 989 iutelli—
988 930 1161 1002 probandus.
1185 932 1209 989 0
1235 935 1430 992 sacratissima
1459 937 1556 1007 statio,
1583 952 1698 997 sursum
1722 945 1809 1012 atque

111 1024 219 1092 guntur
239 1024 337 1092 portae,
354 1021 412 1078 nisi
433 1022 578 1080 divinitus
598 1022 746 1094 inspirata
766 1022 932 1092 scripture,
987 1019 1120 1076 deorsum
1135 1020 1278 1079 homiuem
1292 1023 1328 1079 ad
1344 1024 1495 1097 imaginem
1511 1025 1562 1082 Dei
1578 1024 1684 1085 factum
1699 1031 1734 1086 ad
1761 1043 1810 1087 re-

110 1115 335 1181 sauctorumque
358 1110 559 1182 prophetarum
581 1111 688 1168 verba‘l
708 1111 776 1182 Quae
795 1111 934 1168 nimirum
988 1107 1158 1165 ctitudiuem
1174 1110 1276 1168 iterato
1286 1111 1406 1168 salvate:
1419 1117 1447 1170 et
1457 1113 1580 1172 reditum
1591 1115 1625 1172 ad
1641 1117 1810 1190 originalem

111 1198 192 1271 quasi
216 1200 355 1270 quasdam
380 1199 588 1257 intellectuales
603 1205 699 1272 portas
716 1200 934 1257 rationabilium
990 1196 1246 1272 pulchritudinem,
1263 1215 1326 1272 quae
1338 1215 1388 1273 per
1400 1200 1541 1259 incuriam
1554 1204 1668 1262 sublata
1680 1211 1732 1280 est,
1749 1223 1811 1265 rur

113 1294 241 1359 pastores
257 1287 397 1358 pecudum
412 1289 625 1360 interpretando
644 1289 816 1361 aperientes,
833 1289 876 1346 sic
888 1303 936 1346 eas
990 1300 1040 1344 sus
1052 1301 1102 1357 pcr
1113 1302 1210 1344 curam
1223 1289 1249 1345 ei
1266 1290 1431 1348 mereamini
1446 1287 1645 1369 [mercaminil.
1662 1297 1718 1353 lloc
1732 1297 1809 1353 enim

111 1378 142 1434 ad
154 1379 247 1434 latum
258 1381 394 1434 etserum
406 1378 681 1449 adducuutostium,
697 1378 832 1436 videlicet
842 1378 937 1435 Domi·
990 1375 1049 1433 sive
1064 1376 1276 1435 observationes
1291 1379 1425 1451 legalium
1441 1383 1650 1456 mandatorum,
1666 1385 1726 1442 sive
1741 1386 1815 1442 rela-

113 1480 177 1523 uum
199 1470 332 1523 nostrum
350 1467 443 1523 lesum
458 1466 615 1540 Christum,
631 1468 681 1539 qui
697 1482 761 1524 sere
775 1469 810 1525 ad
825 1469 935 1525 Patrem
990 1465 1084 1522 tiones
1095 1466 1254 1539 bominum,
1266 1468 1316 1539 qui
1332 1482 1409 1526 more
1423 1470 1551 1528 historiae
1565 1472 1636 1530 hene
1647 1474 1766 1532 aliterve
1779 1474 1810 1532 iu

114 1554 195 1612 uobis
220 1554 373 1613 factusesl
396 1556 513 1627 ostium,
538 1556 775 1627 quemadmodum
802 1557 864 1628 ipse
882 1557 935 1629 ait,
990 1554 1094 1612 seculo
1108 1556 1267 1612 conversati
1286 1561 1364 1629 sunt,
1387 1557 1446 1615 sine
1459 1572 1539 1616 sacra
1559 1561 1732 1632 psalmorum
1748 1563 1813 1620 slo-

114 1645 178 1716 qnia
193 1643 541 1715 huosomossiumpoan.
557 1643 596 1718 x.)
613 1647 698 1703 Porro
713 1645 824 1716 lapides
838 1647 888 1718 qul
905 1646 936 1703 in
990 1642 1068 1713 quia,
1103 1642 1162 1701 sive
1188 1645 1380 1716 proverbiales
1401 1646 1540 1704 doctrinae
1565 1650 1699 1707 moralem
1726 1651 1811 1709 nohis

114 1733 288 1804 niaprojecti
298 1737 375 1805 sunt,
385 1733 518 1791 scandala
528 1732 677 1792 fortesunt
689 1735 828 1792 haeretica
838 1733 937 1793 factio-
950 1726 977 1790 Β
991 1736 1138 1789 narrantes
1151 1733 1373 1808 philosophiam,
1390 1737 1568 1807 permultam
1583 1740 1811 1798 sollicitudinem

116 1820 353 1894 uis,quaescluti
369 1822 485 1893 quidam
502 1821 612 1894 lapides
627 1823 692 1880 hdei
709 1828 813 1880 nostrae
827 1825 936 1881 semitae
990 1825 1192 1890 exposueruut.
1214 1821 1266 1877 Sed
1294 1823 1474 1893 impossibile
1499 1830 1559 1882 erat
1592 1825 1676 1884 facile
1702 1827 1810 1899 lapsam

115 1910 256 1981 apposita,
279 1910 398 1981 eosqui
420 1912 454 1967 ad
476 1910 619 1970 christun
652 1912 702 1983 qui
717 1925 782 1969 sera
809 1917 853 1970 est
878 1913 935 1986 via,
992 1913 1161 1980 peccatoque
1176 1909 1346 1966 submissam
1358 1916 1490 1969 naturam
1506 1917 1631 1970 nostram
1648 1915 1678 1971 in
1691 1916 1813 1973 scanti-

116 2012 268 2070 prcperare
280 1999 391 2070 volunt,
406 2000 493 2072 impie
508 2000 647 2072 impedire
662 2007 824 2074 procurant,
842 2018 859 2074 q
881 2016 939 2059 an·
991 1995 1170 2070 quiesimam,
1180 2011 1214 2054 er
1229 2013 1286 2069 qna
1300 1999 1406 2055 cecidit
1419 2001 1450 2057 in
1465 2000 1564 2073 Adam,
1579 2003 1705 2073 recipere
1717 2004 1814 2077 digni·

116 2095 171 2146 sun
185 2088 217 2145 nn
233 2102 267 2145 se
279 2093 332 2160 en,
350 2089 459 2146 furens
482 2090 586 2148 sanum
601 2091 734 2149 claudere
756 2091 934 2150 testinantes.
991 2087 1086 2140 uem.
1102 2084 1170 2155 quae
1183 2086 1317 2143 videlicet
1333 2088 1429 2157 ponnus
1443 2090 1524 2160 eguit
1541 2089 1599 2146 ana
1619 2091 1742 2162 quadam
1760 2106 1813 2149 ro-

117 2177 285 2249 ilus-susque
305 2177 352 2234 via
374 2176 433 2234 buu
446 2179 586 2236 Dumiuus
610 2179 711 2250 utique
740 2185 836 2238 noster
856 2183 938 2238 susus
992 2171 1076 2229 busta
1085 2178 1113 2230 et
1127 2174 1467 2247 inexpugnabiliffmeliori
1478 2177 1594 2249 virtute,
1611 2193 1673 2250 quae
1691 2179 1770 2236 illam
1780 2194 1816 2237 ex

117 2265 248 2322 christum
261 2265 427 2338 coniicitur,
443 2267 592 2339 sicutipse
605 2267 656 2339 ait,
674 2269 742 2339 quia
755 2271 813 2338 spo
825 2285 885 2324 som
894 2271 940 2324 cia
995 2261 1108 2320 infirme
1121 2262 1250 2320 ulcerum
1264 2263 1320 2320 sibi
1335 2266 1513 2338 turgentium
1526 2267 1671 2338 proposito
1691 2273 1815 2339 sanaret,

118 2356 203 2425 (loon.
221 2354 293 2426 xrs).
310 2356 513 2413 llaereticorum
534 2370 601 2429 ergo
615 2357 771 2428 scandalis,
786 2371 819 2414 ac
833 2359 859 2414 si
877 2359 941 2430 qui·
994 2355 1022 2407 ct
1036 2352 1071 2408 ad
1088 2351 1276 2409 robustiorem
1288 2353 1555 2412 valetudinemcum
1569 2357 1690 2427 quodam
1701 2356 1816 2416 liberali

118 2441 235 2500 busdam
244 2443 404 2515 lapidibus,
414 2445 592 2503 sacerdotum
602 2446 782 2518 peritissimi,
793 2447 941 2519 ingeniose
994 2444 1146 2512 augmento
1161 2441 1318 2498 reduceret.
1339 2445 1397 2499 llos
1413 2444 1505 2516 igitur
1518 2459 1584 2501 cum
1606 2445 1694 2502 sciret
1716 2446 1816 2505 divino

119 2532 186 2589 satis
199 2536 230 2589 et
243 2531 404 2590 artificiose
418 2534 536 2592 ductore
549 2535 663 2605 Spiritu
676 2549 694 2592 a
714 2536 761 2592 ria
787 2542 894 2608 nostra,
911 2536 940 2593 id
993 2529 1106 2602 Spiritu
1121 2534 1215 2588 motus
1230 2532 1433 2602 prophetarum
1450 2534 1565 2606 chorus,
1588 2533 1660 2591 alibi
1676 2534 1817 2607 aliterque

120 2623 158 2677 est
170 2620 240 2678 hdel
257 2621 370 2678 ratione
380 2623 520 2696 purgatis,
537 2637 592 2681 nou
605 2624 698 2682 solum
714 2624 766 2681 hos
780 2630 879 2682 contra
898 2638 942 2681 ca·
996 2618 1097 2676 talium
1109 2618 1136 2675 ei
1153 2618 1292 2676 honorum
1309 2620 1411 2677 nuntia
1424 2622 1555 2694 protulit,
1576 2623 1606 2679 iu
1626 2637 1679 2680 suo
1693 2629 1818 2695 tempore

121 2710 174 2780 pila
183 2710 428 2782 eorumquiillos
443 2713 580 2783 jecerant,
595 2713 832 2786 mittunt,verum
854 2714 940 2771 etiam
995 2706 1196 2779 unusquisque
1224 2703 1391 2780 praedicens,
1420 2711 1679 2782 consempiternum
1704 2716 1732 2769 et
1755 2726 1822 2771 cou-

121 2797 168 2856 hoc
183 2799 271 2856 modo
284 2799 415 2855 semitam
429 2815 492 2872 quae
503 2802 585 2858 ducit
597 2803 632 2858 ad
648 2802 723 2860 viam
740 2799 817 2876 [sort.
829 2799 940 2879 vitani,
996 2795 1215 2853 substantialem
1226 2796 1277 2853 Dei
1297 2797 1391 2854 l’atris
1404 2797 1510 2855 silium
1528 2805 1556 2856 ct
1568 2799 1690 2859 Verbum
1704 2800 1820 2859 divitiis

122 2887 258 2959 subjectis
270 2887 405 2959 plebibus
415 2887 528 2946 facilem
540 2894 569 2946 et
580 2891 678 2947 tritam
693 2890 840 2962 efhciuut3
857 2892 944 2950 itaut
997 2883 1137 2941 bonitatis
1151 2899 1212 2941 ⁸11ae
1225 2885 1261 2942 td
1277 2890 1404 2942 nostram
1425 2888 1633 2945 extremitatem
1649 2888 1819 2964 proiectum,

123 2977 230 3047 mustus
243 2989 345 3047 sapere
356 2989 392 3033 ac
401 2976 517 3034 dicere:
544 2978 648 3034 Anima
659 2983 752 3036 nostru
767 2982 837 3036 uiuus
845 2995 944 3052 passer
999 2977 1124 3029 nostram
1137 2972 1257 3044 perfecte
1268 2974 1400 3032 induisse
1408 2980 1550 3049 naturam,
1560 2981 1588 3034 ct
1596 2977 1822 3037 hancinrislbili

123 3070 208 3138 κηρία
222 3070 265 3121 ese
276 3065 311 3120 de
326 3065 421 3136 lupum
432 3069 600 3123 venantium.
614 3070 739 3139 Laqueus
751 3071 883 3125 consuetus
893 3073 942 3134 uus,
958 3062 982 3126 c
997 3061 1088 3133 etqui
1105 3061 1168 3118 siue
1181 3063 1299 3119 materia
1309 3070 1361 3137 est,
1378 3063 1444 3137 igue
1457 3065 1621 3123 divinitatis
1635 3081 1695 3124 suae
1707 3069 1738 3126 in
1750 3070 1825 3127 auti·

123 3155 330 3211 anceliherati
341 3170 443 3211 samus.
457 3155 638 3226 Adjutm'ttm
656 3163 779 3214 nocuum
790 3160 821 3213 in
835 3160 944 3213 nomiae
998 3151 1137 3222 quitatem
1160 3152 1338 3210 reformasse.
1358 3153 1444 3213 Alius
1460 3155 1575 3227 quidem
1592 3157 1743 3229 innuptam
1758 3173 1825 3217 cou-

124 3242 228 3300 ΒΜ·
240 3243 330 3315 (Paul.
343 3244 452 3317 marri).
469 3245 510 3301 En
526 3245 749 3318 igilurdiviuus
763 3246 942 3305 sacerdotum
997 3240 1156 3311 ceptionem
1178 3246 1205 3298 et
1227 3241 1441 3300 immaculatum
1457 3258 1491 3300 ac
1514 3244 1682 3318 virginalem
1710 3254 1823 3319 partum

125 3336 279 3390 marcatus
299 3332 515 3391 Dominicorum
529 3334 727 3395 mandatorum
752 3349 869 3407 sequax,
886 3335 943 3391 huc
998 3329 1329 3402 predicans3aliusrero
1340 3335 1516 3402 potentatum
1527 3328 1608 3406 [forte
1616 3337 1825 3415 potentatuum]

126 3421 154 3478 sd
164 3420 333 3480 uenerabile
343 3422 570 3493 dispensationis
583 3424 691 3482 Christi
707 3423 875 3496 mysterium
891 3437 945 3495 pa-
999 3418 1206 3490 omnimodum,
1216 3418 1468 3492 exterminium,et
1478 3421 1708 3480 imminutionem
1719 3439 1824 3496 praera-

127 3510 212 3568 teruis
218 3509 366 3568 doctrinis
374 3511 565 3570 ordinandum
575 3517 604 3569 el
613 3513 819 3572 enucleandum
829 3526 947 3570 concur-
1002 3507 1154 3565 nicationis
1169 3521 1231 3581 quae
1248 3507 1378 3565 obtinuit
1391 3507 1427 3565 ab
1440 3506 1540 3581 hdam,
1555 3514 1585 3566 et
1599 3510 1629 3567 iu
1643 3510 1733 3569 Adam
1748 3511 1822 3572 facta

128 3599 168 3656 rit
181 3602 248 3661 Nou
263 3600 349 3672 quasi
361 3600 414 3658 hoc
426 3600 521 3672 ipsum
533 3603 656 3673 primum
669 3603 802 3674 plebibus
814 3603 950 3675 ppaediuu-
1002 3600 1152 3669 estusque
1175 3597 1210 3653 ad
1224 3596 1324 3670 legem
1340 3601 1426 3669 atque
1443 3597 1581 3656 diabolici
1604 3601 1691 3658 simul
1713 3603 1823 3661 delicti.

129 3690 226 3754 unni,
241 3703 310 3747 cum
327 3694 394 3747 aute
412 3691 592 3764 octingentos
609 3689 696 3749 ferme
716 3705 807 3750 annos
828 3692 858 3749 in
881 3691 950 3749 orbe
1003 3684 1085 3743 hlius
1100 3689 1195 3743 autem
1208 3686 1334 3756 ejusdem
1348 3687 1682 3762 mauaeacdaenonum,
1696 3693 1827 3764 quicum

131 3778 182 3835 toto
196 3776 291 3836 fuerit
309 3777 512 3849 predicatum:
528 3780 576 3837 sed
599 3779 674 3852 quod
692 3784 802 3839 tantum
824 3781 951 3838 saluuue
1005 3788 1037 3832 eo
1052 3778 1188 3846 apostate
1198 3773 1266 3832 facti
1280 3779 1357 3846 sunt,
1369 3775 1515 3833 exitialem
1536 3776 1649 3836 ruinam
1665 3779 1766 3839 afacie
1778 3797 1826 3855 ap

133 3867 293 3939 consilium,
305 3867 381 3939 quod
396 3882 445 3939 per
458 3882 523 3927 eum
536 3873 765 3927 consummatum
777 3875 831 3942 est,
844 3871 951 3928 divine
1006 3864 1202 3937 parentishei,
1212 3869 1297 3937 atque
1307 3865 1560 3936 incomparabilem
1573 3869 1731 3940 gratiarum
1741 3872 1830 3931 actio·

72 3956 74 3967 '
134 3953 282 4028 Scripturas
311 3956 598 4029 interpretationibus
630 3957 811 4016 lucidissime
836 3961 951 4032 populis
1007 3965 1070 4008 ilem
1085 3952 1266 4024 Redemptori
1288 3951 1491 4010 aititssdiffla
1512 3955 1596 4012 ¹¹⁰b¹⁸
1618 3958 1667 4029 qui
1690 3960 1829 4033 redempti

136 4044 348 4116 adaperuerunt,
362 4051 390 4103 ct
400 4045 549 4104 haereticos
558 4046 594 4104 ab
605 4047 668 4118 ipso
681 4050 771 4120 petris
781 4049 882 4106 allisos
895 4049 952 4121 spi·
1006 4054 1117 4113 sumus,
1131 4055 1218 4112 super
1228 4040 1402 4114 largissimis
1412 4041 1496 4099 bouis
1507 4057 1569 4117 quae
1580 4044 1609 4100 in
1620 4045 1703 4104 nobis
1718 4053 1830 4119 patrata

138 4133 261 4193 musaeu
270 4139 397 4193 stercora
408 4131 511 4210 [patris
522 4136 623 4194 allisos
631 4137 753 4211 Spiritu,
765 4152 817 4196 ceu
827 4144 953 4198 stercora
1007 4135 1084 4188 sunt.
1094 4130 1144 4187 Ast
1153 4130 1231 4188 alius
1239 4130 1429 4187 voluntariam
1442 4130 1583 4189 incarnati
1592 4134 1642 4190 Dei
1656 4137 1828 4212 passionem,

140 4222 208 4281 uide
220 4238 349 4297 congrue
358 4223 567 4301 reputaverint]
579 4226 661 4283 valde
672 4241 829 4301 congruere
841 4235 954 4301 putave-
1006 4225 1035 4279 et
1048 4222 1077 4277 in
1095 4218 1240 4277 infernum
1257 4219 1481 4294 descensionem,
1498 4225 1526 4278 et
1542 4237 1644 4280 rursus
1660 4239 1694 4282 er
1718 4225 1831 4285 inferno

142 4311 190 4370 clut
203 4309 279 4388 [sort.
292 4314 422 4385 stercori,
437 4316 480 4370 sel
490 4329 542 4372 ceu
554 4313 706 4391 stercora].
720 4319 864 4376 Noverunt
875 4319 951 4376 euim
1007 4310 1135 4368 validum
1151 4308 1352 4366 reditumcum
1365 4308 1530 4384 animabus,
1540 4312 1831 4383 qusinevitabilibus

144 4404 325 4476 propheticam
340 4417 435 4461 rocem
450 4405 506 4462 sibi
521 4406 603 4477 quasi
615 4420 650 4462 cu
664 4419 784 4477 persona
797 4409 848 4464 Dei
863 4410 949 4466 eclam
964 4403 992 4465 D
1009 4400 1070 4458 illis
1080 4398 1206 4456 vinculis
1214 4398 1391 4455 tenebantur.
1408 4398 1492 4457 Alius
1503 4414 1568 4457 vero
1584 4401 1740 4474 gloriosum
1758 4419 1833 4463 auo-

145 4488 169 4548 iu
186 4493 239 4551 hos
257 4493 445 4551 clamantem:
470 4495 637 4559 Sacerdotes,
660 4496 754 4552 audite
774 4502 800 4552 et
815 4502 953 4554 contectae
1008 4490 1054 4546 his
1068 4489 1103 4545 ad
1126 4489 1236 4544 Patrem
1257 4487 1354 4559 quiin
1382 4489 1464 4546 eoelis
1485 4494 1537 4563 est,
1553 4504 1729 4564 regressum,
1745 4499 1773 4551 et
1794 4496 1829 4553 ad

146 4583 202 4638 sicu
219 4583 313 4638 domm
332 4583 419 4639 lsrael
433 4583 536 4654 (Amos.
553 4584 601 4658 vr),
628 4584 703 4642 haud
732 4586 854 4643 dubium
882 4588 953 4659 quin
1007 4577 1101 4635 Patris
1114 4577 1258 4633 dexteram
1273 4577 1447 4634 sessionem:
1464 4578 1646 4638 aliusautem
1661 4582 1836 4642 descendeu-

148 4671 267 4740 spiritali.
278 4672 392 4744 Quibus
402 4676 430 4729 et
443 4686 495 4730 uos
505 4687 619 4746 quoque
628 4680 840 4748 concurrentes,
855 4681 954 4748 utpote
1008 4670 1063 4724 tem
1078 4666 1113 4723 de
1127 4665 1198 4722 coelo
1213 4665 1296 4722 nobis
1308 4666 1454 4740 collatum,
1473 4668 1565 4740 quiin
1581 4669 1664 4728 illum
1679 4672 1835 4734 credimus·

150 4761 211 4829 quod
225 4763 255 4820 in
268 4761 342 4834 ipsis
356 4766 400 4819 est
415 4763 522 4834 pariter
534 4762 700 4832 sentientes,
718 4764 869 4836 splendido
886 4766 955 4823 huic
1009 4762 1080 4840 [dm
1096 4754 1206 4836 ἄφθονον
1221 4764 1252 4818 id
1263 4767 1312 4835 eat,
1324 4763 1483 4841 copiosum]
1499 4766 1562 4823 sine
1578 4766 1696 4841 invidia,
1709 4769 1836 4843 Spiritus

150 4845 221 4908 horo
232 4851 478 4924 congratulamur,
490 4855 519 4908 et
534 4865 591 4924 prae
605 4851 750 4910 desiderio
765 4854 869 4910 mentis
885 4868 958 4926 pen-
1011 4855 1162 4911 adventum
1174 4869 1182 4923 3
1195 4856 1226 4908 at
1238 4850 1268 4907 in
1284 4865 1382 4909 omues
1392 4858 1490 4927 gentes
1504 4855 1673 4929 evangelicae
1692 4861 1837 4930 praedica-

151 4949 200 4996 rau
212 4946 365 5013 moventes,
379 4940 455 5013 quod
467 4941 605 5013 possibile
617 4941 838 5000 esteiconferre
850 4944 959 5018 satagi·
1014 4942 1104 5001 tionis
1115 4942 1269 4999 circuitum
1286 4941 1511 5000 velocissimum:
1523 4950 1552 5002 et
1566 4949 1640 5017 quod
1655 4947 1837 5011 hincfactum

151 5039 208 5102 uus,
217 5029 351 5088 etrerhis
360 5035 473 5102 tempus
485 5031 655 5088 decentibus
669 5045 793 5103 praesens
805 5032 960 5091 celebrares
1016 5039 1059 5090 est
1071 5047 1120 5104 per
1129 5032 1225 5089 orbem
1235 5036 1376 5089 terrarum
1385 5032 1528 5090 idolorum
1539 5035 1736 5096 omnimodum
1747 5046 1837 5099 exter·

152 5119 384 5189 apmcouiorum
396 5120 449 5178 hoe
459 5120 581 5178 foribus
591 5134 730 5179 coronare
741 5124 892 5181 studemus
902 5137 964 5195 spe·
1017 5121 1150 5193 minium,
1160 5136 1210 5192 per
1219 5121 1354 5180 mundam
1365 5122 1553 5180 reversionem
1563 5126 1597 5182 ad
1610 5132 1735 5185 uuumet
1744 5129 1838 5187 solum

153 5208 298 5267 cttculum:
324 5209 402 5267 nihil
425 5209 502 5266 enim
523 5210 673 5281 prohihet;
699 5210 767 5269 licet
787 5212 823 5269 ad
849 5212 877 5270 id
894 5227 963 5284 per-
1017 5226 1114 5271 verum
1136 5213 1225 5269 Deum
1251 5217 1379 5270 nostrum
1403 5211 1541 5287 effectam,
1563 5221 1650 5288 atque
1676 5217 1840 5288 impraeter-

153 5289 208 5355 itttc
237 5313 296 5371 prae
321 5298 419 5369 iuopia
444 5296 576 5356 fortassis
604 5304 633 5357 ct
661 5298 832 5358 infirmitate
858 5315 960 5359 sensus
1018 5302 1134 5359 missam
1150 5307 1178 5358 et
1190 5303 1287 5375 jugem
1303 5302 1428 5374 latriam,
1445 5318 1508 5375 quae
1521 5304 1567 5361 illi
1582 5306 1694 5362 anobis
1704 5320 1754 5378 per
1766 5306 1839 5364 uni-

154 5387 295 5461 ltttlugere
308 5400 492 5460 nequeamus,
513 5403 576 5460 quae
590 5392 684 5445 umen
704 5389 787 5447 uobis
802 5395 870 5449 sunl
885 5405 955 5461 pos-
1015 5404 1124 5447 versam
1140 5395 1243 5447 terram
1257 5391 1485 5462 intelligibiliter
1498 5400 1527 5450 et
1538 5385 1712 5464 spiritaliter
1726 5392 1848 5459 exhibe,

177 5486 354 5573 ⁸hierbls,
382 5486 509 5558 Domini,
536 5501 600 5561 quae
625 5487 753 5547 citamur
784 5502 801 5546 a
827 5489 949 5547 vetustis
973 5488 1117 5561 Patribus,
1143 5502 1194 5546 nec
1217 5494 1286 5547 sunt
1310 5488 1386 5563 apud
1414 5490 1622 5564 evangelistas:
1647 5492 1739 5548 Estote
1760 5489 1842 5559 proti

72 5596 83 5613 ,
150 5556 282 5627 ments.

334 5658 453 5717 Pamph.
474 5656 602 5716 cxxix.
1684 5654 1718 5713 ld
