3876 6090
112 215 161 274 tal

730 216 908 275 anastasii
934 211 1202 271 bibilolllncaltn

1766 217 1819 276 732

111 339 149 394 At
162 352 227 396 vero
237 342 264 394 et
276 339 436 409 apostolum
449 341 742 411 irreprehensibiliter
756 341 932 405 collaudare,
949 338 979 398 A
991 352 1053 393 sera
1064 339 1193 409 linguam
1208 352 1296 393 meam
1311 343 1429 409 mamm,
1443 340 1479 395 da
1492 338 1564 395 mihi
1579 340 1732 395 materiam
1744 355 1817 410 prar-

113 431 235 499 quante,
254 433 346 498 putas,
366 442 426 484 esse
445 432 550 498 poterit
564 431 649 486 etiam
668 431 827 502 insignium
840 429 936 499 magi-

113 520 236 571 strorum
255 517 415 586 industrie,
437 519 550 574 scilicet
566 533 649 589 quern
669 518 793 588 spiritus
813 516 847 571 ad
863 530 936 571 con-

112 605 323 674 temptationem
335 605 506 661 laudibuset
518 606 800 663 modulatisvocibus
810 602 936 660 extulitl

111 693 200 762 Cujus
218 694 294 749 enim
313 708 401 750 sonus
418 696 446 750 in
461 709 571 751 omnem
592 699 695 750 terram
709 695 808 757 exivit,
824 698 855 748 nt
870 705 936 747 ver-

112 782 213 838 borum
226 783 333 838 virtute
349 783 419 838 lines
439 785 586 840 ordinaret
600 784 689 854 orbis,
704 786 815 853 oportet
835 782 936 851 utique

113 874 145 925 ut
160 875 187 924 ει
201 870 263 925 laus
275 872 336 939 ejus
349 885 382 925 ex
399 885 481 942 equo
499 872 679 943 intelligatur
691 878 718 927 et
733 870 856 927 bdeliter
867 883 937 939 pro—

112 957 221 1015 feratur
231 978 236 1014 :
247 965 274 1014 et
287 961 320 1015 ad
334 960 392 1014 hec
405 959 471 1030 quis
483 965 539 1014 tam
555 961 688 1030 idonens,
703 960 769 1029 quis
780 958 934 1026 sufficiens,

113 1048 180 1118 quis
196 1048 355 1103 robustus‘.l
368 1049 570 1117 Numquidnam
589 1048 656 1117 qnia
681 1060 730 1101 nec
750 1048 861 1114 Petrus,
885 1059 936 1101 nec

111 1137 232 1191 loannes
248 1142 290 1190 est
302 1134 419 1190 divinus
437 1135 669 1205 Bartholomaeus,
689 1135 798 1190 idcirco
814 1134 936 1202 paucio-

114 1224 195 1279 ribns
208 1227 250 1278 est
265 1222 445 1278 sermonibus
460 1223 669 1292 predicandus.
686 1228 714 1278 ει
728 1222 809 1292 qnasi
829 1221 936 1276 nonsit

114 1311 196 1366 multi
212 1311 356 1379 precanti,
376 1311 474 1365 minus
486 1310 599 1381 aliquid
616 1309 937 1379 efferendusihposto-

990 426 1141 481 conlatae
1153 427 1362 496 magnitudinis
1377 428 1540 496 enarrandi,
1556 441 1612 483 nou
1627 433 1659 483 ut
1674 429 1736 497 ipse
1751 443 1816 498 pro-

991 512 1071 568 iiclas
1082 514 1205 584 aliquid,
1219 515 1325 570 babens
1337 516 1513 571 intrinsecus
1526 516 1742 572 beatitudinum
1756 517 1816 586 ple-

991 602 1162 671 nitudinem,
1172 604 1219 657 sed
1231 608 1262 657 ut
1271 605 1816 673 quoquomododeclareturamorcirca

990 696 1018 745 to
1034 690 1176 746 divinitus
1196 693 1424 761 predestinatus,
1444 699 1476 748 ut
1495 698 1523 748 et
1541 708 1592 766 ego
1614 695 1815 763 pauperrimus

990 793 1061 847 puer
1076 783 1144 835 tuus
1160 781 1286 849 paternis
1300 781 1483 837 orationibus
1498 780 1578 836 fruar
1594 782 1624 836 in
1640 782 1726 837 laude
1741 783 1815 838 celo-

991 866 1107 923 britatis
1128 874 1192 924 tue.
1209 871 1271 924 Non
1290 869 1367 926 enim
1383 870 1489 939 poterit
1507 870 1571 925 sine
1593 871 1814 940 participatione

992 956 1218 1012 illuminationis
1234 971 1407 1029 permanere,
1425 959 1474 1028 qui
1490 959 1524 1013 ad
1541 958 1723 1028 splendorem
1742 960 1813 1015 radii

991 1045 1062 1101 solis
1081 1047 1233 1101 accesserit
1251 1047 1294 1101 vel
1313 1047 1439 1116 pupillas
1455 1047 1586 1102 erexerit.

1026 1134 1109 1190 Alius
1126 1135 1216 1205 igitur
1230 1136 1424 1205 apostolorum
1437 1136 1493 1204 hic,
1505 1136 1582 1190 alius
1594 1149 1662 1190 vero
1674 1134 1746 1190 alibi
1759 1151 1822 1206 per-

991 1222 1068 1291 cepit
1083 1227 1189 1291 partem
1205 1223 1285 1278 orbis
1300 1224 1330 1278 in
1347 1223 1548 1292 predicatione
1563 1224 1743 1295 cognitionis
1755 1226 1815 1295 bei,

991 1316 1019 1367 ει
1031 1325 1128 1366 omnes
1144 1312 1358 1369 universitatem
1372 1312 1429 1366 sibi
1442 1313 1646 1381 dispertientes
1658 1332 1667 1377 ς
1684 1315 1843 1381 predica—

113 1399 172 1455 lum
194 1400 300 1455 Christi
321 1399 409 1455 andis
426 1414 459 1454 ex
473 1403 543 1469 toto,
563 1405 591 1454 et
607 1413 662 1455 non
679 1400 859 1469 pertimescis
871 1413 936 1454 eum
992 1405 1067 1455 tores
1083 1400 1167 1471 Regis
1185 1414 1282 1471 regum
1295 1401 1403 1455 Christi
1413 1401 1564 1456 constituti
1574 1401 1851 1456 sunt:Constitnas=

115 1488 163 1558 qui
188 1489 268 1543 misit
290 1488 523 1543 illumirestem
543 1489 675 1543 veritalis
695 1501 782 1543 sensu
801 1488 890 1557 cupiS,
908 1491 936 1542 ei
989 1490 1065 1544 euim
1094 1505 1136 1543 eos
1168 1491 1307 1558 principes
1342 1504 1551 1558 superemmens
1585 1494 1689 1542 terrem
1730 1489 1833 1559 (Psel-

114 1591 169 1632 non
188 1577 303 1632 miraris
317 1591 381 1631 euru
403 1577 452 1647 qui
473 1584 513 1631 est
530 1577 616 1648 digne
636 1577 892 1646 canenduleuin
908 1581 936 1631 et
990 1593 1067 1649 xcxv,
1096 1575 1148 1647 li),
1173 1579 1322 1647 Scriptura
1350 1578 1557 1647 pronuntiavit.
1580 1578 1614 1632 bi
1643 1583 1740 1634 autem
1768 1581 1855 1650 qui

114 1665 137 1720 si
151 1665 305 1720 multorum
320 1680 395 1720 unus
409 1670 479 1735 erat,
498 1664 572 1719 nulli
586 1672 679 1719 tamen
701 1663 873 1720 famulorum
885 1664 934 1718 Dei
951 1659 974 1717 B
992 1680 1067 1721 narnc
1082 1665 1187 1720 celebri
1204 1665 1278 1721 lama
1295 1666 1430 1721 laudatur
1444 1680 1505 1720 sors
1520 1670 1548 1720 et
1564 1665 1659 1734 portio
1674 1667 1855 1723 Armenia

115 1754 219 1809 minori
233 1753 316 1809 laude
328 1753 545 1823 comparandus.
562 1753 603 1808 hu
616 1754 683 1822 quia
699 1758 742 1807 est
754 1753 846 1807 divini
859 1753 937 1807 duo·
992 1756 1082 1824 locus,
1095 1756 1144 1824 qui
1160 1760 1202 1809 est
1216 1755 1252 1809 ab
1266 1755 1377 1810 Evilatb
1394 1768 1484 1824 usque
1499 1755 1640 1825 Gabaoth,
1652 1758 1682 1810 et
1695 1755 1725 1810 in
1740 1757 1855 1811 mul—-

113 1842 224 1898 denarii
237 1843 347 1897 narmeri
362 1840 636 1896 rrredinsibstenim
650 1845 678 1896 et
692 1841 738 1896 hic
751 1840 935 1908 duodenarii,
990 1843 1030 1898 tis
1045 1843 1178 1914 gentibus
1193 1847 1221 1897 et
1236 1842 1404 1898 civitatibus
1419 1846 1462 1897 est
1475 1842 1664 1898 distributus.
1682 1844 1740 1898 Iste
1752 1856 1855 1914 erge·

105 1932 144 1986 in
160 1932 273 1986 senario
290 1931 436 1999 medietas,
455 1931 531 1985 sicut
545 1930 575 1985 in
596 1930 714 1985 citharae
730 1929 879 1984 harmonia
892 1929 937 1983 si·-

114 2019 203 2088 milis,
224 2033 336 2090 equum
356 2025 383 2074 et
403 2019 439 2074 ab
464 2026 585 2089 utraque
608 2024 687 2088 parte
709 2031 809 2073 sonum
831 2018 937 2072 divine

114 2107 364 2163 sermocinationis
383 2108 508 2163 similem
532 2109 612 2163 dans.
636 2107 673 2162 ht
686 2121 752 2162 vero
768 2106 793 2161 si
811 2106 938 2162 volueris

114 2199 145 2252 ut
169 2195 199 2250 in
223 2196 381 2264 apostolico
403 2197 513 2265 ordine,
538 2196 614 2252 sicut
637 2196 666 2251 in
689 2195 807 2250 annuali
828 2194 937 2251 circulo

114 2284 401 2354 uniuscuiuscunque
428 2285 544 2355 mensis,
568 2298 602 2339 ex
624 2297 705 2355 equo
732 2282 816 2338 utilis
840 2284 938 2339 omni-

114 2373 207 2429 modis
223 2371 387 2428 couleratur
402 2387 548 2442 numerus,
560 2377 588 2428 et
601 2372 716 2441 propria
731 2374 804 2427 alter
814 2370 936 2428 alterius

114 2461 274 2531 quantitate
297 2462 483 2531 etqualitate
507 2474 587 2516 suam
609 2460 710 2516 babeat
731 2460 933 2532 differentiam,

114 2565 170 2607 non
185 2551 268 2619 plane
286 2552 369 2607 nobis
383 2552 408 2607 is
424 2553 474 2622 qui
490 2552 625 2607 laudatur
644 2552 777 2622 exiguus,
791 2551 838 2607 sed
852 2556 879 2606 ει
895 2552 937 2606 ni·

114 2638 169 2694 mis
178 2637 313 2694 sublimis
323 2639 429 2694 virtute
441 2639 568 2708 Spiritus
577 2639 735 2709 apparebit,
748 2638 854 2694 hahens
865 2637 934 2709 quid

115 2727 144 2783 in
158 2728 218 2797 ipsa
231 2727 435 2797 supputatione
447 2728 597 2797 mysticum
608 2729 658 2782 Dei
672 2727 824 2783 verborum
836 2731 935 2796 typum

114 2816 270 2873 secundum
286 2816 497 2872 arithmeticam
510 2820 609 2892 artem.
621 2817 706 2872 Solus
715 2816 790 2871 enim
804 2815 936 2871 senarius

114 2918 252 2961 numerus
266 2918 285 2962 a
300 2905 392 2975 prima
415 2905 533 2960 monade
553 2903 696 2974 perlectus
722 2905 853 2975 partibus
874 2903 937 2960 suis

112 2992 259 3062 complens
277 2993 312 3049 ex
335 2992 381 3048 his
407 2991 478 3063 ipsis
509 2994 687 3049 medietatem
716 2993 831 3063 quidem
856 2975 974 3048 suaruC

114 3096 177 3151 que
190 3086 233 3137 est
252 3082 318 3150 tria,
339 3082 453 3137 tertiam
473 3096 537 3138 vero
558 3089 665 3152 partem
684 3097 764 3139 suam
788 3081 938 3152 perficiens

114 3184 148 3224 ex
160 3170 283 3240 duobus,
302 3174 409 3225 sextam
427 3175 521 3226 autem
538 3185 571 3226 ex
588 3172 706 3227 monade
723 3183 934 3226 consummans.

114 3259 145 3313 ln
168 3273 225 3329 quo
244 3272 310 3314 vero
332 3273 450 3315 numero
477 3260 524 3316 bic
548 3261 706 3329 apostolus,
733 3260 757 3314 si
779 3260 935 3315 secundum

114 3346 310 3417 evangelicum
324 3347 571 3402 dinumeravimus
586 3348 757 3418 catalogum.
774 3352 872 3403 sextus
888 3361 937 3402 re-

117 3436 236 3504 peritur.
254 3438 340 3492 Porro
354 3440 382 3491 et
397 3437 421 3491 si
436 3437 592 3492 secundum
606 3437 727 3493 hctuum
741 3437 936 3506 apostolorum

115 3525 274 3596 catalogum
287 3526 542 3592 numeraverimus,
560 3526 712 3593 septimum
726 3537 862 3594 ponemus
874 3525 937 3578 bar-

12 3670 18 3676 ,
116 3611 937 3682 tholomaeum,eritqueipseitorumprincipiumetvertex

116 3702 246 3756 secunde
259 3700 393 3754 hexados.
408 3702 448 3753 lta
460 3706 490 3754 ut
505 3699 571 3754 hinc
585 3699 728 3768 possimus
743 3701 936 3769 argumentari

116 3787 239 3843 eumad
264 3788 378 3842 Petrum
405 3786 510 3843 habere
535 3787 787 3856 comparationem,
810 3789 878 3843 dum
902 3801 936 3844 ex

117 3877 208 3945 prima
222 3876 336 3945 quidem
357 3875 462 3930 hexade
479 3875 654 3944 principium
675 3879 825 3945 reputatur
841 3877 868 3932 in
883 3879 938 3932 Pe-

117 3970 171 4030 tro,
192 3976 226 4017 ex
245 3965 370 4019 secunda
398 3976 475 4021 vero.
499 3963 566 4033 quia
597 3964 748 4019 summitas
774 3970 817 4020 est
837 3979 936 4022 corum

117 4050 167 4121 qui
197 4054 260 4119 post
288 4051 382 4120 ipsum
413 4057 491 4122 sunt,
522 4051 732 4107 dinumeratur.
761 4052 937 4123 principium

116 4144 232 4194 taxatam
254 4139 283 4193 in
306 4140 521 4196 bartholomeo.
552 4143 632 4209 Nota,
662 4141 861 4212 dilectissime,
885 4144 939 4197 Pe-

117 4234 180 4283 trus
209 4228 291 4283 docet
324 4229 471 4299 nationes,
488 4230 535 4286 sed
558 4235 586 4286 et
614 4230 837 4286 bartholomeus
867 4244 940 4286 con-

991 1946 1055 1987 cum
1085 1932 1246 1987 mitteretur
1271 1931 1389 2000 mystice
1416 1932 1532 1987 verbum
1556 1931 1606 1986 Dei
1631 1932 1842 2001 annuntiare,

992 2020 1051 2074 hee
1072 2020 1216 2075 divinitus
1237 2020 1350 2075 audivit
1366 2034 1382 2074 a
1401 2018 1521 2074 Domino
1533 2037 1539 2072 ι
1553 2019 1637 2079 Vade.
1660 2019 1839 2090 discipule,

991 2109 1026 2163 ad
1041 2109 1264 2178 predicandum,
1282 2108 1327 2163 exi
1343 2108 1378 2162 ad
1398 2121 1531 2178 pugnam,
1548 2121 1637 2176 capax
1657 2112 1720 2163 esto
1740 2107 1842 2178 peri-

992 2196 1122 2252 culorum
1142 2196 1283 2266 ;consule
1309 2195 1442 2266 dgmento
1468 2208 1538 2262 meo,
1566 2196 1652 2264 cujus
1679 2195 1833 2251 misertus

992 2285 1076 2341 homo
1092 2285 1184 2340 lactus
1198 2299 1273 2353 sum,
1289 2290 1316 2339 et
1332 2298 1454 2354 proquo
1470 2284 1571 2339 mortis
1591 2284 1719 2340 dedecus
1734 2284 1828 2356 elegi.

990 2376 1049 2446 Ego
1065 2378 1213 2443 paternum
1234 2387 1307 2443 opus
1325 2373 1668 2442 consummav13primus
1685 2373 1822 2428 veritatis

990 2463 1074 2519 testis
1087 2462 1179 2518 lactus
1189 2477 1252 2517 sum
1264 2480 1271 2533 3
1282 2475 1331 2517 vos
1342 2462 1416 2532 quod
1431 2461 1621 2518 necessarium
1632 2466 1678 2517 est
1689 2461 1816 2531 implete,

990 2555 1090 2622 etque
1102 2555 1166 2620 post
1176 2550 1259 2606 verba
1271 2550 1486 2620 predicationis
1499 2563 1566 2605 mee
1580 2550 1689 2606 mundo
1701 2551 1814 2619 desunt,

990 2640 1024 2695 ad
1034 2639 1257 2696 similitudinem
1270 2651 1359 2694 meam
1370 2638 1508 2708 supplete.
1520 2638 1637 2694 imitare
1646 2639 1813 2710 Magistrum

991 2734 1083 2798 tuum,
1095 2728 1230 2783 emulare
1239 2727 1393 2783 Dominum
1404 2733 1495 2796 tuum,
1507 2740 1587 2797 equa
1602 2726 1739 2796 passione
1749 2741 1814 2783 san-

992 2817 1106 2890 guinem
1123 2829 1173 2886 pro
1189 2829 1232 2870 me
1246 2829 1327 2885 pone,
1344 2819 1371 2870 et
1385 2828 1499 2870 carnem
1518 2813 1701 2871 cruciatibus
1717 2815 1810 2884 trade3

993 2910 1087 2975 patere
1109 2917 1228 2975 queque
1249 2904 1376 2960 sustinui
1398 2918 1448 2973 pro
1465 2908 1493 2959 te
1513 2917 1625 2972 passus.
1648 2903 1773 2958 Ostende
1788 2903 1811 2958 in

992 2995 1084 3064 teipso
1105 2992 1270 3049 manifestas
1291 2995 1418 3049 actiones
1439 2991 1614 3047 characteris
1640 2992 1708 3047 mei.
1733 2992 1811 3046 Arma

992 3083 1047 3138 tibi
1060 3084 1119 3138 sint
1132 3081 1295 3152 benignitas
1310 3082 1338 3136 in
1355 3079 1521 3149 sudoribus,
1536 3079 1730 3136 mansuetudo
1744 3079 1811 3134 inter

992 3171 1157 3239 maledicos,
1172 3169 1309 3239 patientia
1322 3169 1350 3224 in
1363 3169 1409 3224 his
1420 3169 1468 3239 qui
1481 3173 1507 3223 te
1518 3168 1702 3237 peremerint.
1713 3167 1750 3222 Ut
1757 3165 1811 3222 ovis

992 3260 1022 3315 in
1041 3259 1135 3314 medio
1157 3259 1288 3327 luporum
1311 3255 1429 3325 eihcere,
1454 3255 1612 3312 virtutibus
1633 3260 1764 3311 armatus
1782 3253 1810 3308 ai

990 3347 1065 3404 bella
1085 3361 1196 3403 acuere.
1220 3348 1280 3402 Non
1301 3344 1452 3401 resultavit
1469 3344 1615 3413 apostolus
1627 3361 1635 3414 ς
1648 3356 1706 3398 non
1721 3343 1809 3399 dixit:

991 3438 1137 3507 Quomodo
1153 3436 1237 3505 lupos
1251 3435 1379 3490 nancisci
1399 3435 1504 3504 poterit
1515 3447 1607 3504 agnus
1623 3447 1701 3488 unus
1721 3434 1810 3488 decen

992 3522 1811 3594 millia‘lQuomodoprecipietperegrinusprimiscivium,

992 3608 1812 3684 exsulduclbus,regibusisquiunampossidettunicaml

992 3703 1043 3759 Sed
1062 3710 1093 3758 ut
1107 3700 1233 3757 famulus
1248 3700 1351 3770 tidelis,
1368 3700 1518 3755 Dominico
1539 3699 1728 3770 acquiescens
1744 3713 1814 3768 pre-

992 3796 1082 3861 cepto,
1107 3791 1200 3862 pergit
1220 3792 1357 3862 gaudens,
1378 3789 1452 3843 nihil
1477 3787 1606 3843 deferens
1627 3802 1738 3859 secum,
1761 3785 1813 3843 nisi

992 3880 1218 3937 tantumChristi
1231 3879 1387 3949 pretiosum
1399 3891 1499 3934 nomen
1510 3892 1560 3946 pro
1568 3877 1647 3932 omni
1659 3883 1811 3932 armatura.

1029 3971 1125 4039 ltaque
1136 3967 1305 4040 aggrediens
1318 3966 1403 4022 verbo
1414 3965 1628 4035 predicationis
1641 3965 1814 4034 provinciam

993 4064 1068 4113 sorte
1084 4062 1254 4127 perceptam,
1271 4059 1377 4126 quanta
1399 4054 1460 4110 illic
1476 4053 1607 4126 gesserit.
1624 4059 1734 4124 quauta
1747 4051 1816 4110 sub-

994 4146 1056 4201 iens
1077 4144 1235 4215 pertulerit,
1259 4157 1380 4214 sequens
1404 4156 1497 4198 sermo
1520 4141 1677 4214 depinget,
1695 4155 1815 4212 quorum

994 4234 1110 4304 quidem
1130 4238 1197 4288 sunt
1213 4232 1341 4302 quedam
1360 4232 1516 4287 secundum
1535 4230 1723 4286 traditionem
1739 4231 1817 4286 anti-

117 4324 268 4388 sequenter
295 4319 373 4388 paria
405 4319 566 4391 investigat.
597 4318 671 4373 Petri
701 4318 824 4386 speciosi
854 4319 979 4388 pedesD
997 4336 1058 4392 que
1073 4321 1223 4377 relationis
1235 4326 1308 4392 acta,
1329 4321 1457 4390 quedam
1470 4333 1535 4374 vero
1548 4319 1709 4374 secundum
1726 4320 1817 4375 ratio·

116 4405 191 4464 bona
223 4408 454 4479 evangelizantis,
487 4407 533 4463 sed
567 4412 594 4461 et
629 4404 826 4462 bartholomaei
859 4421 938 4478 eque

115 4496 237 4564 jucundi
264 4496 401 4552 sublimia
421 4497 455 4551 dc
477 4497 532 4549 Deo
557 4493 710 4563 loquentis.
743 4495 843 4550 Petrus
869 4510 940 4566 ope-

118 4590 199 4639 ratur
219 4586 349 4656 prodigia
372 4597 481 4654 magna,
503 4582 552 4637 sed
574 4587 602 4636 et
623 4583 847 4640 bartholomeus
871 4584 940 4642 lacit

118 4671 256 4727 miracula
277 4672 381 4726 valida.
401 4674 501 4726 Petrus
519 4671 651 4726 deorsum
674 4672 767 4741 capite
788 4673 940 4744 crucillgi-

117 4765 175 4827 tur,
196 4760 243 4814 sed
255 4774 269 4814 ε
282 4760 394 4815 diverso
411 4759 618 4815 batholomeus
639 4775 734 4830 penas
756 4776 806 4830 pro
825 4761 940 4817 Christo

118 4848 276 4912 sustinens,
299 4853 448 4918 postquam
470 4847 567 4904 vivens
588 4851 750 4907 excoriatus
768 4855 820 4921 est,
847 4851 941 4920 capite

119 4933 264 5004 plectitur.
280 4937 425 5009 Quotquot
438 4938 530 5010 igitur
545 4940 645 4995 Petrus
657 4941 727 5011 agit,
745 4940 863 4995 totidem
877 4953 942 5009 opc-

119 5028 199 5079 ratur
208 5029 237 5078 et
246 5025 477 5084 bartholomeus.
491 5029 532 5084 hd
546 5029 619 5099 quod
632 5030 706 5084 valet
719 5030 818 5084 Petrus
834 5035 942 5100 myste-

120 5113 163 5168 ria
179 5115 365 5183 capessenda,
382 5117 416 5171 ad
436 5122 478 5172 tot
490 5117 714 5172 bartholomeus
726 5116 833 5172 sufficit
852 5133 942 5187 pene-

119 5201 230 5271 tranda,
244 5201 394 5271 equaliter
407 5204 575 5272 exsequitur
590 5204 682 5259 divini
695 5204 773 5259 verbi
789 5206 939 5277 rationem,

119 5290 268 5360 equaliter
289 5287 391 5345 fundat
410 5290 575 5358 Ecclesiam,
596 5304 677 5360 equa
698 5290 778 5346 lance
799 5291 940 5350 habuitet

120 5384 220 5435 cetera
239 5377 336 5433 divina
356 5376 539 5431 charismata.

157 5467 225 5524 Veni
240 5480 307 5538 ergo
322 5465 464 5535 placatus,
482 5471 542 5520 esto
558 5463 636 5520 ferax
654 5466 743 5537 verbi,
760 5480 777 5523 o
792 5467 882 5540 beate,
895 5485 945 5527 re-

995 4424 1057 4466 nem
1076 4410 1303 4481 evangelicarum
1325 4409 1522 4464 doctrinarum
1544 4412 1621 4476 gesta
1641 4408 1816 4464 consistunt.

994 4499 1023 4553 Si
1033 4498 1109 4552 enim
1125 4498 1174 4553 lux
1188 4496 1286 4551 mundi
1297 4505 1339 4551 est
1348 4497 1430 4565 juxta
1443 4494 1518 4564 quod
1535 4495 1648 4549 veritas
1662 4495 1819 4565 discipulis

994 4587 1052 4642 ait:
1071 4587 1123 4640 Vos
1138 4587 1201 4639 estis
1217 4585 1266 4637 lue
1279 4585 1385 4645 mnndi,
1403 4581 1529 4653 proiecto
1542 4595 1573 4637 ea
1589 4596 1653 4650 que
1666 4582 1819 4639 incissunt

994 4678 1128 4744 operatus
1135 4679 1179 4729 est
1190 4673 1219 4728 in
1231 4672 1335 4743 hisqui
1345 4673 1374 4727 in
1387 4671 1511 4727 tenebris
1521 4676 1549 4726 et
1559 4670 1660 4726 umbra
1671 4673 1821 4728 mortisse·

994 4765 1106 4821 debant.
1117 4763 1184 4818 Etsi
1193 4762 1234 4817 sal
1244 4766 1325 4817 terre
1333 4766 1386 4833 est,
1399 4760 1581 4817 manifestum
1592 4761 1715 4831 estquia
1725 4767 1820 4832 gentes

995 4851 1210 4908 irrationabiles
1229 4850 1360 4906 veritatis
1383 4851 1494 4906 ratione
1515 4848 1622 4905 saliens
1642 4849 1819 4905 emundavit.

995 4943 1030 4997 Et
1040 4942 1065 4997 si
1074 4941 1223 5011 operarius
1235 4939 1397 5010 evangelice
1408 4939 1573 4995 nominatus
1581 4941 1634 5007 est,
1646 4950 1824 5008 consequen·

995 5026 1288 5100 teretagriculturam
1307 5024 1489 5095 spiritualem
1508 5024 1732 5094 perfecit3quod
1745 5024 1822 5080 enirn

996 5116 1158 5187 amagistra
1171 5115 1295 5170 veritate
1310 5114 1501 5169 communiter
1515 5112 1651 5169 omnibus
1661 5112 1784 5179 dicitur,
1795 5115 1824 5165 et

997 5204 1196 5275 persingulas
1221 5216 1356 5274 personas
1383 5201 1598 5258 rationabiliter
1620 5201 1822 5270 accipiendum

995 5298 1047 5350 est.
1064 5295 1161 5361 ltaque
1171 5292 1475 5347 videeumsecundum
1486 5289 1653 5361 allegoriam
1665 5286 1823 5358 aliquando

995 5383 1111 5454 quidem
1126 5394 1182 5435 non
1195 5385 1299 5435 terram
1310 5393 1392 5435 arare
1402 5379 1494 5435 bobus
1504 5376 1689 5433 trahentibus
1702 5375 1822 5441 terrum,

996 5471 1044 5528 sed
1058 5471 1163 5541 lingue
1173 5472 1269 5526 aratro
1286 5468 1474 5525 rationabilia
1489 5481 1557 5524 rura
1570 5466 1743 5537 sulcantem,
1754 5466 1824 5536 jugo
