3876 6090
120 242 156 300 59
708 240 892 300 hdhsrhsu
914 239 1184 298 bibiloiiffidhuil
1743 242 1779 300 60

121 366 268 426 sanctitati
281 368 381 423 restra
391 367 506 438 penitus
516 365 826 438 relinquendal'crum
837 366 921 423 nobis
934 367 965 428 A
980 369 1008 423 et
1018 365 1180 437 patriarcba
1194 366 1316 438 ignatio,
1328 378 1412 437 quam
1431 365 1467 422 de
1484 365 1646 423 miserrimo
1662 366 1779 439 Photio,

122 454 605 526 nlhilampfiusdeberefierinisum
616 460 669 526 est,
681 455 749 524 nisi,
761 459 793 512 ut
802 455 923 513 Photius
975 455 1112 512 destinati
1123 454 1234 511 suntab
1244 455 1363 511 amabili
1373 455 1488 511 Christo
1501 455 1622 526 imperio
1632 462 1731 514 nostro
1742 458 1777 515 ad

121 545 236 618 quidem
258 558 275 601 a
296 545 362 601 sede
386 548 586 616 removeretur,
608 549 636 600 ct
658 557 753 600 secum
775 545 922 614 quiescere
977 549 1121 614 paternam
1133 544 1312 600 sanctitatem
1323 544 1487 600 vestramab
1497 550 1617 616 utraque
1626 552 1705 615 parte
1713 560 1779 616 apo-

24 704 27 709 ¹
120 635 317 691 hortaremur:
336 633 442 706 quippe
455 633 506 705 qui
521 633 610 688 multa
623 636 722 688 contra
734 633 881 688 veritatem
894 634 923 687 ct
976 633 1103 689 crisiarii
1116 651 1124 703 3
1135 649 1151 688 a
1168 632 1350 689 sanctissimo
1365 633 1481 704 quidem
1493 634 1654 703 patriarcha
1665 635 1778 706 lgnatio

118 727 218 780 contra
233 735 345 778 sacrum
360 722 538 791 pontificium
564 725 690 777 vestrum
705 721 858 776 commovit
869 738 877 791 3
890 721 920 776 in
974 722 1095 776 loannes
1103 721 1283 791 metropolita
1291 720 1517 791 Silaei,aPhotio
1527 734 1592 777 vero
1601 723 1704 778 Petrus
1715 737 1779 779 me-

119 811 316 868 tantumenim
328 811 422 867 rabies
431 807 650 880 illiusprofecit.
664 808 700 864 ht
708 822 773 866 vero
792 810 921 882 ignatius
975 807 1229 880 tropolitaSardis,
1241 821 1305 864 cum
1315 808 1422 879 quibus
1432 812 1460 864 ct
1471 807 1646 880 aldivinitus
1664 811 1779 867 munito

118 900 320 957 sanctissimus
332 904 360 955 et
375 899 519 970 spiritalis
540 903 619 969 pater
640 903 746 971 noster,
769 897 820 970 qui
845 899 921 957 clare
977 896 1778 971 imperionostromissusestBasiliusspatharius,quos

118 989 279 1060 injuriaret
290 988 469 1060 tyrannidem
480 987 600 1059 pertulit
611 987 920 1057 secundumjudicium
975 985 1108 1043 volumus
1117 990 1149 1042 ut
1161 992 1276 1057 paterna
1287 986 1425 1042 sanctitas
1437 990 1529 1042 nestra
1542 987 1693 1058 suscipiat,
1705 993 1735 1044 et
1745 989 1777 1045 in

117 1083 146 1135 et
154 1077 404 1149 justificationem,
419 1091 482 1148 quae
495 1077 525 1133 in
538 1076 661 1133 diversis
672 1076 805 1146 epistolis
816 1077 920 1134 vestris
974 1076 1345 1146 conspectuepiscoporum,
1356 1075 1446 1146 quiex
1458 1077 1776 1146 utraquepartedirecti

118 1168 233 1223 inventa
252 1170 296 1222 est
321 1163 495 1237 (quanquam
523 1179 573 1235 per
598 1164 709 1221 easdem
736 1164 848 1221 litteras
870 1165 920 1222 vix
974 1163 1778 1235 sunt,quaevidebuntursanctitatituaeecclesiastieisle-

118 1269 194 1313 nunc
206 1254 342 1311 omnibus
355 1253 541 1311 manifestum
554 1252 775 1310 constituimus:
788 1253 831 1311 sic
841 1254 917 1310 enim
973 1252 1059 1325 gibus
1070 1259 1156 1324 atque
1169 1253 1328 1310 canonibus
1338 1253 1373 1309 de
1389 1254 1510 1310 summis
1530 1254 1730 1312 sacerdotibus
1749 1261 1778 1312 et

118 1344 187 1414 ipsu
201 1343 304 1399 litterae
318 1343 437 1413 obrutae,
453 1347 482 1399 et
494 1342 664 1400 nullatenus
680 1342 852 1414 quibusdam
867 1356 920 1399 os-
973 1342 1169 1399 sacerdotibus
1178 1343 1303 1399 sanciat:
1315 1357 1379 1398 cnm
1389 1342 1492 1414 hisque
1503 1343 1599 1399 mittat
1607 1344 1690 1401 nobis
1701 1359 1777 1402 reve·

117 1437 204 1489 musae
216 1431 325 1488 fuerint
339 1431 374 1488 ab
388 1431 427 1488 iis
447 1432 498 1503 qui
511 1436 577 1487 ante
590 1444 642 1487 nos
663 1430 856 1501 principatum
872 1435 919 1487 te-
972 1431 1776 1503 rendissimosapocrisiarios,uicertillceturexpressius

117 1521 455 1593 nueruntlperaequamet
458 1521 565 1590 justam
573 1519 718 1576 veritatem
726 1520 760 1576 ad
769 1520 916 1590 proprium
971 1524 999 1575 et
1012 1520 1115 1590 purius
1124 1519 1306 1576 sanctissima
1318 1520 1437 1576 ccclesia
1452 1525 1558 1591 nostra,
1572 1521 1656 1590 cujus
1665 1521 1777 1578 volun-

117 1609 253 1667 thronum
267 1613 463 1667 revocaretur:
480 1609 602 1681 reliquis
614 1613 708 1665 autem
722 1607 806 1665 finem
820 1609 917 1679 impo-
971 1609 1040 1664 tatis
1050 1610 1243 1665 sanctitastua
1254 1609 1476 1679 supcrutrisque
1485 1609 1633 1665 consistat.
1642 1612 1682 1666 lta
1694 1616 1776 1680 pater

117 1699 252 1765 nendum,
279 1699 336 1755 imo
355 1711 421 1755 vero
433 1705 461 1755 et
482 1699 541 1755 baec
566 1699 662 1754 eadem
688 1697 913 1768 approbandum,
930 1685 1124 1768 Bspiritalis,
1140 1697 1320 1754 etdirinitus
1333 1697 1497 1754 honorande
1510 1712 1619 1754 summe
1632 1698 1773 1772 pontifex,

116 1793 202 1858 atque
218 1788 320 1844 horum
344 1788 492 1859 sequentia
517 1787 741 1859 terminandum,
766 1786 914 1857 spirituaii
970 1786 1094 1842 accelera
1102 1786 1291 1856 proEcclesiae
1303 1787 1775 1845 uostraecorrectioneetcoutlictu

116 1877 262 1933 sanctitati
277 1876 557 1933 vestraedimisimus.
574 1876 756 1932 Videlicetde
769 1874 815 1931 his
828 1888 917 1931 sacer·
970 1879 1069 1930 contra
1080 1861 1253 1944 injustitiam
1264 1878 1350 1945 atque
1358 1874 1393 1930 ad
1404 1875 1536 1930 recitatis
1546 1873 1773 1933 satisfactionem

115 1963 234 2022 dotibus
249 1965 298 2036 qui
313 1978 347 2021 ex
360 1968 483 2036 utraque
495 1969 573 2035 parte
589 1960 783 2035 peccaverunt,
801 1966 830 2019 et
849 1968 916 2020 ante
972 1963 1092 2019 muium
1103 1963 1187 2020 nobis
1207 1964 1367 2035 congeriem
1384 1962 1524 2020 bonorum
1539 1964 1655 2035 donare,
1679 1963 1708 2019 id
1729 1970 1775 2021 est

116 2054 327 2110 asanctissimo
341 2054 503 2124 patriarcha
523 2053 632 2126 ignatio
648 2052 805 2109 consecrati
819 2065 917 2109 secun·
972 2052 1110 2108 unitatem
1121 2051 1266 2122 mundam,
1282 2064 1444 2124 compagem
1457 2052 1617 2125 spiritalem
1636 2052 1673 2108 ab
1691 2054 1771 2109 omni

115 2141 183 2197 dum
199 2141 350 2211 scripturae
369 2155 427 2198 suae
441 2140 658 2211 confessionem,
674 2140 702 2196 in
722 2140 842 2196 veritate
857 2139 918 2195 mi-
971 2140 1152 2196 contentione
1170 2153 1202 2195 ac
1226 2140 1380 2196 schismate
1401 2140 1530 2211 liberum,
1555 2141 1710 2197 Ecclesiam
1741 2143 1772 2198 iu

116 2229 430 2301 uimepermauserunt,
445 2243 529 2301 quam
542 2229 803 2299 quial’hotioviro
817 2228 917 2298 impu·
970 2228 1085 2284 Christo
1105 2241 1200 2298 unam,
1224 2232 1252 2284 et
1266 2228 1340 2284 ovile
1360 2229 1410 2284 uni
1432 2229 1629 2285 obsecundans
1650 2232 1772 2302 pastori,

115 2318 194 2374 denti
209 2331 310 2373 manus
323 2318 535 2388 impositionem
547 2322 750 2387 susceperunt:
764 2331 815 2372 nec
823 2330 879 2373 non
888 2321 917 2374 et
970 2317 1054 2386 cujus
1065 2320 1096 2372 tu
1115 2317 1246 2373 minister
1256 2331 1289 2373 ac
1305 2317 1467 2373 immolator
1478 2318 1580 2373 existis
1591 2319 1771 2377 verissimus.

115 2406 150 2462 de
164 2405 341 2462 hissummis
353 2405 559 2477 sacerdotibus,
568 2410 596 2461 et
609 2404 815 2477 sacerdotibus,
829 2408 915 2477 atque
969 2406 1068 2462 Saluto
1080 2410 1210 2462 sanctum
1219 2410 1247 2462 et
1256 2406 1446 2462 desiderabile
1456 2406 1528 2461 mihi
1540 2412 1626 2476 caput
1636 2409 1720 2478 quasi
1735 2409 1775 2466 la·

115 2493 278 2564 abbatibus,
295 2493 345 2564 qui
364 2493 556 2549 diversimode
572 2493 766 2564 scripserunt:
792 2507 914 2563 quorum
970 2494 1028 2550 biis
1042 2508 1090 2564 per
1106 2494 1225 2550 litteras.
1241 2494 1316 2551 Vale.
1330 2495 1417 2551 llissa
1427 2499 1470 2551 est
1484 2508 1579 2551 mense
1594 2496 1770 2565 Decembris,

115 2582 231 2654 quidem
244 2581 296 2637 alii
309 2581 336 2636 vi
350 2582 392 2638 rel
408 2582 567 2652 tyrannide,
583 2582 635 2638 alii
651 2595 716 2648 vero
728 2581 915 2652 simplicitate
969 2583 1016 2639 die
1033 2583 1218 2640 undecimo.»

115 2674 165 2726 aut
180 2670 304 2741 levitate,
319 2669 435 2741 quidam
448 2684 513 2727 nero
528 2671 693 2727 seductione
712 2685 745 2727 ac
766 2671 912 2741 versutiis,
1004 2673 1039 2729 Et
1050 2672 1418 2743 posttcctionempraedictae
1428 2673 1705 2745 epistolaeaccipiens
1715 2676 1774 2733 Ste

115 2758 233 2830 quidam
248 2772 314 2815 vero
330 2751 498 2816 muneribus
510 2764 538 2814 et
553 2759 712 2816 bonoribus
723 2759 915 2816 diversimode
971 2760 1083 2831 phanus
1095 2764 1151 2818 Deo
1164 2762 1299 2818 amabilis
1317 2762 1457 2819 diaconus
1471 2767 1499 2818 et
1508 2764 1627 2820 devotus
1639 2766 1773 2824 notarius

115 2847 225 2918 decepti
237 2850 312 2904 sunt.
330 2847 415 2903 Pauci
429 2848 505 2905 enim
523 2848 819 2919 superiores·laqueo
832 2848 915 2906 iilius
969 2849 1120 2919 epistolam
1152 2851 1328 2908 sanctissimi
1355 2851 1525 2922 patriarchae
1547 2852 1662 2925 ignatii,
1684 2868 1772 2925 quam

116 2949 234 3006 prorsus
245 2935 337 2993 effecti
358 2940 443 3006 sunt,
459 2937 516 2994 imo
529 2951 595 2993 vero
612 2936 765 2993 dicendum
778 2942 831 3006 est,
845 2937 921 3012 quia
970 2938 1004 2992 ad
1027 2939 1241 2996 sanctissimum
1262 2953 1362 3011 papam
1385 2939 1544 2997 Adrianum
1568 2941 1695 3013 miserat,
1727 2943 1774 2999 le-

116 3037 186 3095 pene
198 3038 296 3082 omnes
308 3026 423 3098 sacrati,
438 3030 494 3082 tam
507 3027 619 3096 priores
634 3039 718 3097 quam
733 3026 914 3096 posteriores,
931 3008 956 3071 C
971 3027 1030 3098 git:

115 3112 490 3184 q⁰i⁸⁰b⁰⁰bi⁸³u¹¹tima¹⁰i
502 3114 915 3201 ⁸t⁰t¹¹⁰¹¹⁰p⁰soeh³ttffl⁰mi
970 3160 982 3190 ⁰
1005 3152 1059 3205 Deo
1074 3151 1227 3207 honorabili
1260 3151 1356 3206 dilecto
1376 3153 1503 3214 traiciat
1523 3154 1704 3208 comministro
1716 3155 1773 3212 Ni-

116 3202 239 3257 suntbe
248 3202 354 3272 quibus
364 3203 694 3273 decretumetjudicium
703 3203 816 3259 mittere
827 3208 917 3274 pater·
1006 3223 1080 3277 ,0100
1105 3194 1274 3278 ,anamim
1294 3239 1336 3293 p„
1353 3238 1375 3277 ae
1399 3225 1513 3279 ,enm-3
1535 3226 1623 3279 pm,
1644 3226 1772 3292 mmm,

115 3301 180 3344 num
191 3290 371 3346 sanctitatem
382 3295 503 3347 vestram
524 3291 766 3362 praescribentcsb
780 3292 916 3363 poposci-
1005 3295 1191 3349 misericordia
1213 3297 1263 3350 ilci
1280 3240 1497 3364 archiepiscopus
1519 3295 1773 3367 Constantinopoli-

115 3392 189 3448 mus,
205 3383 233 3433 et
250 3391 327 3435 nunc
347 3380 523 3450 expetimus:
548 3381 684 3437 addentes
704 3381 772 3437 huic
786 3380 915 3451 epistolae
1005 3369 1097 3421 ianus·

115 3479 166 3536 pro
177 3466 233 3538 bis,
246 3468 296 3538 qui
308 3468 472 3525 ceciderunt
483 3468 718 3541 benignissimam
739 3470 915 3539 postulatio-
1004 3469 1110 3524 Eorum
1124 3463 1274 3521 vulnerum
1287 3466 1373 3534 atque
1383 3463 1506 3521 livorum
1522 3464 1572 3536 qui
1586 3465 1616 3521 in
1634 3466 1772 3525 membris

115 3567 188 3627 nem,
199 3559 227 3611 et
236 3557 357 3612 maxime
367 3557 401 3612 de
412 3557 451 3612 iis
461 3557 511 3627 qui
524 3557 698 3626 poenitentia
707 3557 800 3614 locum
813 3556 915 3627 requi·
969 3552 1771 3626 hominisconsistuntmultosmedicosprotulitars3hanc

114 3648 191 3714 runt,
203 3648 232 3700 et
250 3645 283 3700 ad
300 3644 460 3717 legitimum
472 3658 614 3701 summum
626 3644 800 3700 sacerdotem
811 3658 914 3700 recur-
969 3645 1084 3718 quidem
1092 3641 1252 3713 passionem
1261 3640 1320 3697 alio
1331 3641 1489 3712 accipiente
1501 3649 1530 3698 et
1541 3643 1769 3716 alteramaltero,

114 3735 199 3788 runt:
217 3736 358 3801 quatenus
369 3746 424 3788 non
436 3732 568 3788 Ecclesiae
578 3736 682 3789 nostrae
692 3733 813 3789 summis
823 3746 915 3790 sacer·
967 3747 1001 3790 ex
1017 3746 1066 3804 per
1076 3730 1282 3801 experientiam
1295 3735 1460 3800 amputante
1470 3735 1498 3786 et
1511 3731 1655 3801 medente,
1669 3746 1769 3791 eorum

113 3819 241 3886 dotibus,
261 3824 289 3875 et
306 3819 510 3876 sacerdotibus·
527 3821 577 3892 qui
602 3821 656 3878 sub
674 3822 751 3878 omni
773 3823 912 3895 regimine
967 3836 1032 3879 vero
1044 3835 1106 3892 quae
1122 3821 1152 3876 in
1166 3819 1302 3875 membris
1314 3819 1496 3876 sunthristi
1508 3821 1767 3892 etbeisalvatoris,

114 3912 212 3964 nostro
222 3907 395 3978 consistunt,
407 3921 556 3966 commune
566 3914 698 3966 occurrat
717 3910 909 3984 naufragium,
966 3908 1772 3983 omniumnostrumcapitis,etspousaecathoiicaeetapo.

114 3996 914 4069 propemodumuniversisillisdefalsisetimpotabilibus
967 3999 1076 4057 stolicae
1088 3998 1232 4069 Ecclesiae,
1243 4011 1331 4054 unum
1342 3997 1553 4070 etsingularem
1563 4000 1770 4069 precellentem

114 4083 471 4156 gustantibusiniquitatis
481 4085 688 4145 rheumatibus.
697 4088 786 4159 Super
796 4089 842 4145 his
853 4090 913 4146 ita-
967 4094 1053 4161 atque
1062 4085 1320 4144 catholicissimum
1333 4087 1473 4142 medicum
1485 4087 1546 4157 ipse
1555 4088 1771 4159 princepssum-

114 4185 169 4243 que
188 4172 366 4242 postulamus
389 4175 696 4245 compatientissimum
721 4178 912 4235 sacerdotium
968 4193 1042 4251 mus,
1053 4183 1081 4233 et
1096 4175 1273 4233 fortissimus
1283 4187 1385 4243 sermo,
1395 4175 1589 4247 etordinator,
1598 4182 1627 4232 et
1640 4185 1767 4250 curator,

113 4263 502 4336 tuum,utmanumporrigat
515 4264 916 4337 numanitatisctcorumdis.
969 4272 997 4324 et
1010 4268 1088 4325 solus
1100 4281 1135 4322 ex
1150 4269 1209 4323 toto
1229 4264 1364 4337 magister
1376 4266 1451 4321 Deus
1469 4265 1598 4321 omnium
1620 4267 1767 4336 produxit,

113 4356 211 4420 penset
221 4351 352 4422 salutem,
371 4353 421 4424 qui
442 4354 591 4424 proprium
609 4354 750 4412 duntaxat
770 4362 914 4426 peceatum
928 4329 956 4392 D
969 4357 1102 4414 videlicet
1117 4360 1194 4411 tuam
1206 4352 1359 4410 fraternam
1377 4353 1555 4409 sanctitatem
1574 4359 1602 4410 et
1623 4360 1768 4425 paternam

114 4441 311 4510 pronuntiant,
331 4444 360 4496 et
376 4441 488 4498 veniam
509 4443 639 4514 accipere
648 4444 684 4499 de
693 4459 725 4501 eo
741 4441 783 4518 [ut
802 4447 913 4502 reniam
968 4445 1125 4502 almitatem
1137 4461 1143 4498 :
1155 4443 1769 4516 propterquaedixitPetromagnoetsummo

112 4527 914 4606 accipiantabeo]quimaleacnequiterabipsismoles-
968 4533 1179 4604 apostolorum:
1199 4533 1239 4585 Tu
1260 4546 1287 4586 es
1308 4532 1414 4594 Petrus,
1437 4535 1463 4585 ct
1483 4547 1564 4602 super
1578 4533 1648 4587 hanc
1659 4539 1769 4604 petram

113 4622 191 4675 tatus
200 4623 244 4675 est
253 4634 365 4676 summo
384 4621 568 4677 sanctissimo
579 4623 725 4679 sacerdote
734 4623 909 4693 deposcunt:
967 4622 1103 4692 aedificabo
1116 4621 1263 4676 Ecclesium
1279 4635 1375 4683 mecm,
1391 4625 1417 4674 et
1427 4625 1514 4690 porte
1524 4623 1609 4689 inseri
1625 4637 1679 4675 non
1690 4638 1769 4692 prae-

112 4721 161 4764 eos
170 4707 303 4781 euimqui
312 4710 516 4779 permanentia
528 4710 830 4781 malitia,etnoluntad
842 4713 913 4769 veri·
966 4710 1235 4766 volebantoducrscs
1248 4725 1307 4764 com
1323 4708 1429 4781 (dietih.
1444 4710 1512 4781 nvi).
1527 4711 1561 4765 Et
1572 4710 1694 4767 iterum:
1708 4712 1769 4766 Tibi

113 4796 183 4852 tatis
197 4797 327 4853 semitam
347 4798 492 4870 repedare,
504 4798 602 4854 nullus
624 4800 726 4856 modus
744 4800 786 4856 vel
807 4802 881 4858 ratio
895 4815 912 4859 a
967 4800 1036 4856 dubo
1051 4801 1139 4856 clocca
1157 4801 1235 4868 regni
1247 4799 1389 4854 colorum:
1410 4803 1435 4854 rt
1449 4799 1627 4868 quodcmmnc
1640 4801 1768 4868 lipia-ueras

112 4884 347 4942 condemnatione
357 4886 501 4943 liberabit.
516 4887 552 4942 Ut
561 4886 655 4944 autem
668 4887 818 4945 manifesta
825 4890 911 4947 etiam
966 4906 1048 4960 super
1057 4895 1167 4960 terrum,
1183 4891 1235 4944 erit
1247 4889 1360 4956 ligatum
1370 4893 1396 4942 et
1410 4890 1440 4942 in
1453 4889 1525 4942 colis
1537 4905 1545 4953 t
1555 4893 1580 4943 et
1590 4889 1769 4959 quodcunque

112 4973 151 5031 iis
162 4974 211 5045 qui
225 4989 260 5031 cx
273 4982 348 5032 sorte
360 4981 428 5032 sunt
438 4976 533 5033 Photii
546 4982 639 5033 restra
650 4978 749 5034 divina
762 4983 790 5034 et
801 4985 912 5050 aposto-
965 4980 1077 5035 solveris
1091 4978 1354 5048 supermanant
1368 4977 1487 5031 solatum
1501 4982 1526 5032 et
1535 4979 1566 5032 iu
1580 4979 1652 5033 culis
1665 4976 1768 5053 (ibid).

113 5064 169 5121 lica
184 5063 394 5138 flatseuteutia,
410 5070 467 5121 tam
478 5067 706 5123 desanctissimo
717 5072 796 5139 patre
813 5074 911 5126 nostro
964 5068 1046 5124 Tales
1061 5066 1137 5123 enim
1151 5065 1247 5122 beatas
1265 5078 1347 5121 voces
1363 5078 1418 5120 non
1439 5067 1596 5122 secundnm
1615 5067 1769 5138 quamdam

147 5252 202 5309 ·ld
227 5257 270 5309 est
289 5252 431 5325 fortiores,
450 5255 494 5312 vel
514 5255 698 5327 potentiores
722 5269 785 5313 uam
807 5219 910 5314 fortior
964 5262 1022 5312 stro
1031 5255 1138 5326 jacitur
1149 5258 1204 5308 rete
1218 5257 1281 5308 unte
1295 5253 1385 5307 oculos
1394 5259 1585 5324 pececatorum.

113 5322 144 5379 llt
155 5328 182 5379 et
193 5325 336 5396 potentior
346 5326 458 5398 laqueo,
470 5327 519 5451 2¹¹³
531 5328 566 5383 ab
578 5328 628 5383 illo
640 5327 771 5397 praevalet
780 5328 907 5400 exsilire,
999 5326 1014 5369 b
1028 5327 1084 5381 lloc
1097 5331 1145 5386 est.
1162 5329 1243 5384 autea
1257 5324 1423 5380 scribentes.

111 5396 155 5452 vel
166 5395 206 5451 lta
216 5396 348 5466 superlor
359 5396 460 5471 laqueo
481 5403 571 5468 actus,
583 5399 633 5469 qui
646 5399 676 5454 ln
688 5399 739 5454 illo
751 5412 806 5455 non
816 5404 859 5455 ost
869 5412 909 5456 re·
999 5408 1012 5439 ⁰
1027 5400 1083 5454 lsta
1092 5396 1213 5467 epistola
1228 5396 1316 5452 missa
1328 5398 1444 5468 quidem
1458 5400 1502 5452 est
1517 5396 1644 5468 Nicolao,
1661 5398 1721 5460 sed,
1733 5412 1767 5455 eo

112 5471 218 5537 tentus,
235 5468 283 5524 sod
301 5472 333 5523 ut
342 5481 407 5524 aves
422 5469 544 5538 desuper
575 5470 761 5527 uodammodo
776 5474 910 5527 transeo·
962 5469 1108 5540 defuncto,
1121 5466 1412 5537 susceplthdrlauus.

113 5537 213 5611 lantes,
225 5544 375 5596 evaserunt
387 5540 543 5596 secundum
554 5485 626 5597 {liud
642 5540 802 5597 Salomonis
813 5559 820 5596 ε
832 5543 908 5601 Fru-
