3876 6090
114 275 167 335 lat
730 272 911 331 lumrlsn
928 269 1199 331 nmmonundlllln

113 404 241 456 catorum
254 401 371 458 deorum
385 398 481 456 taliter
495 397 829 457 delectantiumiNonne
841 397 937 455 omnia
952 395 978 454 Α
993 396 1020 450 te
1033 394 1167 452 collectos
1177 395 1253 452 illios
1268 401 1341 464 tuos,
1358 396 1408 467 qui
1418 395 1551 465 luporum
1563 391 1715 466 congressit

115 488 257 560 unigeniti
268 487 335 543 Filii
350 487 401 544 Dei
416 488 539 546 adventu
552 490 710 559 perierunt,
725 492 752 544 ct
770 490 853 546 linem
869 500 940 558 pro-
992 483 1114 554 dispersi
1130 490 1207 542 sunt.
1220 485 1336 542 Plenum
1347 484 1400 541 tibi
1417 497 1477 541 esse
1492 496 1575 540 omne
1590 480 1715 539 sacratis

114 574 296 633 lenissimum
318 577 529 648 susceperunt?
544 580 642 635 Nonne
657 580 775 650 pulchre
796 577 939 652 quondam
995 573 1048 631 hcc
1076 574 1174 631 divino
1200 574 1313 631 decreto
1336 574 1472 644 templum
1496 571 1686 642 conspicitur.

112 663 351 722 dedicataeorum
367 665 482 737 templa,
500 679 577 723 nuno
592 665 788 739 imperatoriis
801 668 873 726 elisa
880 668 940 737 jus
995 661 1100 718 mentis
1115 667 1171 719 luae
1190 663 1265 719 saltu
1280 661 1435 719 bestiarum
1460 673 1618 732 llli³00⁰¹1l¹a
1639 660 1715 730 impe

113 753 155 810 sis
169 756 197 810 et
210 754 245 810 ad
256 757 360 810 terram
375 755 616 825 prostratasunt‘l
627 758 726 814 Nonne
742 757 885 815 memorie
900 756 940 825 ip
996 750 1047 807 bos
1058 751 1235 822 preveniens
1249 751 1390 822 sapientia
1405 755 1455 807 tua
1468 749 1595 806 exclude.
1616 749 1715 819 Sempe

113 841 938 918 sorumabomniumcorderristianorumdisparuerunt,
994 843 1044 895 tub
1064 839 1306 912 tranquillitatem
1318 839 1452 896 contilia-
1479 838 1631 895 Ptaemiuffl
1653 840 1715 894 auis

111 930 228 991 etillud
245 929 400 1002 prophetiae
411 930 484 1003 ipsis
500 932 585 989 rebus
603 931 708 991 lactum
728 935 887 1006 aspicitur:
900 932 940 989 ri·
993 925 1192 1001 frequentibus
1206 943 1238 985 ac
1253 928 1323 984 bene
1346 926 1517 985 sonantibus
1537 927 1572 984 ad
1600 928 1715 985 Deumt

112 1018 238 1076 delicet:
254 1020 364 1090 ltepietc
374 1025 413 1075 est
424 1024 496 1075 emo
514 1024 692 1090 coquosceudi
707 1026 851 1079 hominium
865 1038 940 1093 quc-
993 1017 1183 1090 orationibus,
1196 1023 1229 1075 ut
1239 1018 1293 1075 tibi
1304 1018 1333 1074 in
1347 1017 1713 1089 multitudiuemaugeatur

112 1109 318 1177 sicquumultu
334 1124 393 1178 que
409 1111 495 1179 operit
517 1126 592 1164 more
615 1109 678 1181 (isa.
696 1112 760 1183 ruli
782 1111 940 1169 rideremus
993 1106 1011 1162 d
1035 1120 1061 1161 m
1077 1108 1312 1178 repromissiones
1335 1121 1398 1178 quae
1412 1111 1481 1162 sunt
1507 1106 1537 1161 in
1560 1104 1704 1162 Abraham

113 1197 205 1268 igitur
218 1197 370 1252 bominum
387 1197 437 1267 qui
448 1199 594 1271 apparuit,
607 1200 742 1257 etabhoc
757 1199 940 1257 nossaerissi-
993 1200 1134 1252 astrorum
1158 1196 1268 1252 numeri
1284 1195 1374 1252 iactas.
1399 1196 1497 1252 Gaude
1511 1208 1576 1251 vero
1604 1198 1633 1250 et
1653 1196 1715 1266 tu,3

113 1299 159 1341 mo
174 1284 307 1341 liberavit
319 1299 424 1341 errore.
440 1286 578 1357 llymnum
595 1288 726 1346 dicamus
738 1290 832 1361 ipsius
846 1287 941 1344 inlini·
994 1284 1069 1348 sium
1082 1283 1188 1356 inclyta
1201 1284 1280 1354 urbs,
1299 1285 1374 1340 inter
1393 1284 1562 1354 metropoles
1584 1282 1715 1353 opinatis

113 1379 148 1430 tae
164 1372 381 1445 misericordie,
399 1374 588 1445 predicemus
603 1377 849 1435 Ecclesiaenostrae
862 1378 942 1434 altis·
996 1385 1107 1444 nomen,
1124 1373 1353 1444 bithyniensium
1365 1372 1520 1443 provinciae
1533 1370 1715 1444 gloriosissiu

113 1463 186 1519 simo
200 1463 288 1520 monti
303 1462 471 1519 horribilem
487 1468 515 1521 et
531 1463 703 1522 ineffabilem
714 1466 942 1538 dispensationis
996 1462 1104 1518 mitia:
1119 1477 1182 1533 quae
1195 1463 1278 1534 prius
1293 1462 1407 1534 quidem
1424 1467 1586 1518 sanctorum
1602 1461 1715 1517 decem·

113 1552 176 1622 ejus
198 1553 419 1609 condescensum
433 1548 443 1626 [
455 1552 656 1630 consensumi.
671 1555 835 1613 Exaltemus
858 1569 940 1613 voces
995 1554 1243 1623 trecentorumque
1254 1550 1430 1608 deiferorum
1445 1550 1715 1623 Patrumrestigiisl

113 1643 143 1699 in
168 1640 349 1713 tortitudine,
362 1647 390 1697 et
404 1655 439 1698 ne
454 1656 603 1713 parcamus
618 1645 858 1717 magnillceutiam
875 1659 939 1703 ma·
994 1639 1076 1696 beata
1096 1653 1137 1712 et,
1167 1654 1242 1697 nunc
1269 1645 1364 1698 auum
1391 1641 1493 1696 borum
1516 1652 1715 1696 successorum

111 1731 225 1801 jestntis
243 1731 305 1801 ejus
332 1729 660 1805 incomprehensibilem,
676 1733 794 1791 scilicet.
805 1736 937 1794 allectum
951 1733 977 1796 B
992 1733 1184 1786 trecentorum
1192 1742 1256 1786 cum
1268 1730 1396 1800 quinque
1405 1728 1563 1785 decadibus
1573 1742 1715 1786 numerum

114 1833 197 1892 quem
222 1833 289 1892 erga
310 1833 362 1875 nos
382 1819 525 1890 exhibuit,
552 1827 725 1879 enarrantes.
750 1823 885 1881 Dicamus
902 1822 937 1880 ad
993 1819 1142 1889 plentium,
1156 1832 1189 1875 ac
1204 1819 1421 1889 reuerendornm
1444 1818 1646 1874 monachorum
1670 1820 1715 1890 qu?

114 1922 178 1964 eum
191 1912 220 1964 et
234 1922 362 1964 noscuru
385 1908 539 1979 propheta:
560 1909 627 1975 Quis
642 1913 712 1966 lieus
733 1914 803 1967 sicut
821 1917 861 1977 tu,
883 1930 939 1968 ou·
994 1906 1215 1972 innumerabilis
1228 1912 1297 1964 sunt
1310 1907 1519 1977 multitudinis,
1530 1907 1637 1963 eisdem
1646 1906 1715 1965 bene

113 2000 204 2067 ferens
217 1998 386 2066 iniquitates,
398 2002 423 2051 et
440 2000 577 2053 occultans
593 2004 706 2069 peccutc
724 2001 842 2057 residuis
859 2003 940 2057 bere·
994 1996 1080 2052 nibus
1096 1991 1351 2070 [benedictionum]
1376 1997 1553 2053 circumdata
1573 2009 1603 2051 es
1618 1995 1715 2067 gratiis

115 2085 210 2139 ditatis
229 2089 282 2140 tue
301 2082 392 2154 (ltieu
418 2085 493 2158 rrrl‘l
518 2087 654 2143 Praeterea
673 2088 776 2146 choros
800 2090 939 2148 ducamus
993 2085 1099 2155 quippe
1113 2085 1289 2141 orthodoxia
1306 2080 1482 2157 [orthodoxe
1497 2082 1576 2158 ildei]
1599 2083 1715 2142 lundam

114 2187 179 2230 eum
195 2174 326 2244 prasenti
343 2186 423 2231 sacro
437 2176 617 2249 commercio,
643 2190 693 2233 are
708 2177 753 2234 illi
773 2177 851 2235 allati
872 2184 940 2236 tan-
993 2173 1147 2244 aquadtm
1175 2175 1301 2230 satamon
1330 2172 1515 2230 subversione
1536 2187 1711 2231 concussum

115 2275 200 2333 quarn
215 2262 313 2334 gaudii
327 2261 457 2319 bravium
474 2264 641 2321 tribuentes.
656 2267 755 2323 (laude
775 2268 875 2339 igitur,
890 2282 940 2324 sa-
993 2261 1131 2318 cliturum
1146 2258 1405 2336 [periclitaturumz
1414 2265 1485 2330 (orte
1493 2262 1575 2325 deest,
1588 2262 1635 2319 sed
1645 2258 1715 2338 non]

115 2351 309 2407 cratissimum
322 2350 475 2423 collegium
490 2353 583 2409 divini
598 2367 631 2410 ac
652 2356 755 2412 sacrati
770 2361 937 2413 conventus.
995 2353 1143 2408 limonium
1160 2350 1222 2406 sine
1247 2349 1445 2420 pertubatione
1465 2350 1600 2421 percepit.
1627 2353 1658 2407 ln
1686 2355 1715 2407 te

114 2439 250 2511 Gaudete,
265 2444 428 2496 sanctorum
446 2442 558 2496 latrum
581 2443 757 2499 sanctissimi
774 2458 940 2517 propugna-
995 2441 1072 2496 illam
1088 2444 1116 2495 et
1131 2439 1269 2495 immitem
1284 2439 1414 2505 bestiam,
1428 2439 1528 2496 Arium
1549 2440 1673 2511 scilicet,
1701 2440 1715 2498 d

115 2525 321 2585 tores..Gaude
345 2527 408 2584 sine
428 2529 779 2604 mendacio-congregatio,
811 2533 840 2588 in
855 2535 940 2604 cujus
996 2528 1045 2584 iile
1068 2529 1184 2584 Petrum
1206 2528 1312 2585 chorus
1331 2528 1422 2584 sacris
1444 2528 1658 2598 scripturarum
1686 2541 1715 2586 el

115 2615 208 2671 medio
221 2617 296 2670 Deus
312 2615 716 2690 inambulat,sicutscriptum
727 2626 771 2677 est
790 2621 872 2691 (Psoi.
886 2622 937 2694 cu).
994 2616 1120 2686 captavit
1131 2616 1250 2686 retibus,
1267 2621 1295 2672 et
1307 2616 1489 2673 terribilibus
1503 2616 1715 2675 anathematibn

113 2700 221 2773 Gaude,
237 2703 394 2761 concilium
419 2704 546 2774 spiritali
573 2707 754 2777 apparitione
778 2707 937 2767 reiectum:
994 2704 1117 2775 culit,et
1137 2705 1204 2761 bine
1223 2705 1330 2762 Filium
1356 2705 1405 2761 liei
1433 2709 1462 2760 et
1483 2706 1585 2775 Patris,
1609 2706 1715 2763 Domin

114 2805 149 2847 ex
162 2805 218 2863 qua
227 2792 278 2864 qui
293 2792 469 2864 illustratur,
486 2808 542 2852 non
556 2793 678 2853 oilendet
688 2797 723 2853 ad
740 2797 864 2869 lapidem
878 2799 941 2855 hae-
994 2793 1266 2851 consubstantialem
1279 2794 1425 2868 gignenti,
1440 2794 1534 2851 omnis
1550 2798 1653 2851 natura
1670 2795 1715 2853 hor

113 2876 353 2952 reticalalsaeque
368 2880 524 2944 locutionis
538 2883 687 2954 spiritales
711 2885 816 2943 animas
844 2887 937 2959 pedes.
995 2883 1148 2954 predicare
1168 2882 1345 2953 didicimus,
1368 2889 1396 2938 at
1422 2883 1547 2941 idcoirco
1571 2896 1699 2954 praesens

113 2967 221 3040 Gaude,
237 2970 399 3040 speculator
409 2971 573 3029 divinarum
598 2972 835 3049 indagationum
856 2989 939 3049 quem
995 2973 1140 3030 tissimum
1167 2977 1344 3043 compactum
1369 2971 1456 3042 hujus
1484 2971 1627 3030 numerosi
1663 2985 1715 3031 eon

115 3056 165 3128 qui
179 3057 303 3114 modeste
315 3059 458 3130 sequitur,
474 3060 653 3118 aminitante
665 3063 938 3135 romphaeaeruitur.
953 3057 978 3119 G
994 3061 1121 3119 dualitas
1147 3060 1261 3132 piorum
1287 3061 1490 3131 imperatorum
1514 3060 1702 3120 consolidans

113 3145 221 3217 Gaude,
237 3160 348 3216 semper
361 3147 462 3205 horide
474 3149 615 3223 paradise,
628 3151 658 3207 in
668 3151 752 3222 culus
767 3152 861 3211 medlo
875 3153 941 3211 vita
995 3150 1101 3218 munit,
1117 3153 1197 3207 lrene
1208 3149 1343 3206 videlicet
1358 3162 1428 3207 nova
1438 3150 1542 3207 llelena
1555 3164 1620 3211 cunr
1630 3150 1715 3225 illiop

114 3232 226 3308 lignum
241 3234 399 3305 plautatum
410 3240 463 3308 est,
480 3252 530 3308 per
552 3239 793 3312 quadripartitam
817 3255 943 3314 evange-
994 3239 1283 3310 Constantinonoro,
1300 3252 1372 3309 quos
1388 3238 1418 3295 in
1433 3243 1460 3295 ts
1484 3239 1611 3310 Spiritus
1638 3240 1715 3314 grati

113 3320 219 3380 liornm
232 3322 362 3381 tabulam
378 3325 543 3397 presidens.
560 3328 669 3401 Gaude,
688 3342 776 3387 aurea
793 3329 942 3403 ignitaque
997 3331 1065 3386 tunc
1088 3333 1116 3385 et
1131 3340 1207 3385 nuuc
1217 3327 1325 3384 unciis
1340 3326 1440 3384 illuxit
1453 3328 1595 3400 Patribus,
1611 3343 1715 3389 consor

112 3411 245 3469 columna
262 3412 292 3468 ln
306 3426 410 3471 novum
426 3415 476 3471 liei
487 3416 585 3488 lsrael,
598 3416 880 3491 lucidisdogmatum
895 3420 943 3476 do.
996 3417 1160 3491 largissima
1172 3421 1309 3488 tempora,
1331 3415 1551 3487 impertubabile
1563 3419 1677 3477 donans
1697 3432 1715 3477 e

112 3499 218 3556 ctrinis
242 3499 279 3556 ab
299 3501 463 3574 AEgyptiaca
488 3516 583 3575 mauu,
601 3505 688 3562 idest
715 3505 941 3563 haeretizantium
996 3507 1118 3578 perium,
1135 3506 1319 3577 hostiumque
1331 3506 1461 3563 nationes
1472 3506 1633 3577 antepedes
1648 3521 1715 3579 pros

113 3601 209 3645 errore
222 3588 358 3659 liberans,
374 3593 403 3645 et
414 3591 449 3646 ad
462 3594 566 3647 terram
580 3593 814 3662 repromissionis
825 3581 941 3651 Petrum
996 3598 1138 3668 quatenus
1152 3594 1236 3651 nobis
1249 3594 1389 3654 bonorum
1404 3596 1487 3666 copia
1503 3608 1558 3653 nou
1572 3596 1701 3656 deheiat.

113 3677 283 3734 orthodoxia
298 3677 408 3733 deduce
429 3692 452 3734 s.
464 3677 607 3736 Audacter
621 3681 650 3737 in
663 3681 828 3738 ostensione
841 3681 943 3739 verita-
996 3684 1093 3756 itaque
1108 3683 1138 3740 in
1152 3682 1209 3755 his,
1224 3697 1241 3740 o
1257 3685 1448 3754 metropoleon
1462 3685 1568 3757 inclyta
1594 3686 1708 3758 species

113 3764 152 3820 tis
166 3768 195 3819 et
207 3763 381 3820 llducialiter
393 3777 454 3836 age.
471 3767 602 3823 llevelata
617 3767 690 3826 lacie
710 3770 832 3843 gloriam
853 3785 941 3829 morae
996 3773 1073 3829 uiam
1088 3772 1119 3829 in
1134 3776 1161 3829 te
1176 3772 1259 3829 nobis
1274 3775 1302 3830 et
1325 3774 1417 3845 primo
1444 3773 1584 3833 bonorum
1608 3775 1715 3835 exordi·

113 3856 142 3907 et
151 3850 300 3907 catholicae
312 3852 446 3908 Ecclesiae
458 3854 593 3924 praedica.
605 3856 698 3928 Supra
708 3863 816 3928 petram
826 3860 941 3920 stabilis
996 3875 1073 3918 nuuc
1087 3861 1154 3918 linis
1163 3865 1281 3919 exortus
1291 3866 1345 3934 est,
1354 3862 1560 3922 venerabilium
1572 3865 1714 3923 nimirum

113 3939 339 3996 conversationis
352 3941 501 4001 versatiles
516 3946 703 4015 quorumdam
716 3952 823 4006 mentm
836 3950 941 4008 doctri·
995 3963 1063 4007 num
1079 3949 1226 4007 catholice
1240 3950 1374 4008 Ecclesia
1389 3952 1483 4023 prisca
1503 3953 1623 4011 traditio
1638 3955 1669 4011 in
1684 3970 1715 4015 su

115 4026 162 4082 nis
175 4026 320 4084 conilrma.
965 4106 973 4113 ι
995 4038 1084 4095 minis
1094 4038 1334 4097 restituta‘Nunc
1349 4055 1414 4098 vero
1430 4041 1542 4099 laetatur
1558 4042 1674 4116 ooelurn,
1689 4049 1715 4102 et

149 4116 257 4188 Tuque,
271 4117 413 4189 praecipue
425 4134 442 4177 o
452 4124 614 4180 macutum
630 4125 746 4184 Patrunr
767 4139 886 4184 concors
911 4132 940 4186 et
994 4126 1107 4184 stillant
1118 4127 1273 4198 justitiam.
1287 4130 1369 4186 Nunc
1382 4130 1494 4188 medios
1509 4131 1603 4202 paries
1620 4144 1715 4190 macer

115 4205 309 4264 sacratissime
338 4222 439 4283 praeco,
464 4214 550 4281 atque
574 4212 710 4270 instantis
736 4215 826 4272 nostri
848 4222 940 4274 coetus
994 4215 1108 4274 solutus
1126 4219 1169 4274 est
1192 4217 1324 4275 unitione
1350 4217 1541 4277 dissensionis
1569 4233 1715 4295 concessa,

115 4294 245 4365 exarche,
258 4296 309 4367 qui
324 4296 466 4355 sublimen
480 4299 563 4356 nobis
578 4314 628 4372 per
644 4302 939 4364 Christumtbrouum
995 4305 1084 4364 unius
1095 4305 1271 4363 assensionis
1285 4308 1526 4378 conspirationem
1550 4309 1715 4382 quaternita

115 4383 248 4457 adornas,
265 4385 359 4458 magni
377 4390 406 4443 et
421 4387 507 4458 primi
536 4390 659 4459 pastoris
681 4392 980 4466 diiigentissimumn
995 4398 1077 4452 terrae
1090 4395 1209 4453 collecta
1219 4399 1270 4452 est.
1287 4398 1369 4453 Nunc
1380 4398 1477 4454 multe
1485 4412 1546 4470 quae
1562 4398 1591 4455 in
1604 4400 1715 4458 diuersa

117 4472 274 4545 speculum,
291 4473 414 4544 spiritus
435 4476 658 4534 mundissimum
669 4479 875 4552 babitaculum,
891 4498 941 4542 re-
995 4484 1074 4555 bant,
1088 4490 1281 4542 couveneruut
1298 4486 1458 4558 opiniones,
1475 4491 1504 4544 et
1528 4501 1674 4546 consonus
1701 4489 1715 4547 l

116 4562 246 4618 ctissime
261 4562 663 4638 orthodoxorumdogmatum
680 4570 858 4644 ponderatio,
872 4573 942 4644 poli·
995 4572 1133 4630 ailnibus
1143 4576 1225 4629 terrae
1237 4575 1372 4646 usquead
1389 4574 1459 4632 lines
1483 4581 1565 4634 terre
1588 4579 1646 4635 beo
1670 4578 1715 4637 ‹llr

117 4654 201 4721 taque
216 4651 245 4706 in
259 4650 723 4715 Christoconversationisirabrtae
737 4660 842 4733 requies
853 4663 942 4719 nomi·
995 4661 1094 4719 Gaude
1107 4662 1198 4734 igitur
1215 4662 1381 4733 tripudians
1396 4680 1481 4736 super
1496 4666 1586 4724 biset
1610 4672 1653 4740 tn,
1680 4681 1715 4727 cs

117 4738 268 4796 natissima
280 4740 406 4812 lucerna,
423 4747 451 4798 et
464 4746 570 4814 septem
581 4747 815 4807 candelabrorum
826 4750 964 4809 lumini-⁶
994 4751 1121 4808 Ecclesia
1137 4751 1168 4807 in
1181 4756 1239 4809 uto
1261 4757 1401 4814 terrarum
1416 4754 1484 4812 orbe
1498 4754 1612 4814 diliusa.
1639 4757 1705 4817 Due

117 4826 172 4883 bus
183 4831 243 4884 tota
257 4827 941 4912 fulgidissima.llesplenderelacnobistanquam
996 4840 1143 4897 exsultans
1165 4854 1251 4911 super
1277 4843 1404 4900 illiorum
1429 4846 1545 4902 tuorum
1570 4850 1715 4905 conventu

117 4928 153 4971 ex
169 4915 590 4980 invisibilicandelahrosacrae
599 4925 740 4982 cathedra
756 4927 943 4987 evidentissi-
998 4941 1069 5000 pone
1086 4928 1242 4986 divisionis
1268 4936 1420 5001 pannoset
1442 4932 1561 4991 iuduere
1584 4934 1700 5008 integra

121 5017 231 5060 morum
251 5005 401 5065 verborum
425 5010 653 5081 perspicuitates.
679 5014 828 5073 Distribue
848 5023 941 5075 autem
996 5018 1076 5074 doxae
1088 5018 1187 5075 tunica
1202 5019 1333 5077 unitatis.
1344 5021 1404 5077 iam
1420 5035 1475 5079 non
1495 5023 1611 5094 poneris
1632 5037 1715 5096 opprt

118 5096 146 5150 et
160 5093 356 5152 esurientibus
370 5096 515 5155 vivitlcum
529 5100 622 5156 divini
641 5102 801 5174 magisterii
831 5120 940 5180 panem,
998 5106 1127 5164 inimicis
1140 5108 1209 5180 tuis,
1232 5108 1419 5168 subsannatio
1443 5116 1471 5168 et
1493 5112 1603 5171 derisio
1629 5114 1715 5187 popul

111 5189 147 5246 et
161 5183 240 5240 nutri
257 5184 393 5255 populum
409 5186 439 5242 iu
449 5192 583 5245 extranea
597 5192 672 5246 terra
695 5204 797 5264 vagum
811 5194 941 5273 sumtum
997 5195 1173 5254 incircuitu
1197 5201 1247 5255 tuo
1276 5204 1353 5256 sunt.
1377 5202 1439 5259 Nou
1461 5202 1519 5271 jam
1547 5202 1665 5262 timebis
1693 5220 1715 5263 ct

119 5274 246 5331 haeretici
262 5273 415 5331 incolatus.
428 5274 543 5334 Efficere
563 5277 646 5334 uobis
659 5291 749 5336 novus
762 5282 865 5353 loseph
876 5284 942 5342 lru-
997 5288 1063 5354 ptus
1078 5285 1236 5358 hominum,
1252 5288 1432 5347 llebraeorum
1443 5291 1555 5348 scilicet
1570 5296 1599 5349 et
1612 5292 1715 5366 Agaroi

119 5363 207 5420 menti
222 5362 314 5434 dator,
335 5367 363 5418 et
381 5363 582 5436 ambiguitates
610 5367 826 5437 scripturalium
840 5374 943 5445 expia·
996 5374 1122 5445 quisine
1147 5376 1204 5432 beo
1219 5381 1247 5433 et
1268 5391 1347 5434 sacra
1368 5379 1533 5438 initiatione
1546 5382 1715 5443 consistunt

120 5465 192 5511 nans
205 5452 399 5526 aenigmatum,
415 5453 521 5522 opimis
536 5457 627 5511 noset
649 5456 833 5527 spiritalibus
847 5461 942 5521 inter-
995 5463 1050 5519 tibi
1066 5462 1218 5522 noniuerit
1240 5464 1375 5537 periectio
1397 5469 1463 5526 ildei
1483 5471 1628 5529 doctrinis
1654 5486 1715 5547 apo

121 5541 332 5613 precationibus
347 5541 436 5598 nutri.
452 5541 725 5619 Eleuaoculosluos,
741 5555 769 5606 et
779 5549 843 5607 ride
854 5566 941 5624 super
996 5553 1112 5611 tradita.
1122 5555 1183 5612 ianr
1197 5569 1252 5614 uon
1267 5556 1303 5615 ab
1324 5557 1523 5619 hereticorum
1549 5575 1599 5621 ore
1618 5564 1715 5628 crimin
