3876 6090
187 216 236 275 tlt

799 214 977 271 thsvnsu
1002 212 1271 270 bintiovnhchhii

1838 218 1891 278 iti

189 345 257 414 pido
271 341 461 413 supplicabat,
476 355 505 398 se
518 345 690 412 peccatorem
707 340 906 410 pronuntians,
919 342 946 393 et
959 338 1008 393 in·
1020 338 1047 396 Α
1064 337 1260 406 phantasmata
1273 337 1448 409 hienutheos,
1458 339 1697 412 christianosque
1706 342 1846 413 quosdam
1857 358 1888 401 ex

189 432 288 490 utilem
299 431 413 487 Domini
425 445 536 487 servum
547 431 702 500 appellans.
713 429 901 500 Qtriaorgout
912 427 1009 483 dimit-

189 519 342 576 tereturab
354 533 387 575 eo
403 520 555 588 impetrare
566 532 620 574 non
638 518 740 586 valuit,
756 517 789 573 ad
805 517 941 572 orientem
956 521 1009 570 ste

189 609 235 679 tit,
246 614 274 664 et
285 608 403 678 pallium
415 608 489 679 quod
502 613 618 678 portans
628 621 715 677 super
728 606 861 662 humeros
875 603 1007 670 habebat,

187 711 252 754 cum
269 696 381 765 baculo,
398 696 531 752 manibus
548 696 583 751 ad
610 696 712 752 coelum
735 694 870 762 extensis,
898 693 957 748 haec
970 692 1005 748 ad

187 787 275 841 Deum
295 786 457 841 exclamans
477 785 570 841 dixit:
584 785 703 840 Domine
717 784 781 839 lesu
796 783 910 839 Christe
934 783 1009 836 Deus

135 914 141 925 .
188 879 293 936 noster,
311 871 508 929 tortitudinem
521 886 604 943 quam
620 872 692 927 mihi
710 871 848 942 peccatori
863 884 942 926 servo
958 875 1008 924 tuo

187 962 293 1018 dedisti
310 968 411 1033 presta
428 967 456 1017 et
475 961 544 1017 huic
558 961 660 1017 bacurlo
677 975 739 1017 meo
750 966 779 1016 et
799 959 887 1029 pallio
901 958 960 1013 isti.
975 959 1009 1012 Et

91 1064 93 1071 ·
187 1051 264 1106 datis
279 1051 326 1107 his
337 1063 448 1106 summo
465 1050 616 1119 sacerdoti,
639 1049 697 1104 hare
711 1049 745 1104 ad
759 1063 824 1103 eum
850 1047 940 1103 dixit:
958 1045 1009 1101 His

188 1139 354 1210 imperatori
371 1139 558 1207 transmissis,
582 1137 722 1194 scribent
749 1137 867 1207 pubium
893 1136 1008 1206 quidem

1064 427 1889 501 simplicioribusiiluccausarecipiendansanitatissuapte

1063 517 1404 573 couenrrerrtes'removit.
1421 518 1511 588 Super
1526 532 1582 588 quo
1602 519 1725 575 multum
1736 521 1795 576 Deo
1812 520 1890 578 mise

1064 604 1262 661 ricerdissimo
1276 607 1429 678 postulato,
1444 607 1662 679 angelnmvidet
1676 622 1693 662 a
1705 610 1763 664 Deo
1776 617 1890 666 cuncto

1064 704 1137 763 rum,
1152 699 1312 763 susceptam
1325 696 1387 764 ejus
1397 695 1623 765 deprecationem
1635 696 1887 769 evangelizantem,

1062 785 1091 834 et
1106 782 1315 851 praecipientem
1332 784 1400 853 sibi,
1414 788 1447 840 ut
1460 784 1524 855 Cyri
1548 798 1653 854 corpus
1667 785 1696 841 in
1715 779 1889 856 martyribus

1064 870 1170 941 magni,
1184 871 1218 926 de
1231 872 1334 941 templo
1349 873 1440 928 sancti
1452 873 1539 928 Marci
1552 879 1686 943 sumeret,
1702 879 1730 929 et
1745 873 1777 928 in
1789 873 1888 930 Eccle-

1063 957 1107 1013 sia
1119 960 1357 1031 evangelistarum
1374 975 1436 1031 quae
1454 967 1499 1017 est
1524 962 1553 1017 in
1569 962 1715 1018 Nenuthin
1736 962 1889 1020 decollaret

1066 1042 1264 1123 [collocaret].
1278 1050 1325 1105 Sic
1338 1051 1453 1106 enimet
1466 1050 1614 1107 castellum
1635 1048 1836 1123 nominabant,
1853 1067 1889 1108 re
1913 1090 1932 1104 .

1064 1136 1190 1192 verentia
1205 1142 1233 1193 et
1247 1152 1342 1194 amore
1360 1139 1508 1195 daemonis.
1524 1140 1596 1196 Sane
1617 1153 1772 1210 perunum
1790 1154 1888 1197 nomen

187 1227 274 1297 capiti
284 1227 512 1297 circumponens,
524 1228 639 1283 dextera
649 1239 715 1282 vcro
731 1224 956 1281 manubaculnm
970 1238 1010 1280 re
1064 1225 1163 1282 ambos
1183 1233 1320 1298 martyres
1335 1227 1547 1300 significaverat
1565 1229 1697 1301 angelus,
1712 1229 1792 1285 sicut
1805 1231 1932 1296 etiam-1

188 1317 293 1387 linens,
312 1322 377 1372 ante
397 1329 507 1371 omnem
533 1322 614 1374 exeat
628 1316 796 1384 exereitum,
822 1313 1009 1384 praeminens
1064 1325 1098 1368 cx
1112 1312 1187 1370 beati
1200 1315 1301 1381 cyrilti
1318 1317 1499 1372 sermonibus
1513 1317 1689 1373 ostendetur.
1707 1316 1790 1373 Nihil
1804 1318 1932 1390 negti„

185 1405 321 1463 adversus
332 1404 457 1461 hostium
472 1405 571 1459 aciem.
592 1405 660 1459 Nam
687 1404 712 1459 si
727 1417 770 1457 me
790 1402 923 1457 Christus
935 1403 1010 1457 Dcus
1065 1417 1133 1473 gens
1150 1403 1285 1459 amabilis
1299 1420 1428 1461 summus
1447 1406 1497 1460 Dei
1512 1406 1653 1476 sacerdos,
1669 1405 1729 1477 egit
1746 1406 1823 1476 quod
1834 1406 1932 1474 sibi

187 1499 284 1561 noster
296 1494 325 1550 lu
341 1507 453 1550 servum
466 1507 551 1561 suum
563 1493 721 1563 deputavit,
736 1498 763 1548 et
781 1490 1009 1561 deprecationem
1065 1490 1157 1549 luerat
1173 1492 1354 1563 imperatum,
1370 1499 1472 1564 quarto
1490 1494 1631 1550 Kalendas
1642 1494 1737 1549 idias
1754 1497 1932 1566 martyri-s

187 1596 300 1654 quoqne
329 1596 418 1638 meam
443 1583 586 1648 exaudiet,
613 1587 699 1651 atque
714 1580 864 1636 victoriam
879 1593 928 1649 per
947 1590 1008 1633 eam
1063 1594 1161 1636 carum
1178 1582 1393 1638 translationem
1404 1582 1592 1652 reliquiarum
1604 1581 1724 1653 iaciens,
1736 1590 1764 1638 et
1779 1597 1932 1640 Selinos

186 1670 280 1739 tidem,
297 1684 353 1741 qua
366 1671 443 1726 circa
459 1672 546 1727 Deum
566 1671 675 1742 flagrat,
698 1668 847 1739 percipiet.
1024 1652 1049 1712 Β
1065 1682 1114 1725 nes
1124 1670 1228 1738 populo
1246 1669 1489 1741 breveshuJ'usrei
1503 1684 1588 1727 causa
1600 1671 1805 1741 pronuntians,
1819 1686 1932 1743 quoq

223 1756 266 1814 11.
293 1760 362 1815 Cum
382 1765 476 1815 autem
500 1758 625 1815 fuissent
650 1758 817 1814 transmissa
843 1772 906 1827 qutc
930 1757 1008 1812 dicta
1064 1757 1278 1828 interponemus
1293 1760 1327 1817 ad
1347 1759 1507 1833 legentium
1529 1759 1730 1816 credulitatem
1752 1760 1840 1816 simul
1862 1775 1932 1828 aaa

125 1857 128 1864 '
186 1853 265 1916 sunt,
280 1853 399 1903 ornatur
412 1848 658 1903 abeocoronatus
670 1845 846 1901 Theodosius
867 1844 954 1914 pallio
977 1844 1006 1899 in
1063 1847 1230 1919 utilitatem,
1245 1849 1336 1917 gratia
1348 1849 1463 1904 Domini
1480 1850 1570 1905 nostri
1595 1850 1661 1905 lesu
1686 1849 1807 1919 Christi,
1825 1864 1932 1919 cum

186 1934 294 2007 galeam
304 1935 364 2005 spei
382 1935 494 1991 salutis.
509 1937 596 1990 Porro
608 1935 724 1990 dextera
738 1948 823 1990 manu
840 1932 942 1990 baculo
955 1946 1008 1988 ac-
1063 1950 1119 2005 quo
1131 1943 1174 1992 est
1189 1937 1264 1992 Patri
1277 1951 1332 1993 una
1351 1952 1416 1994 cum
1431 1938 1543 2008 Spiritu
1557 1938 1660 2010 gloria,
1677 1938 1813 1994 honoret
1829 1939 1931 1994 im*

185 2029 277 2095 cepto,
293 2024 326 2079 ad
340 2023 446 2079 bellum
463 2037 630 2095 progressus
642 2028 694 2092 est,
710 2027 739 2077 et
764 2024 876 2092 primus
894 2020 1005 2079 fidelem

189 2110 364 2180 precededat
381 2108 1005 2182 exercitum3quemcumbarbarividisseut,

185 2200 220 2256 ad
236 2197 332 2272 lugam
344 2199 441 2255 statim
461 2199 590 2263 conversi
610 2203 687 2268 sunt,
702 2202 730 2254 et
750 2198 918 2268 semetipsos
933 2198 1008 2254 eade

186 2293 285 2345 mutua
296 2288 490 2354 trucidarunt,
500 2287 604 2360 sagitta
613 2302 663 2344 seu
673 2288 732 2344 ictu
742 2287 778 2342 ab
786 2287 915 2343 exercitu
926 2286 1007 2341 nullo

186 2392 305 2448 prorsus
315 2381 439 2447 accepto.
451 2379 585 2447 litusque
598 2376 627 2431 in
640 2376 723 2432 linem
735 2375 787 2431 hac
797 2375 917 2431 salutari
927 2375 1008 2447 galea

186 2464 298 2535 piusac
314 2466 365 2521 Dei
383 2465 494 2522 amicus
514 2465 669 2535 imperator
686 2478 737 2534 pro
755 2464 833 2520 omni
851 2464 1008 2519 adornatus

185 2558 229 2610 est
238 2555 398 2611 diademate
408 2572 416 2623 ς
425 2553 558 2624 cujusrei
571 2553 657 2609 etiam
670 2551 814 2622 publicam
823 2550 1007 2608 testivitatem

184 2643 364 2699 Alexandria
376 2657 426 2713 per
449 2641 579 2714 singulos
599 2655 688 2697 annos
706 2641 914 2709 concelebrant,
935 2639 1008 2695 hanc

187 2731 314 2788 iconium
328 2731 523 2787 nominantes:
541 2729 650 2784 iconam
669 2729 777 2800 quippe
796 2727 901 2783 habent
914 2727 1008 2796 ipsius

186 2818 227 2889 pii
239 2818 352 2874 scilicet
364 2816 555 2887 imperatoris,
567 2819 653 2885 caput
665 2816 779 2887 quidem
797 2815 884 2886 pallio
895 2827 1007 2883 cooper-

185 2911 246 2961 tum
258 2905 400 2974 babeatis,
418 2905 534 2961 dextera
554 2918 619 2960 xero
632 2917 717 2959 manu
736 2903 870 2961 baculum
885 2902 1007 2958 retinea-

187 2994 234 3062 tis,
248 2998 277 3050 et
292 2994 401 3066 iugiter
413 2993 583 3050 miraculum
600 2993 735 3049 omuibus
745 2992 939 3062 predicantis,
956 3005 1007 3060 per
1021 2975 1044 3037 C

182 3094 306 3137 annuam
326 3081 533 3139 solemnitatem
556 3094 647 3137 suam.

219 3167 262 3226 45.
277 3169 380 3225 Divina
392 3184 459 3226 vero
477 3170 580 3242 gratia,
601 3174 629 3225 et
642 3169 842 3239 cooperatione
863 3167 958 3225 tidelis
972 3180 1006 3223 ac

183 3258 225 3328 pii
241 3258 383 3329 principis
392 3258 557 3323 Theodosii,
571 3258 703 3315 Ecclesiae
716 3258 831 3329 praesul,
843 3263 871 3314 et
883 3258 1004 3314 ovilium

182 3334 434 3417 quae'hlexandriae
449 3351 517 3404 sunt
530 3351 627 3417 pastor
644 3347 841 3409 cautissimus.
858 3360 891 3402 ac
905 3346 1005 3403 divino

182 3435 242 3491 zelo
252 3434 537 3506 plennsTheophilus
546 3450 654 3505 omnes,
669 3441 701 3492 ut
712 3436 751 3491 ita
762 3435 903 3503 dicamus,
916 3435 1006 3507 genti·

182 3522 253 3579 lium
269 3524 398 3581 culturas
416 3524 562 3594 deposuit,
586 3529 613 3579 et
631 3523 768 3580 oratoriis
791 3527 877 3578 totam
904 3523 1002 3581 urbem

180 3611 484 3681 domibnsadornavit,
500 3617 528 3666 et
547 3611 577 3666 in
593 3610 654 3666 loco
669 3611 719 3681 qui
733 3611 844 3667 dicitur
862 3611 1004 3683 Canopus,

182 3697 319 3768 templum
341 3697 480 3767 apostolis
498 3697 708 3767 amplissimum
728 3702 756 3752 et
779 3697 880 3768 ingens
902 3699 1002 3754 erexit.

182 3787 266 3841 Extra
281 3784 379 3840 urbem
394 3789 488 3840 autem
504 3788 547 3840 est
562 3784 624 3850 hoe,
640 3785 734 3856 signis
755 3785 790 3840 ab
808 3799 840 3841 ea
852 3786 1003 3843 duodecim

181 3871 303 3943 distans,
321 3872 435 3944 insigne
452 3876 485 3927 ut
500 3871 676 3942 perhibetur,
696 3879 725 3928 et
740 3872 838 3942 pueris
850 3874 1002 3945 gentilium

181 3958 351 4014 venerabile.
367 3959 430 4015 lllie
444 3959 519 4015 enim
533 3959 569 4016 ab
590 3959 633 4015 eis
652 3961 768 4017 deorum
784 3966 885 4029 cletus,
907 3967 938 4019 ut
958 3963 970 4016 t
985 3992 1003 4003 -·

183 4052 261 4117 runt,
276 4060 338 4103 esse
359 4048 531 4118 putabatur3
548 4049 588 4104 ita
607 4054 639 4104 ut
659 4051 754 4106 omnis
768 4050 855 4106 simul
876 4051 921 4107 via
939 4066 1002 4122 quae

183 4135 254 4190 illuc
264 4134 299 4191 ab
310 4135 380 4192 urbe
393 4137 524 4208 ducebat,
538 4142 626 4194 strata
646 4138 753 4195 tabulis
778 4145 852 4195 esset
868 4138 1001 4211 lapideis,

182 4223 357 4295 praediisque
367 4239 399 4280 ac
424 4225 535 4282 balneis
548 4226 733 4283 consisteret:
751 4227 854 4298 viginti
868 4231 960 4283 autem
976 4234 1004 4283 et

182 4317 307 4382 quatuor
321 4313 351 4369 in
367 4327 400 4371 ea
412 4328 473 4371 esse
487 4315 554 4371 hinc
570 4315 636 4371 inde
651 4314 750 4370 balnea
769 4313 1000 4386 conscribuntur,
1017 4328 1044 4389 ι)

180 4414 243 4472 que
257 4401 351 4458 adhuc
364 4406 459 4461 autem
475 4402 599 4459 noudum
623 4407 705 4458 erant
726 4401 856 4473 suffossa,
874 4407 905 4458 ut
919 4403 1002 4459 multi

179 4489 282 4547 dicunt
296 4492 345 4562 qui
363 4496 511 4562 noverunt,
528 4493 617 4549 sedet
640 4505 730 4562 usque
748 4490 782 4546 ad
799 4492 892 4563 ipsum
908 4493 1001 4549 locum

179 4578 229 4648 qui
245 4579 505 4650 diciturcanopus,
524 4580 605 4636 urbis
628 4578 735 4647 lanum,
754 4579 904 4652 lorumque
919 4597 1001 4639 omne

181 4666 364 4734 prepositum
378 4673 536 4739 putaretur,
551 4680 567 4722 a
580 4681 637 4737 quo
656 4667 769 4724 duobus
779 4668 873 4739 signis
888 4669 1001 4727 distans

177 4751 338 4818 rastellum,
355 4752 463 4809 idolum
479 4753 599 4809 habebat
614 4754 764 4811 llauuthin
781 4756 946 4825 vocimtum,
969 4758 998 4813 in

179 4853 236 4908 quo
248 4838 396 4896 manifeste
405 4841 631 4912 cooperabantur
640 4843 811 4913 nequissimi
823 4844 954 4913 spiritus.
967 4847 998 4901 ln

179 4937 236 4994 guo
258 4925 390 4983 videlicet
411 4928 537 5000 castello,
563 4944 665 4985 rursus
688 4930 823 4999 templum
846 4931 1000 4987 edificavit

178 5013 363 5085 evangelistis
377 5030 455 5073 sacer
467 5018 652 5088 Theophilus.

215 5097 257 5156 ld.
283 5102 348 5157 Post
367 5103 569 5161 dormitionem
593 5119 658 5161 vero
680 5104 843 5176 Theophili,
860 5121 924 5163 cum
941 5107 999 5178 Cy-

179 5189 264 5247 rillus
276 5191 448 5262 suscepisset
460 5193 586 5249 ecclesie
596 5194 798 5265 gubernacula,
813 5194 939 5264 cyrillus
958 5198 999 5252 in-

178 5279 996 5351 quamillemagnns,pietatisamator,ethdeiviolatorum

176 5367 332 5438 depositor,
349 5367 524 5423 curaeratei
541 5382 596 5424 nou
607 5368 817 5440 qualiscunque
829 5371 996 5429 destruendi

211 5485 227 5517 ²
241 5474 281 5532 lta
295 5474 369 5547 cod,
385 5475 414 5532 id
429 5478 473 5531 est
482 5478 545 5546 fine.

1063 2025 1172 2095 perium
1195 2026 1223 2081 in
1240 2027 1344 2082 sacrvm
1358 2026 1538 2083 saeculorum.
1555 2028 1652 2083 hmen.

1098 2115 1187 2186 Salve,
1203 2130 1291 2184 sacer,
1312 2122 1404 2171 amate
1418 2118 1484 2180 Deo,
1499 2117 1561 2173 sine
1578 2117 1707 2190 margine
1717 2128 1733 2158 ⁸
1747 2116 1833 2175 salve.

1097 2205 1132 2258 Et
1148 2211 1328 2261 memoresto
1344 2207 1386 2262 tui
1402 2204 1502 2263 fratris
1513 2207 1669 2263 hnastasii.

1368 2379 1447 2421 BEth
1473 2379 1580 2423 cx'nttt1

1168 2466 1334 2509 secundavit
1353 2468 1387 2509 ΑΙ)
1405 2468 1601 2510 ΤΑΒΕΝ181ΟΤΑ5
1619 2469 1774 2527 bonucrios,

1098 2555 1142 2603 oui
1158 2555 1225 2596 SUNT
1246 2556 1395 2613 lucauout,
1412 2557 1472 2605 OUAE
1496 2557 1604 2599 bicthilii
1629 2558 1817 2607 affininitatis,

1133 2643 1167 2685 bn
1190 2644 1300 2686 saneris
1322 2646 1498 2688 niniviticus
1523 2647 1591 2688 Ci'RO
1605 2622 1641 2689 111Ι
1669 2649 1800 2690 tenaxne.

1062 2733 1153 2774 nutriit
1168 2733 1299 2790 SECUNDA,
1315 2735 1384 2783 obeb
1399 2735 1447 2777 EST
1459 2735 1560 2777 OCTAVO
1573 2736 1716 2778 antennas
1736 2736 1876 2779 AUGUSTAS.

1096 2862 1876 2936 Fortitudoetpatientiabona,atquevisionabilisdua-

1061 2949 1129 3006 litas
1151 2951 1301 3022 virtutum,
1327 2960 1440 3008 sanctos
1459 2953 1592 3009 condecet
1618 2954 1760 3026 maxime,
1783 2953 1877 3024 quibus

1061 3037 1161 3093 beatus
1187 3039 1302 3107 quidem
1326 3040 1414 3096 David
1441 3040 1594 3096 acclamat:
1623 3042 1749 3095 Viriliter
1773 3058 1832 3109 ape,
1858 3044 1877 3094 ct

1060 3129 1227 3194 confortetur
1239 3143 1283 3181 cor
1298 3132 1384 3189 iatum,
1402 3129 1427 3182 el
1436 3129 1539 3183 sustine
1555 3131 1710 3184 Dominum.
1728 3129 1877 3186 salvatoris

1033 3236 1036 3241 ·
1060 3218 1154 3269 autem
1170 3213 1350 3285 discipulus:
1366 3216 1506 3272 Patientia
1516 3217 1598 3273 vobis
1612 3222 1656 3273 cst
1668 3217 1840 3288 necessaria,
1854 3223 1879 3274 ut

1063 3302 1233 3360 ‹oluntatem
1261 3305 1309 3360 Dei
1336 3304 1483 3376 iacientes,
1511 3307 1678 3377 percipiatis
1700 3309 1878 3376 promissum.

1060 3391 1178 3460 Oportet
1192 3393 1299 3463 quippe
1313 3408 1365 3450 nos
1382 3395 1411 3450 in
1426 3395 1543 3452 exordio
1559 3395 1699 3452 bonorum
1716 3397 1779 3452 heri
1795 3397 1842 3454 sed
1856 3396 1880 3451 h-

1062 3492 1124 3535 uem
1137 3481 1297 3552 exquirere,
1312 3487 1345 3538 ut
1355 3495 1472 3554 regnum
1483 3483 1619 3540 ooelorum
1631 3484 1843 3554 haereditemus,
1853 3485 1878 3540 in

1060 3569 1251 3626 Christolesu
1275 3571 1395 3628 Domino
1411 3577 1518 3641 nostro,
1533 3573 1580 3628 cui
1597 3572 1690 3645 gloria
1703 3580 1732 3630 et
1750 3580 1877 3645 potestas

1061 3658 1158 3715 Amen.

1415 3773 1534 3815 EIUSDEM

1095 3857 1186 3899 entelli
1214 3858 1329 3900 SEPTIMA
1353 3858 1381 3900 ib
1405 3860 1453 3900 EST
1479 3861 1573 3902 ahmin
1596 3861 1713 3904 nauehu.
1733 3863 1847 3906 AUGUST-

1123 3972 1124 3977 η
1166 3947 1333 3989 suuxrrouss
1363 3948 1424 3990 uum
1450 3949 1477 3990 m
1504 3950 1782 3994 sancrosuaurxxus

1093 4035 1162 4077 assa
1190 4036 1282 4078 cvnuu
1306 4036 1339 4077 ur
1364 4036 1497 4094 voauusu,
1513 4038 1559 4086 our
1581 4038 1628 4081 uic
1643 4039 1849 4096 aeorrxescuxr3

1057 4124 1109 4166 aen
1124 4124 1194 4173 onus
1207 4125 1255 4166 urc
1270 4125 1356 4167 aurun
1383 4127 1511 4168 msxuuxr
1531 4128 1564 4169 ur
1580 4127 1775 4172 uouonxumsu
1793 4129 1880 4172 soavu

1389 4216 1551 4273 rassrousu,

1128 4303 1161 4345 ιιι
1190 4303 1388 4345 uerosxrvounu
1421 4304 1581 4347 sauerxnuu
1610 4306 1812 4356 uexvoumauu.

1058 4390 1136 4434 picra
1171 4393 1219 4435 esr
1258 4393 1350 4435 rursu
1393 4394 1522 4436 raesens
1557 4396 1644 4438 aurun
1682 4398 1821 4440 uaanarro
1854 4397 1879 4439 m·

1395 4483 1542 4541 uuraxmx,

1200 4571 1269 4619 ouon
1296 4572 1522 4615 vurunrnsrxrun
1551 4574 1738 4632 rmurrrurra,

1125 4660 1187 4702 srva
1212 4661 1240 4701 m
1253 4660 1381 4702 accussm
1395 4662 1554 4704 sancroauu
1569 4663 1773 4707 arosrouoaux.

1091 4771 1170 4844 Pigri
1184 4785 1239 4827 nou
1251 4770 1444 4829 luimuscirca
1453 4779 1623 4830 consuetum
1636 4788 1807 4845 sermonem,
1821 4779 1877 4846 sed,

1055 4865 1089 4917 ut
1100 4860 1177 4916 dixit
1187 4860 1325 4930 Salvator,
1341 4863 1456 4931 spiritus
1472 4863 1581 4930 quidem
1596 4868 1742 4933 promptus
1755 4871 1806 4928 est,
1819 4882 1879 4920 caro

1055 4955 1144 5004 cotem
1156 4944 1266 5019 infirmo
1277 4968 1286 5015 ,-
1299 4949 1443 5006 credimus
1453 4951 1530 5006 euim
1545 4964 1595 5020 per
1607 4957 1722 5008 sanctas
1737 4954 1879 5010 orationes

1055 5042 1172 5102 vestras,
1199 5038 1352 5094 miserante
1376 5039 1443 5107 beo,
1472 5039 1619 5096 minuetur
1645 5039 1775 5098 afflictio.
1801 5043 1878 5113 Quod

1053 5131 1147 5183 autem
1158 5131 1185 5182 et
1198 5126 1400 5198 cogitavimus,
1417 5132 1446 5182 et
1455 5129 1567 5199 egimus
1584 5133 1701 5198 propter
1712 5130 1876 5190 utilitatem.

1054 5216 1158 5271 iterum
1174 5214 1255 5270 vobis
1270 5215 1462 5270 necessarium
1484 5216 1579 5271 dicere
1602 5218 1815 5286 prospeximus.
1830 5220 1880 5274 Et-

1052 5305 1128 5360 enim
1142 5305 1272 5376 regiones
1283 5305 1345 5360 istae
1357 5305 1477 5360 medicis
1489 5304 1656 5376 indigebant
1665 5319 1698 5361 ex
1712 5309 1768 5363 ileo
1779 5322 1878 5364 euran-

1053 5393 1140 5449 tibus.
1158 5393 1193 5449 Ut
1204 5407 1271 5465 crgo
1291 5394 1387 5450 omnia
1410 5394 1471 5450 loca
1483 5394 1695 5465 adjuvaremus,
1713 5403 1742 5452 ct
1756 5399 1878 5453 maxime
