3876 6090
110 242 181 304 tasi
771 246 945 304 EPlSTOLAE
974 245 1156 303 FOleATAE.
1642 266 1646 271 ·
1751 243 1821 307 ΙΜ

112 367 217 424 minem
229 364 368 424 clericum
378 366 541 424 alienumet
552 367 680 441 ignotum
691 365 1048 440 recipieballqqutcm
1077 375 1106 427 et
1128 370 1318 442 accipientem
1343 371 1403 428 fieri
1430 373 1563 442 oportet3
1592 374 1736 441 quatenus
1765 369 1817 426 lrac

112 456 257 527 episcopo,
290 460 318 512 et
346 455 537 512 inthronizari
575 457 606 512 in
632 471 684 513 sua
712 456 849 529 Ecclesia,
877 455 935 512 nisi
991 459 1163 516 auctoritate
1175 461 1382 531 securus,jure
1395 463 1494 516 vestran
1510 458 1617 515 ditioni
1638 458 1746 529 sublici
1763 473 1815 517 va-

112 545 246 602 babeata
263 543 381 615 proprio
395 544 530 616 episcopo
545 545 706 618 epistolam,
723 560 786 617 quae
802 546 832 601 in
846 558 937 601 cano
992 545 1063 602 leret
1080 548 1169 618 Cujus
1184 547 1376 619 petitionibus
1388 552 1556 618 annuentes,
1572 547 1716 604 mittimus
1729 547 1816 604 nobi-

111 633 200 690 nibus
216 633 384 689 nominatur
398 631 529 689 formata.
548 634 613 689 ldeo
629 639 727 690 notum
744 632 867 690 facimus
883 646 937 705 pa·
992 633 1068 691 litati
1088 641 1188 694 vestrae
1210 637 1283 694 banc
1303 636 1453 708 epistolam
1469 636 1606 693 canonica
1624 636 1812 693 institutione

112 722 242 779 ternitati
259 726 369 792 vestran,
385 723 461 792 quod
475 735 599 793 praesens
612 721 700 779 frater
714 728 819 789 noster,
835 723 935 779 barum
991 722 1153 798 formatam,
1171 732 1203 784 ut
1213 741 1297 798 quem
1310 725 1476 783 sanctitatis
1487 729 1589 781 vestras
1603 726 1704 783 amodo
1714 731 1816 784 custo-

113 810 276 867 litterarum
289 810 422 881 portitor,
440 810 556 866 nomine
570 810 729 883 adruinus,
746 824 803 867 non
819 823 937 882 prosus
991 813 1047 870 diae
1062 816 1189 888 rogando
1202 816 1421 885 committimus,
1436 827 1502 870 eum
1518 812 1607 870 libera
1628 819 1725 870 nostra
1744 828 1817 872 con-

112 898 244 970 nequitia
269 898 408 969 expulsus
430 903 474 954 est
496 913 512 954 a
536 899 630 970 nobis,
651 899 699 955 sed
721 898 937 971 postulantibus
990 904 1122 961 cessione
1131 904 1376 975 adqnodcunqne
1391 901 1528 971 officium,
1543 915 1593 959 seu
1608 901 1642 957 ad
1658 915 1818 972 quemcun-

111 985 253 1044 fratribus
273 987 393 1044 nostris.
419 1001 452 1043 eo
476 988 551 1058 quod
572 1001 606 1044 cx
622 985 734 1043 familia
751 993 848 1043 nostra
868 985 935 1058 fuit,
992 1006 1047 1064 que
1062 994 1181 1065 gradum
1201 994 1295 1049 visum
1317 992 1415 1063 fuerit,
1437 990 1640 1062 promoveatis,
1658 995 1686 1046 ct
1706 1004 1817 1047 omnem

110 1075 247 1132 dedimus
261 1076 288 1131 ei
304 1075 466 1132 libertatem
483 1083 624 1146 receptam
637 1089 653 1131 a
666 1089 756 1133 cornu
770 1075 873 1131 altaris
886 1089 938 1131 ca-
992 1094 1077 1151 quam
1098 1095 1243 1154 argaeum
1265 1079 1404 1138 hactenus
1424 1082 1592 1150 potestatem
1614 1078 1699 1135 nobis
1719 1078 1816 1149 licuit,
1864 1122 1872 1133 .

113 1164 226 1233 nonice,
242 1169 270 1219 et
282 1163 482 1221 ordinavimus
491 1178 556 1221 eum
571 1165 606 1221 ad
621 1165 740 1237 gradum
754 1163 936 1235 presbyterii.
991 1182 1123 1226 exercere
1142 1171 1182 1226 sit
1200 1169 1283 1226 vobis
1302 1169 1425 1227 licitum.
1448 1170 1482 1223 Et
1502 1171 1535 1224 ut
1557 1166 1656 1224 nullus
1677 1167 1706 1222 in
1722 1171 1817 1224 vestro

109 1253 164 1310 Cui
179 1255 266 1311 etiam
283 1253 530 1311 hasdimissorias
545 1255 605 1310 sive
619 1254 870 1312 commendatitias
884 1253 939 1310 lit·
992 1257 1089 1314 animo
1112 1257 1269 1328 scrupulus
1293 1255 1486 1313 haesitationis
1506 1258 1661 1325 remaneat,
1680 1267 1713 1310 ea
1733 1253 1817 1327 signa

112 1345 189 1398 teras
205 1340 337 1412 fecimus,
350 1345 456 1398 etcum
472 1343 506 1399 ad
523 1347 645 1399 vestram
658 1342 792 1399 dilectam
806 1341 938 1398 fraterni·
992 1361 1055 1417 quae
1077 1347 1168 1402 sancti
1188 1350 1284 1418 patres
1305 1346 1335 1401 in
1356 1345 1472 1401 Nicaeno
1491 1342 1617 1400 concilio
1637 1347 1763 1400 statuere
1785 1343 1815 1398 in

111 1433 199 1486 tatem
215 1430 383 1503 dirigimus,
400 1436 432 1486 ut
454 1431 482 1486 in
496 1437 589 1487 vestra
611 1431 747 1502 parocbia
768 1431 822 1488 sub
844 1436 936 1487 vestro
992 1434 1160 1503 hujusmodi
1173 1434 1306 1505 epistolis
1321 1433 1483 1503 scribenda,
1499 1432 1529 1488 in
1542 1430 1647 1502 primis
1660 1435 1689 1487 et
1701 1430 1816 1487 ultimis
1900 1429 1907 1439 “

112 1532 196 1576 sacro
208 1520 348 1591 regimine
360 1525 388 1575 et
398 1518 565 1576 defensione
577 1520 735 1577 consistere
749 1519 850 1576 valeat.
866 1521 935 1592 Ego,
991 1523 1205 1580 adnotavimus.
1228 1537 1314 1578 nunu.

111 1605 243 1679 inquam,
261 1607 289 1663 in
313 1608 428 1664 nomine
442 1606 469 1662 11
483 1608 586 1678 l‘atris,
602 1613 630 1664 et
645 1607 763 1679 tuitii,
787 1612 846 1664 eta
867 1607 937 1677 Spi-
1027 1609 1150 1682 (Litterae
1172 1610 1260 1667 fronti
1280 1609 1402 1681 praebxae
1420 1622 1476 1664 non
1494 1607 1567 1664 satis
1580 1607 1698 1678 integras
1712 1605 1817 1662 viden-

111 1696 190 1752 ritus
204 1697 307 1766 sancti,
329 1703 357 1753 et
376 1697 405 1753 in
423 1697 532 1753 unitate
548 1702 651 1753 sanctae
666 1696 810 1767 Ecclesiae,
832 1697 861 1752 in
881 1687 1051 1768 qualitur,
1080 1688 1108 1738 θῑ
1134 1682 1304 1738 subdiat‘dssi
1335 1693 1437 1736 ¹¹0ffl01¹
1470 1691 1527 1734 ¹¹0ss
1555 1690 1721 1747 expressum
1756 1689 1814 1731 lem

993 1746 1818 1891 ,¹

111 1874 193 1930 ⁰³⁶⁰
213 1873 335 1930 humilis
349 1874 501 1944 episcopus
516 1874 711 1945 Presbyterum
726 1873 887 1931 Adfuissflffl
903 1874 939 1930 ‘¹⁰
993 1894 1024 1950 in
1044 1909 1151 1951 annum
1174 1891 1252 1965 loss,
1272 1892 1327 1948 sub
1345 1891 1465 1948 initium
1489 1889 1609 1945 concilii
1628 1887 1818 1945 arvernensis

112 1962 233 2018 civitate
248 1962 433 2033 virdunensi,
454 1962 613 2019 indictione
632 1975 672 2033 ni,
695 1967 723 2017 et
739 1961 886 2017 licentiam
900 1962 938 2018 do
991 1965 1099 2021 Urbani
1132 1967 1165 2020 ll.
1197 1966 1339 2020 Hactenus
1371 1974 1438 2034 ergo
1468 1959 1658 2016 formularum
1689 1958 1817 2028 exempla

112 2050 207 2121 vobis,
221 2050 357 2116 Eatbode,
371 2050 545 2107 venerabilis
555 2050 780 2122 archiepiscope,
796 2050 939 2107 inthroni·
993 2036 1126 2092 undecim
1151 2049 1214 2107 [11¹ae
1240 2045 1490 2105 llf0ll⁰⁸1¹⁰l³ffl1¹⁸2
1521 2033 1672 2087 ‘lucullum
1699 2041 1816 2086 ⁵¹¹⁰l¹¹¹¹¹

113 2139 200 2195 zaudi
216 2153 279 2195 eum
297 2139 326 2196 in
343 2152 514 2211 quacunque
528 2139 649 2196 ecclesia
665 2138 756 2195 vultis
770 2142 870 2195 vestrm
884 2152 938 2217 pa7
992 2106 1160 2234 f⁰ffli¹¹t¹b¹ll⁸
1172 2105 1338 2234 gssslisslli¹2
1362 2101 1818 2230 (iffiussnaerdifopgltffi‘tmefflg

112 2228 236 2284 rocbiae.
262 2227 400 2284 Dilectam
425 2229 625 2299 paternitatem
650 2231 772 2284 vestram
796 2228 938 2284 virtutum
1003 2190 1082 2234 ⁰⁰⁰⁶
1108 2191 1170 2234 ³¹¹¹
1210 2188 1383 2248 genemetq

112 2315 237 2373 donibus
264 2316 444 2388 insignitam,
467 2317 648 2389 omnipotens
677 2317 752 2374 Deus
772 2328 939 2373 conservare
993 2247 1235 2375 floefflmmmm
1247 2244 1591 2318 edwegnurnumem
1605 2240 1647 2299 θ’
1661 2242 1815 2298 smum

113 2404 261 2477 dignetur.
1013 2319 1245 2462 abdimum
1266 2404 1402 2474 pecccatis
1420 2403 1537 2474 epistola
1557 2403 1691 2470 formata.

148 2526 236 2567 nunu.
266 2524 432 2568 nccnxrvuv.
459 2511 496 2576 ll,
518 2511 553 2566 Υ.
570 2511 652 2585 dlii.
670 2512 701 2567 Δ.
717 2512 748 2567 Δ.
762 2514 793 2567 Δ.
808 2510 843 2568 Θ.
857 2505 884 2584 5.
900 2510 935 2567 Θ.
1029 2516 1059 2571 ln
1087 2513 1138 2569 net
1167 2512 1282 2569 nomine
1308 2508 1492 2565 sanctissimo
1517 2520 1550 2563 ac
1575 2505 1814 2564 reverendissimo

150 2602 220 2657 Data
239 2601 341 2671 quinto
359 2600 428 2657 ldus
444 2601 524 2672 llaii,
540 2614 615 2659 anno
629 2601 786 2658 Dominicae
802 2600 939 2657 incarna-
993 2600 1077 2657 fratri
1096 2601 1144 2656 liti
1165 2600 1309 2672 episcopo,
1335 2597 1384 2652 llic
1402 2597 1483 2652 filios
1499 2594 1582 2652 urbis
1596 2593 1759 2665 episcopus,
1783 2592 1814 2649 in

113 2688 205 2746 tionis
217 2687 280 2758 906,
295 2688 455 2745 indictione
470 2702 510 2745 nx.

151 2809 285 2880 (Indictio
301 2823 330 2864 rr
353 2823 448 2865 mense
466 2809 552 2875 liaio,
567 2814 596 2866 et
608 2810 791 2881 episcopatus
811 2809 938 2866 badonis

112 2893 189 2937 anno
213 2882 323 2937 Christi
350 2886 515 2950 competunt
540 2879 602 2936 906.
626 2883 815 2937 Numerorum
843 2886 936 2938 autem

112 2966 235 3022 summa,
256 2965 320 3022 quas
333 2951 387 3008 sub
403 2951 486 3006 finem
509 2951 694 3022 exprimitur,
707 2958 736 3007 et
753 2952 861 3009 Graecis
882 2952 938 3007 lit-

992 2690 1114 2746 Domino
1129 2689 1331 2759 sempiternam
1345 2684 1477 2742 salutem.

1027 2777 1185 2850 cognoscat
1208 2775 1373 2833 fraternitas
1392 2787 1443 2830 seu
1469 2771 1596 2828 charitas
1617 2773 1721 2842 vestra,
1746 2768 1816 2840 quia

993 2866 1048 2922 iste
1069 2879 1193 2936 praesens
1209 2863 1355 2935 presbyter
1369 2861 1487 2917 nomino
1507 2861 1567 2925 illc,
1583 2859 1615 2915 in
1636 2857 1773 2929 parocbia
1787 2862 1816 2914 et

992 2955 1023 3010 in
1037 2954 1158 3010 ecclesia
1172 2960 1270 3010 nostra
1284 2950 1376 3007 sacris
1390 2949 1498 3005 litteris
1508 2948 1647 3005 educatus
1659 2945 1727 3018 fuit,
1742 2949 1771 3002 et
1779 2944 1815 3002 ab

113 3023 185 3078 ²⁸⁸⁸
202 3023 382 3094 desififfifflb
404 3023 435 3078 fl‘
447 3036 481 3077 θ’(
504 3035 623 3079 flumem
644 3023 789 3078 “immuni
810 3035 889 3091 ⁰⁰³1
909 3027 976 3098 ⁰10
993 3040 1116 3098 infantia
1133 3040 1190 3097 fuit
1209 3039 1284 3110 apud
1301 3051 1363 3107 nos,
1379 3049 1430 3092 scu
1450 3035 1671 3106 praedecessores
1690 3038 1814 3104 nostros,

113 3107 148 3149 ex
162 3095 279 3164 proprio
292 3107 391 3160 cuvvu,
407 3107 490 3164 quern
507 3094 631 3150 reddunt
646 3093 750 3149 litterae
763 3093 802 3162 Λ,
817 3106 844 3164 a,
861 3107 886 3163 r,
897 3092 935 3162 A,

115 3178 180 3220 cum
204 3165 423 3308 indic3ione1x.
444 3164 580 3221 Omnium
593 3163 670 3220 enim
693 3177 749 3220 una
762 3177 874 3220 summa
894 3169 937 3220 est

117 3247 284 3292 ccccxxvnu.

501 3359 550 3414 XI.

116 3483 152 3546 ss,
164 3482 226 3545 Μ
240 3482 276 3547 ll,
294 3484 326 3545 d,
344 3498 372 3545 a,
386 3482 422 3545 Θ.
438 3496 467 3546 n,
489 3497 520 3546 u,
541 3497 570 3538 x.
595 3483 723 3541 Durondi
741 3483 859 3553 episcopi
876 3481 938 3537 Ar-

148 3570 294 3609 uernorum
311 3555 349 3608 nd
368 3555 520 3621 ltudnlsnrn
543 3556 734 3617 Turonensem,
747 3569 800 3626 pro
818 3553 937 3609 subdio-

148 3641 214 3680 cono
230 3626 359 3694 quodam,
375 3641 453 3696 quem
469 3626 528 3695 ejus
540 3641 612 3681 curae
626 3628 775 3680 committit.

149 3749 304 3805 Durandus
317 3750 367 3805 Dei
391 3749 484 3822 gratia
505 3750 695 3807 nivernensis
708 3751 862 3821 episcopus
877 3750 937 3806 llo-

113 3836 197 3894 dulfo
222 3836 465 3894 excellentissimo
488 3839 677 3896 Turonicensi
701 3839 935 3910 archiepiscopo,

991 3129 1098 3187 bonum
1121 3129 1228 3185 habens
1247 3126 1457 3188 testimonium,
1480 3123 1640 3194 bonamque
1661 3121 1817 3177 continen-

992 3221 1073 3292 tiam,
1088 3224 1117 3275 et
1132 3218 1311 3275 innocentem
1333 3215 1421 3272 vitam
1441 3212 1595 3269 deducens.
1611 3209 1691 3266 Unde
1707 3209 1818 3279 placuit

993 3307 1038 3364 illi
1066 3308 1149 3365 modo
1175 3311 1208 3364 ut
1229 3306 1264 3362 ad
1286 3305 1372 3362 aliam
1395 3299 1550 3358 Ecclesiam
1573 3312 1603 3354 se
1629 3300 1814 3368 converteret,

992 3395 1089 3453 volens
1116 3393 1173 3451 sibi
1200 3405 1327 3465 quarere
1354 3389 1506 3456 seniorem,
1536 3385 1640 3456 quise
1666 3384 1701 3440 de
1730 3381 1815 3440 rebus

991 3478 1198 3551 temporalibus
1210 3476 1335 3547 adjuvet,
1350 3480 1378 3531 et
1388 3474 1435 3531 cui
1450 3474 1499 3531 ille
1510 3474 1667 3531 secundum
1678 3472 1815 3530 ministe-

992 3569 1079 3631 rium.
1105 3567 1180 3638 quod
1203 3564 1260 3622 sibi
1285 3564 1447 3634 injunctum
1469 3568 1524 3636 est,
1546 3561 1717 3633 obsequium
1738 3574 1815 3633 prae-

991 3657 1064 3714 beat.
1083 3656 1163 3713 Unde
1183 3659 1304 3712 vestram
1320 3653 1527 3710 fraternitatem
1544 3656 1717 3722 compertam
1738 3647 1815 3706 faci-

992 3760 1066 3814 mus,
1083 3751 1115 3802 ut
1127 3744 1290 3814 cuicunque
1306 3741 1447 3812 placuerit
1459 3755 1523 3799 euru
1537 3741 1693 3811 suscipere,
1707 3738 1814 3810 absque

993 3836 1053 3892 ulla
1062 3833 1252 3905 ambiguitate
1262 3833 1315 3889 boc
1326 3829 1423 3902 faciat,
1436 3829 1531 3887 sciens
1540 3828 1623 3887 illum
1634 3832 1663 3885 et
1672 3826 1741 3884 boni
1752 3840 1814 3883 esse

115 3927 190 3999 quod
208 3926 237 3982 in
251 3933 327 3982 terra
340 3925 457 3984 felicius
472 3926 515 3983 vel
531 3927 644 3983 beatius
657 3927 687 3982 in
700 3927 781 3984 coelo.
991 3922 1162 3992 testimonii,
1176 3927 1229 3978 eta
1243 3920 1326 3977 nobis
1340 3919 1398 3976 sibi
1408 3919 1444 3975 ab
1458 3917 1596 3988 Ecclesia,
1608 3931 1672 3989 quae
1685 3914 1769 3973 nobis
1778 3913 1812 3971 ad

148 4015 312 4084 comperiat
324 4013 443 4071 dilectio
457 4022 551 4071 vestra
568 4014 643 4085 quod
662 4014 711 4070 bic
728 4027 853 4085 praesens
865 4013 938 4070 sub·
993 4011 1146 4084 regendum
1171 4021 1304 4065 concessa
1327 4014 1380 4079 est,
1403 4006 1547 4080 migrandi
1570 4005 1716 4061 licentiam
1731 4014 1816 4059 acce-

113 4102 265 4173 diaconus,
285 4116 369 4175 quem
385 4116 470 4159 manu
486 4103 602 4174 propria
621 4103 861 4174 consecravimus,
879 4103 939 4159 mi·
993 4101 1079 4171 pisse.
1097 4100 1131 4153 Et
1146 4100 1178 4154 ut
1193 4096 1236 4151 bae
1251 4095 1354 4153 littera
1366 4095 1522 4153 firmiorem
1534 4093 1682 4150 obtineant
1692 4090 1819 4164 dignita·

113 4192 301 4249 sericorditer
315 4190 466 4248 formatam
478 4204 494 4247 a
505 4190 589 4247 nobis
604 4191 726 4261 expetiit
734 4190 896 4261 epistolam,
910 4195 938 4245 et
993 4196 1060 4259 tem,
1078 4186 1238 4256 meliusque
1253 4184 1296 4242 eis
1315 4185 1386 4242 fides
1410 4184 1593 4254 adhibeatur,
1610 4194 1698 4238 manu
1718 4184 1817 4236 nostra

114 4294 226 4338 omnem
248 4282 447 4338 auctoritatem
468 4281 645 4351 canonicam,
669 4281 747 4338 sicut
768 4281 843 4338 inter
863 4281 939 4338 dan·
992 4291 1041 4336 eas
1050 4272 1338 4334 subterfirmavimus.
