<?xml version="1.0" encoding="UTF-8"?>
<!DOCTYPE html PUBLIC "-//W3C//DTD XHTML 1.0 Transitional//EN"
    "http://www.w3.org/TR/xhtml1/DTD/xhtml1-transitional.dtd">
<html xmlns="http://www.w3.org/1999/xhtml" xml:lang="en" lang="en">
 <head>
  <title>
</title>
<meta http-equiv="Content-Type" content="text/html;charset=utf-8" />
  <meta name='ocr-system' content='tesseract 3.04.00' />
  <meta name='ocr-capabilities' content='ocr_page ocr_carea ocr_par ocr_line ocrx_word'/>
</head>
<body>
  <div class='ocr_page' id='page_1' title='image "./patrologiaecurs06migngoog_0413.png"; bbox 0 0 3876 6090; ppageno 0'>
   <div class='ocr_carea' id='block_1_1' title="bbox 188 270 1894 349">
    <p class='ocr_par' dir='ltr' id='par_1_1' title="bbox 188 270 1894 349">
     <span class='ocr_line' id='line_1_1' title="bbox 188 270 1894 349; baseline -0.011 -1"><span class='ocrx_word' id='word_1_1' title='bbox 188 287 243 349; x_wconf 78' lang='grc'>845</span> <span class='ocrx_word' id='word_1_2' title='bbox 878 274 1048 334; x_wconf 73' lang='lat' dir='ltr'>STEPHANI</span> <span class='ocrx_word' id='word_1_3' title='bbox 1066 275 1164 332; x_wconf 77' lang='lat' dir='ltr'><strong>PAPAE</strong></span> <span class='ocrx_word' id='word_1_4' title='bbox 1184 277 1206 332; x_wconf 89' lang='lat' dir='ltr'>v</span> <span class='ocrx_word' id='word_1_5' title='bbox 1841 270 1894 330; x_wconf 80' lang='lat' dir='ltr'>bld</span> 
     </span>
    </p>
   </div>
   <div class='ocr_carea' id='block_1_2' title="bbox 186 397 1899 1364">
    <p class='ocr_par' dir='ltr' id='par_1_2' title="bbox 186 397 1899 1364">
     <span class='ocr_line' id='line_1_2' title="bbox 187 397 1897 489; baseline -0.013 -11"><span class='ocrx_word' id='word_1_6' title='bbox 187 432 265 478; x_wconf 78' lang='lat' dir='ltr'>sone</span> <span class='ocrx_word' id='word_1_7' title='bbox 283 427 454 489; x_wconf 89' lang='lat' dir='ltr'>quacunqua</span> <span class='ocrx_word' id='word_1_8' title='bbox 465 411 607 485; x_wconf 73' lang='lat' dir='ltr'>dignitate</span> <span class='ocrx_word' id='word_1_9' title='bbox 627 407 752 480; x_wconf 80' lang='lat' dir='ltr'>predita</span> <span class='ocrx_word' id='word_1_10' title='bbox 767 405 810 462; x_wconf 87' lang='lat' dir='ltr'>ias</span> <span class='ocrx_word' id='word_1_11' title='bbox 835 405 874 460; x_wconf 92' lang='lat' dir='ltr'>sit</span> <span class='ocrx_word' id='word_1_12' title='bbox 893 414 1009 474; x_wconf 87' lang='lat' dir='ltr'>quoquo</span> <span class='ocrx_word' id='word_1_13' title='bbox 1022 420 1053 482; x_wconf 71' lang='grc' dir='ltr'><strong>Α</strong></span> <span class='ocrx_word' id='word_1_14' title='bbox 1069 400 1283 471; x_wconf 90' lang='lat' dir='ltr'>monasterium,</span> <span class='ocrx_word' id='word_1_15' title='bbox 1295 400 1342 456; x_wconf 90' lang='lat' dir='ltr'>cui</span> <span class='ocrx_word' id='word_1_16' title='bbox 1357 400 1419 471; x_wconf 90' lang='lat' dir='ltr'>ipsa</span> <span class='ocrx_word' id='word_1_17' title='bbox 1432 397 1859 472; x_wconf 70' lang='lat' dir='ltr'>preessedignosceris,{situm</span> <span class='ocrx_word' id='word_1_18' title='bbox 1870 398 1897 455; x_wconf 92' lang='lat' dir='ltr'>in</span> 
     </span>
     <span class='ocr_line' id='line_1_3' title="bbox 192 489 1898 566; baseline -0.012 0"><span class='ocrx_word' id='word_1_19' title='bbox 192 508 275 566; x_wconf 92' lang='lat' dir='ltr'>modo</span> <span class='ocrx_word' id='word_1_20' title='bbox 285 506 357 562; x_wconf 94' lang='lat' dir='ltr'>illud</span> <span class='ocrx_word' id='word_1_21' title='bbox 372 503 505 560; x_wconf 86' lang='lat' dir='ltr'>invadere</span> <span class='ocrx_word' id='word_1_22' title='bbox 519 501 562 557; x_wconf 85' lang='lat' dir='ltr'>rel</span> <span class='ocrx_word' id='word_1_23' title='bbox 575 499 626 556; x_wconf 91' lang='lat' dir='ltr'>alii</span> <span class='ocrx_word' id='word_1_24' title='bbox 640 497 831 564; x_wconf 87' lang='lat' dir='ltr'>commodare,</span> <span class='ocrx_word' id='word_1_25' title='bbox 857 506 908 549; x_wconf 92' lang='lat' dir='ltr'>nec</span> <span class='ocrx_word' id='word_1_26' title='bbox 921 491 1012 563; x_wconf 90' lang='lat' dir='ltr'>quid·</span> <span class='ocrx_word' id='word_1_27' title='bbox 1069 490 1216 545; x_wconf 91' lang='lat' dir='ltr'>territorio</span> <span class='ocrx_word' id='word_1_28' title='bbox 1227 490 1382 547; x_wconf 74' lang='lat' dir='ltr'>dioeceseos</span> <span class='ocrx_word' id='word_1_29' title='bbox 1405 504 1474 562; x_wconf 78' lang='lat' dir='ltr'>sure,</span> <span class='ocrx_word' id='word_1_30' title='bbox 1500 502 1564 547; x_wconf 91' lang='lat' dir='ltr'>oum</span> <span class='ocrx_word' id='word_1_31' title='bbox 1577 489 1715 546; x_wconf 91' lang='lat' dir='ltr'>omnibus</span> <span class='ocrx_word' id='word_1_32' title='bbox 1737 489 1804 545; x_wconf 89' lang='lat' dir='ltr'>suls</span> <span class='ocrx_word' id='word_1_33' title='bbox 1813 489 1898 558; x_wconf 74' lang='lat' dir='ltr'>justit</span> 
     </span>
     <span class='ocr_line' id='line_1_4' title="bbox 187 579 1897 671; baseline -0.011 -16"><span class='ocrx_word' id='word_1_34' title='bbox 187 610 272 671; x_wconf 85' lang='lat' dir='ltr'>quarn</span> <span class='ocrx_word' id='word_1_35' title='bbox 291 595 327 652; x_wconf 89' lang='lat' dir='ltr'>de</span> <span class='ocrx_word' id='word_1_36' title='bbox 346 592 463 651; x_wconf 87' lang='lat' dir='ltr'>lamulls</span> <span class='ocrx_word' id='word_1_37' title='bbox 484 590 527 647; x_wconf 86' lang='lat' dir='ltr'>rel</span> <span class='ocrx_word' id='word_1_38' title='bbox 541 589 649 647; x_wconf 88' lang='lat' dir='ltr'>mansis</span> <span class='ocrx_word' id='word_1_39' title='bbox 676 599 784 644; x_wconf 77' lang='lat' dir='ltr'>necnon</span> <span class='ocrx_word' id='word_1_40' title='bbox 810 583 900 640; x_wconf 88' lang='lat' dir='ltr'>servis</span> <span class='ocrx_word' id='word_1_41' title='bbox 913 587 942 637; x_wconf 92' lang='lat' dir='ltr'>et</span> <span class='ocrx_word' id='word_1_42' title='bbox 958 594 1014 636; x_wconf 83' lang='lat' dir='ltr'>an·</span> <span class='ocrx_word' id='word_1_43' title='bbox 1068 579 1290 649; x_wconf 88' lang='lat' dir='ltr'>pertinentiiset</span> <span class='ocrx_word' id='word_1_44' title='bbox 1303 580 1483 649; x_wconf 77' lang='lat' dir='ltr'>adjacentiis,</span> <span class='ocrx_word' id='word_1_45' title='bbox 1497 579 1584 649; x_wconf 85' lang='lat' dir='ltr'>bujus</span> <span class='ocrx_word' id='word_1_46' title='bbox 1598 579 1787 636; x_wconf 68' lang='lat' dir='ltr'>auctoritatis</span> <span class='ocrx_word' id='word_1_47' title='bbox 1798 587 1897 637; x_wconf 79' lang='lat' dir='ltr'>nostra</span> 
     </span>
     <span class='ocr_line' id='line_1_5' title="bbox 186 665 1899 756; baseline -0.011 -13"><span class='ocrx_word' id='word_1_48' title='bbox 186 685 276 756; x_wconf 92' lang='lat' dir='ltr'>cillls,</span> <span class='ocrx_word' id='word_1_49' title='bbox 291 682 354 740; x_wconf 91' lang='lat' dir='ltr'>litis</span> <span class='ocrx_word' id='word_1_50' title='bbox 367 686 395 738; x_wconf 94' lang='lat' dir='ltr'>et</span> <span class='ocrx_word' id='word_1_51' title='bbox 409 679 520 751; x_wconf 91' lang='lat' dir='ltr'>liberis,</span> <span class='ocrx_word' id='word_1_52' title='bbox 532 677 592 734; x_wconf 82' lang='lat' dir='ltr'>sire</span> <span class='ocrx_word' id='word_1_53' title='bbox 606 675 763 747; x_wconf 81' lang='lat' dir='ltr'>quidquam</span> <span class='ocrx_word' id='word_1_54' title='bbox 776 673 811 729; x_wconf 93' lang='lat' dir='ltr'>de</span> <span class='ocrx_word' id='word_1_55' title='bbox 826 670 911 728; x_wconf 88' lang='lat' dir='ltr'>rebus</span> <span class='ocrx_word' id='word_1_56' title='bbox 926 668 1014 725; x_wconf 91' lang='lat' dir='ltr'>mobi·</span> <span class='ocrx_word' id='word_1_57' title='bbox 1068 667 1220 739; x_wconf 87' lang='lat' dir='ltr'>privilegio</span> <span class='ocrx_word' id='word_1_58' title='bbox 1236 668 1422 724; x_wconf 80' lang='lat' dir='ltr'>muniremus.</span> <span class='ocrx_word' id='word_1_59' title='bbox 1434 668 1524 738; x_wconf 83' lang='lat' dir='ltr'>Cujus</span> <span class='ocrx_word' id='word_1_60' title='bbox 1538 667 1731 737; x_wconf 82' lang='lat' dir='ltr'>postulationi</span> <span class='ocrx_word' id='word_1_61' title='bbox 1752 665 1849 724; x_wconf 79' lang='lat' dir='ltr'>lasere</span> <span class='ocrx_word' id='word_1_62' title='bbox 1862 668 1899 725; x_wconf 90' lang='lat' dir='ltr'>ni·</span> 
     </span>
     <span class='ocr_line' id='line_1_6' title="bbox 187 756 1898 837; baseline -0.009 -5"><span class='ocrx_word' id='word_1_63' title='bbox 187 774 267 834; x_wconf 89' lang='lat' dir='ltr'>libus</span> <span class='ocrx_word' id='word_1_64' title='bbox 275 773 318 829; x_wconf 89' lang='lat' dir='ltr'>vel</span> <span class='ocrx_word' id='word_1_65' title='bbox 333 767 531 827; x_wconf 89' lang='lat' dir='ltr'>immobilibus</span> <span class='ocrx_word' id='word_1_66' title='bbox 540 766 632 837; x_wconf 92' lang='lat' dir='ltr'>deque</span> <span class='ocrx_word' id='word_1_67' title='bbox 641 763 731 821; x_wconf 91' lang='lat' dir='ltr'>cultis</span> <span class='ocrx_word' id='word_1_68' title='bbox 742 770 770 818; x_wconf 92' lang='lat' dir='ltr'>et</span> <span class='ocrx_word' id='word_1_69' title='bbox 781 759 901 817; x_wconf 87' lang='lat' dir='ltr'>incultis</span> <span class='ocrx_word' id='word_1_70' title='bbox 912 770 1014 814; x_wconf 84' lang='lat' dir='ltr'>memo</span> <span class='ocrx_word' id='word_1_71' title='bbox 1068 761 1168 826; x_wconf 84' lang='lat' dir='ltr'>tentes,</span> <span class='ocrx_word' id='word_1_72' title='bbox 1183 757 1326 827; x_wconf 72' lang='lat' dir='ltr'>precipue</span> <span class='ocrx_word' id='word_1_73' title='bbox 1339 771 1404 814; x_wconf 92' lang='lat' dir='ltr'>cum</span> <span class='ocrx_word' id='word_1_74' title='bbox 1421 757 1550 814; x_wconf 92' lang='lat' dir='ltr'>omnium</span> <span class='ocrx_word' id='word_1_75' title='bbox 1568 756 1607 813; x_wconf 92' lang='lat' dir='ltr'>sit</span> <span class='ocrx_word' id='word_1_76' title='bbox 1621 757 1822 814; x_wconf 81' lang='lat' dir='ltr'>Ecclesiarum</span> <span class='ocrx_word' id='word_1_77' title='bbox 1834 772 1898 816; x_wconf 85' lang='lat' dir='ltr'>curt</span> 
     </span>
     <span class='ocr_line' id='line_1_7' title="bbox 188 843 1896 919; baseline -0.009 0"><span class='ocrx_word' id='word_1_78' title='bbox 188 862 245 919; x_wconf 87' lang='lat' dir='ltr'>rati</span> <span class='ocrx_word' id='word_1_79' title='bbox 258 857 423 917; x_wconf 90' lang='lat' dir='ltr'>monasterii</span> <span class='ocrx_word' id='word_1_80' title='bbox 439 853 653 913; x_wconf 84' lang='lat' dir='ltr'>siblvindicare</span> <span class='ocrx_word' id='word_1_81' title='bbox 664 856 716 907; x_wconf 91' lang='lat' dir='ltr'>aut</span> <span class='ocrx_word' id='word_1_82' title='bbox 729 848 812 906; x_wconf 89' lang='lat' dir='ltr'>alteri</span> <span class='ocrx_word' id='word_1_83' title='bbox 825 849 932 905; x_wconf 87' lang='lat' dir='ltr'>donare</span> <span class='ocrx_word' id='word_1_84' title='bbox 946 858 1014 916; x_wconf 63' lang='lat' dir='ltr'>praa</span> <span class='ocrx_word' id='word_1_85' title='bbox 1070 843 1154 901; x_wconf 92' lang='lat' dir='ltr'>nobis</span> <span class='ocrx_word' id='word_1_86' title='bbox 1175 846 1337 910; x_wconf 89' lang='lat' dir='ltr'>commissa,</span> <span class='ocrx_word' id='word_1_87' title='bbox 1355 846 1409 903; x_wconf 91' lang='lat' dir='ltr'>boc</span> <span class='ocrx_word' id='word_1_88' title='bbox 1420 845 1611 917; x_wconf 87' lang='lat' dir='ltr'>apostolieum</span> <span class='ocrx_word' id='word_1_89' title='bbox 1628 851 1762 904; x_wconf 91' lang='lat' dir='ltr'>nostrum</span> <span class='ocrx_word' id='word_1_90' title='bbox 1786 847 1896 916; x_wconf 79' lang='lat' dir='ltr'>privile·</span> 
     </span>
     <span class='ocr_line' id='line_1_8' title="bbox 188 933 1898 1009; baseline -0.01 0"><span class='ocrx_word' id='word_1_91' title='bbox 188 953 293 1009; x_wconf 86' lang='lat' dir='ltr'>sumat</span> <span class='ocrx_word' id='word_1_92' title='bbox 318 947 366 1006; x_wconf 87' lang='lat' dir='ltr'>sed</span> <span class='ocrx_word' id='word_1_93' title='bbox 388 959 453 1002; x_wconf 89' lang='lat' dir='ltr'>curn</span> <span class='ocrx_word' id='word_1_94' title='bbox 473 942 608 1001; x_wconf 91' lang='lat' dir='ltr'>omnibus</span> <span class='ocrx_word' id='word_1_95' title='bbox 632 940 718 998; x_wconf 90' lang='lat' dir='ltr'>rebus</span> <span class='ocrx_word' id='word_1_96' title='bbox 735 946 764 994; x_wconf 92' lang='lat' dir='ltr'>et</span> <span class='ocrx_word' id='word_1_97' title='bbox 783 934 1014 1008; x_wconf 86' lang='lat' dir='ltr'>possessionibus</span> <span class='ocrx_word' id='word_1_98' title='bbox 1069 933 1147 1006; x_wconf 90' lang='lat' dir='ltr'>ginm</span> <span class='ocrx_word' id='word_1_99' title='bbox 1159 933 1221 990; x_wconf 88' lang='lat' dir='ltr'>lleri</span> <span class='ocrx_word' id='word_1_100' title='bbox 1232 934 1420 1004; x_wconf 87' lang='lat' dir='ltr'>decrevimus,</span> <span class='ocrx_word' id='word_1_101' title='bbox 1430 934 1560 1006; x_wconf 91' lang='lat' dir='ltr'>perquod</span> <span class='ocrx_word' id='word_1_102' title='bbox 1574 940 1603 991; x_wconf 93' lang='lat' dir='ltr'>et</span> <span class='ocrx_word' id='word_1_103' title='bbox 1615 934 1642 990; x_wconf 89' lang='lat' dir='ltr'>id</span> <span class='ocrx_word' id='word_1_104' title='bbox 1659 935 1756 1006; x_wconf 91' lang='lat' dir='ltr'>ipsum</span> <span class='ocrx_word' id='word_1_105' title='bbox 1769 949 1898 993; x_wconf 81' lang='lat' dir='ltr'>reneran</span> 
     </span>
     <span class='ocr_line' id='line_1_9' title="bbox 187 1022 1898 1100; baseline -0.009 -3"><span class='ocrx_word' id='word_1_106' title='bbox 187 1053 220 1097; x_wconf 90' lang='lat' dir='ltr'>ao</span> <span class='ocrx_word' id='word_1_107' title='bbox 234 1035 432 1097; x_wconf 85' lang='lat' dir='ltr'>oblationibus</span> <span class='ocrx_word' id='word_1_108' title='bbox 443 1038 471 1090; x_wconf 92' lang='lat' dir='ltr'>et</span> <span class='ocrx_word' id='word_1_109' title='bbox 485 1029 657 1100; x_wconf 85' lang='lat' dir='ltr'>redditibus,</span> <span class='ocrx_word' id='word_1_110' title='bbox 674 1042 737 1099; x_wconf 81' lang='lat' dir='ltr'>quae</span> <span class='ocrx_word' id='word_1_111' title='bbox 749 1026 886 1083; x_wconf 92' lang='lat' dir='ltr'>canonice</span> <span class='ocrx_word' id='word_1_112' title='bbox 895 1028 923 1080; x_wconf 90' lang='lat' dir='ltr'>et</span> <span class='ocrx_word' id='word_1_113' title='bbox 938 1023 1014 1095; x_wconf 89' lang='lat' dir='ltr'>legi·</span> <span class='ocrx_word' id='word_1_114' title='bbox 1067 1023 1136 1079; x_wconf 91' lang='lat' dir='ltr'>dum</span> <span class='ocrx_word' id='word_1_115' title='bbox 1148 1023 1352 1080; x_wconf 91' lang='lat' dir='ltr'>monasterium</span> <span class='ocrx_word' id='word_1_116' title='bbox 1366 1022 1545 1095; x_wconf 88' lang='lat' dir='ltr'>roboramus,</span> <span class='ocrx_word' id='word_1_117' title='bbox 1558 1032 1586 1080; x_wconf 92' lang='lat' dir='ltr'>et</span> <span class='ocrx_word' id='word_1_118' title='bbox 1600 1023 1762 1095; x_wconf 88' lang='lat' dir='ltr'>apostolica</span> <span class='ocrx_word' id='word_1_119' title='bbox 1778 1025 1898 1082; x_wconf 90' lang='lat' dir='ltr'>auctori·</span> 
     </span>
     <span class='ocr_line' id='line_1_10' title="bbox 188 1110 1897 1196; baseline -0.009 -10"><span class='ocrx_word' id='word_1_120' title='bbox 188 1129 257 1185; x_wconf 90' lang='lat' dir='ltr'>time</span> <span class='ocrx_word' id='word_1_121' title='bbox 273 1126 347 1184; x_wconf 90' lang='lat' dir='ltr'>inibi</span> <span class='ocrx_word' id='word_1_122' title='bbox 360 1126 437 1196; x_wconf 88' lang='lat' dir='ltr'>data,</span> <span class='ocrx_word' id='word_1_123' title='bbox 456 1121 559 1195; x_wconf 88' lang='lat' dir='ltr'>largita</span> <span class='ocrx_word' id='word_1_124' title='bbox 574 1124 643 1176; x_wconf 91' lang='lat' dir='ltr'>sunt</span> <span class='ocrx_word' id='word_1_125' title='bbox 655 1122 685 1174; x_wconf 88' lang='lat' dir='ltr'>et</span> <span class='ocrx_word' id='word_1_126' title='bbox 704 1117 809 1174; x_wconf 90' lang='lat' dir='ltr'>donata</span> <span class='ocrx_word' id='word_1_127' title='bbox 823 1127 856 1169; x_wconf 90' lang='lat' dir='ltr'>ac</span> <span class='ocrx_word' id='word_1_128' title='bbox 878 1112 1014 1183; x_wconf 88' lang='lat' dir='ltr'>deinceps</span> <span class='ocrx_word' id='word_1_129' title='bbox 1068 1117 1125 1168; x_wconf 89' lang='lat' dir='ltr'>tate</span> <span class='ocrx_word' id='word_1_130' title='bbox 1139 1110 1212 1167; x_wconf 90' lang='lat' dir='ltr'>inibi</span> <span class='ocrx_word' id='word_1_131' title='bbox 1227 1114 1261 1169; x_wconf 93' lang='lat' dir='ltr'>ad</span> <span class='ocrx_word' id='word_1_132' title='bbox 1284 1113 1519 1169; x_wconf 86' lang='lat' dir='ltr'>sustentationem</span> <span class='ocrx_word' id='word_1_133' title='bbox 1532 1113 1706 1169; x_wconf 89' lang='lat' dir='ltr'>ancillarum</span> <span class='ocrx_word' id='word_1_134' title='bbox 1725 1113 1778 1170; x_wconf 83' lang='lat' dir='ltr'>Del</span> <span class='ocrx_word' id='word_1_135' title='bbox 1795 1114 1897 1170; x_wconf 60' lang='lat' dir='ltr'>conus</span> 
     </span>
     <span class='ocr_line' id='line_1_11' title="bbox 186 1197 1894 1282; baseline -0.008 -9"><span class='ocrx_word' id='word_1_136' title='bbox 186 1210 448 1282; x_wconf 84' lang='lat' dir='ltr'>donabuntur,juri</span> <span class='ocrx_word' id='word_1_137' title='bbox 461 1223 494 1265; x_wconf 91' lang='lat' dir='ltr'>ac</span> <span class='ocrx_word' id='word_1_138' title='bbox 509 1206 632 1266; x_wconf 83' lang='lat' dir='ltr'>utilitati</span> <span class='ocrx_word' id='word_1_139' title='bbox 649 1203 749 1261; x_wconf 91' lang='lat' dir='ltr'>crebro</span> <span class='ocrx_word' id='word_1_140' title='bbox 762 1201 835 1258; x_wconf 89' lang='lat' dir='ltr'>dieti</span> <span class='ocrx_word' id='word_1_141' title='bbox 846 1197 1013 1257; x_wconf 91' lang='lat' dir='ltr'>monasterii</span> <span class='ocrx_word' id='word_1_142' title='bbox 1068 1214 1179 1258; x_wconf 87' lang='lat' dir='ltr'>mamus</span> <span class='ocrx_word' id='word_1_143' title='bbox 1192 1215 1291 1258; x_wconf 91' lang='lat' dir='ltr'>omnes</span> <span class='ocrx_word' id='word_1_144' title='bbox 1301 1216 1355 1274; x_wconf 92' lang='lat' dir='ltr'>res,</span> <span class='ocrx_word' id='word_1_145' title='bbox 1368 1216 1431 1274; x_wconf 79' lang='lat' dir='ltr'>qum</span> <span class='ocrx_word' id='word_1_146' title='bbox 1442 1215 1458 1258; x_wconf 92' lang='lat' dir='ltr'>a</span> <span class='ocrx_word' id='word_1_147' title='bbox 1471 1203 1536 1273; x_wconf 78' lang='lat' dir='ltr'>lure</span> <span class='ocrx_word' id='word_1_148' title='bbox 1550 1203 1679 1273; x_wconf 84' lang='lat' dir='ltr'>praedicti</span> <span class='ocrx_word' id='word_1_149' title='bbox 1691 1203 1826 1275; x_wconf 86' lang='lat' dir='ltr'>episcopi</span> <span class='ocrx_word' id='word_1_150' title='bbox 1837 1217 1894 1260; x_wconf 88' lang='lat' dir='ltr'>cun</span> 
     </span>
     <span class='ocr_line' id='line_1_12' title="bbox 187 1287 1894 1364; baseline -0.008 -2"><span class='ocrx_word' id='word_1_151' title='bbox 187 1311 216 1363; x_wconf 91' lang='lat' dir='ltr'>et</span> <span class='ocrx_word' id='word_1_152' title='bbox 231 1304 334 1361; x_wconf 90' lang='lat' dir='ltr'>usibus</span> <span class='ocrx_word' id='word_1_153' title='bbox 344 1303 402 1358; x_wconf 87' lang='lat' dir='ltr'>Deo</span> <span class='ocrx_word' id='word_1_154' title='bbox 416 1298 489 1357; x_wconf 93' lang='lat' dir='ltr'>inibi</span> <span class='ocrx_word' id='word_1_155' title='bbox 508 1294 710 1354; x_wconf 81' lang='lat' dir='ltr'>famulantium</span> <span class='ocrx_word' id='word_1_156' title='bbox 728 1291 891 1364; x_wconf 89' lang='lat' dir='ltr'>perenniter</span> <span class='ocrx_word' id='word_1_157' title='bbox 905 1287 1014 1346; x_wconf 83' lang='lat' dir='ltr'>condr-</span> <span class='ocrx_word' id='word_1_158' title='bbox 1067 1290 1164 1346; x_wconf 90' lang='lat' dir='ltr'>eodem</span> <span class='ocrx_word' id='word_1_159' title='bbox 1193 1295 1262 1347; x_wconf 90' lang='lat' dir='ltr'>sunt</span> <span class='ocrx_word' id='word_1_160' title='bbox 1287 1292 1460 1349; x_wconf 88' lang='lat' dir='ltr'>monasterio</span> <span class='ocrx_word' id='word_1_161' title='bbox 1482 1296 1661 1349; x_wconf 81' lang='lat' dir='ltr'>commutate</span> <span class='ocrx_word' id='word_1_162' title='bbox 1690 1291 1839 1364; x_wconf 75' lang='lat' dir='ltr'>legaliter,</span> <span class='ocrx_word' id='word_1_163' title='bbox 1859 1292 1894 1348; x_wconf 88' lang='lat' dir='ltr'>rel</span> 
     </span>
    </p>
   </div>
   <div class='ocr_carea' id='block_1_3' title="bbox 83 1378 1896 1456">
    <p class='ocr_par' dir='ltr' id='par_1_3' title="bbox 83 1378 1896 1456">
     <span class='ocr_line' id='line_1_13' title="bbox 83 1378 1896 1456; baseline -0.007 -5"><span class='ocrx_word' id='word_1_164' title='bbox 83 1380 87 1389; x_wconf 77' lang='grc'>’</span> <span class='ocrx_word' id='word_1_165' title='bbox 188 1407 300 1450; x_wconf 90' lang='lat' dir='ltr'>mamus</span> <span class='ocrx_word' id='word_1_166' title='bbox 311 1390 366 1448; x_wconf 91' lang='lat' dir='ltr'>sub</span> <span class='ocrx_word' id='word_1_167' title='bbox 381 1394 430 1447; x_wconf 86' lang='lat' dir='ltr'>tua</span> <span class='ocrx_word' id='word_1_168' title='bbox 447 1387 559 1446; x_wconf 85' lang='lat' dir='ltr'>ditione</span> <span class='ocrx_word' id='word_1_169' title='bbox 570 1385 672 1456; x_wconf 87' lang='lat' dir='ltr'>degere</span> <span class='ocrx_word' id='word_1_170' title='bbox 686 1383 721 1440; x_wconf 88' lang='lat' dir='ltr'>ad</span> <span class='ocrx_word' id='word_1_171' title='bbox 741 1379 895 1453; x_wconf 89' lang='lat' dir='ltr'>regendum</span> <span class='ocrx_word' id='word_1_172' title='bbox 908 1391 941 1433; x_wconf 91' lang='lat' dir='ltr'>ac</span> <span class='ocrx_word' id='word_1_173' title='bbox 965 1390 1014 1432; x_wconf 86' lang='lat' dir='ltr'>re-</span> <span class='ocrx_word' id='word_1_174' title='bbox 1068 1392 1157 1449; x_wconf 80' lang='lat' dir='ltr'>quea</span> <span class='ocrx_word' id='word_1_175' title='bbox 1170 1378 1305 1436; x_wconf 90' lang='lat' dir='ltr'>lidelibus</span> <span class='ocrx_word' id='word_1_176' title='bbox 1320 1388 1348 1436; x_wconf 92' lang='lat' dir='ltr'>et</span> <span class='ocrx_word' id='word_1_177' title='bbox 1360 1381 1447 1436; x_wconf 88' lang='lat' dir='ltr'>Deum</span> <span class='ocrx_word' id='word_1_178' title='bbox 1463 1379 1634 1437; x_wconf 91' lang='lat' dir='ltr'>timentibus</span> <span class='ocrx_word' id='word_1_179' title='bbox 1644 1384 1714 1438; x_wconf 90' lang='lat' dir='ltr'>sunt</span> <span class='ocrx_word' id='word_1_180' title='bbox 1727 1381 1771 1437; x_wconf 91' lang='lat' dir='ltr'>ibi</span> <span class='ocrx_word' id='word_1_181' title='bbox 1792 1381 1896 1438; x_wconf 77' lang='lat' dir='ltr'>collate</span> 
     </span>
    </p>
   </div>
   <div class='ocr_carea' id='block_1_4' title="bbox 126 1466 1897 4117">
    <p class='ocr_par' dir='ltr' id='par_1_4' title="bbox 126 1466 1897 4117">
     <span class='ocr_line' id='line_1_14' title="bbox 187 1466 1894 1556; baseline -0.008 -18"><span class='ocrx_word' id='word_1_182' title='bbox 187 1482 329 1556; x_wconf 85' lang='lat' dir='ltr'>gulariter</span> <span class='ocrx_word' id='word_1_183' title='bbox 344 1477 579 1549; x_wconf 91' lang='lat' dir='ltr'>dispensandum.</span> <span class='ocrx_word' id='word_1_184' title='bbox 601 1474 659 1529; x_wconf 91' lang='lat' dir='ltr'>lmo</span> <span class='ocrx_word' id='word_1_185' title='bbox 678 1483 827 1528; x_wconf 86' lang='lat' dir='ltr'>censemus</span> <span class='ocrx_word' id='word_1_186' title='bbox 850 1467 923 1524; x_wconf 94' lang='lat' dir='ltr'>nulli</span> <span class='ocrx_word' id='word_1_187' title='bbox 940 1466 1015 1522; x_wconf 87' lang='lat' dir='ltr'>ude-</span> <span class='ocrx_word' id='word_1_188' title='bbox 1067 1468 1102 1524; x_wconf 90' lang='lat' dir='ltr'>ad</span> <span class='ocrx_word' id='word_1_189' title='bbox 1120 1483 1202 1526; x_wconf 90' lang='lat' dir='ltr'>usum</span> <span class='ocrx_word' id='word_1_190' title='bbox 1215 1473 1243 1525; x_wconf 91' lang='lat' dir='ltr'>et</span> <span class='ocrx_word' id='word_1_191' title='bbox 1263 1469 1418 1525; x_wconf 89' lang='lat' dir='ltr'>utilitatem</span> <span class='ocrx_word' id='word_1_192' title='bbox 1436 1469 1597 1526; x_wconf 88' lang='lat' dir='ltr'>earumdem</span> <span class='ocrx_word' id='word_1_193' title='bbox 1620 1469 1894 1541; x_wconf 87' lang='lat' dir='ltr'>sanctimonialium,</span> 
     </span>
     <span class='ocr_line' id='line_1_15' title="bbox 187 1557 1897 1636; baseline -0.006 -9"><span class='ocrx_word' id='word_1_194' title='bbox 187 1571 260 1628; x_wconf 89' lang='lat' dir='ltr'>lium</span> <span class='ocrx_word' id='word_1_195' title='bbox 279 1569 392 1627; x_wconf 83' lang='lat' dir='ltr'>licitum</span> <span class='ocrx_word' id='word_1_196' title='bbox 408 1565 468 1624; x_wconf 88' lang='lat' dir='ltr'>lore</span> <span class='ocrx_word' id='word_1_197' title='bbox 485 1563 642 1636; x_wconf 85' lang='lat' dir='ltr'>quamlibet</span> <span class='ocrx_word' id='word_1_198' title='bbox 661 1574 748 1631; x_wconf 86' lang='lat' dir='ltr'>super</span> <span class='ocrx_word' id='word_1_199' title='bbox 761 1557 887 1628; x_wconf 86' lang='lat' dir='ltr'>ejusdem</span> <span class='ocrx_word' id='word_1_200' title='bbox 913 1568 1013 1612; x_wconf 84' lang='lat' dir='ltr'>mona·</span> <span class='ocrx_word' id='word_1_201' title='bbox 1069 1569 1187 1614; x_wconf 92' lang='lat' dir='ltr'>necnon</span> <span class='ocrx_word' id='word_1_202' title='bbox 1201 1557 1597 1629; x_wconf 84' lang='lat' dir='ltr'>etdeoimaseidempraelato</span> <span class='ocrx_word' id='word_1_203' title='bbox 1609 1559 1788 1616; x_wconf 89' lang='lat' dir='ltr'>monasterio</span> <span class='ocrx_word' id='word_1_204' title='bbox 1797 1573 1897 1617; x_wconf 82' lang='lat' dir='ltr'>annua·</span> 
     </span>
     <span class='ocr_line' id='line_1_16' title="bbox 188 1645 1895 1721; baseline -0.006 -4"><span class='ocrx_word' id='word_1_205' title='bbox 188 1659 270 1717; x_wconf 89' lang='lat' dir='ltr'>sterii</span> <span class='ocrx_word' id='word_1_206' title='bbox 292 1658 422 1715; x_wconf 89' lang='lat' dir='ltr'>bomines</span> <span class='ocrx_word' id='word_1_207' title='bbox 444 1655 584 1711; x_wconf 91' lang='lat' dir='ltr'>ditionem</span> <span class='ocrx_word' id='word_1_208' title='bbox 599 1650 761 1708; x_wconf 87' lang='lat' dir='ltr'>babereaut</span> <span class='ocrx_word' id='word_1_209' title='bbox 778 1648 812 1703; x_wconf 88' lang='lat' dir='ltr'>ad</span> <span class='ocrx_word' id='word_1_210' title='bbox 832 1645 946 1717; x_wconf 88' lang='lat' dir='ltr'>aliquas</span> <span class='ocrx_word' id='word_1_211' title='bbox 959 1658 1015 1700; x_wconf 83' lang='lat' dir='ltr'>ei·</span> <span class='ocrx_word' id='word_1_212' title='bbox 1069 1645 1136 1702; x_wconf 87' lang='lat' dir='ltr'>liter</span> <span class='ocrx_word' id='word_1_213' title='bbox 1146 1647 1268 1716; x_wconf 87' lang='lat' dir='ltr'>persolvi</span> <span class='ocrx_word' id='word_1_214' title='bbox 1281 1661 1439 1720; x_wconf 84' lang='lat' dir='ltr'>censemus,</span> <span class='ocrx_word' id='word_1_215' title='bbox 1458 1649 1567 1721; x_wconf 82' lang='lat' dir='ltr'>quade</span> <span class='ocrx_word' id='word_1_216' title='bbox 1584 1648 1703 1705; x_wconf 88' lang='lat' dir='ltr'>statutis</span> <span class='ocrx_word' id='word_1_217' title='bbox 1717 1648 1895 1706; x_wconf 88' lang='lat' dir='ltr'>villiseldem</span> 
     </span>
     <span class='ocr_line' id='line_1_17' title="bbox 188 1732 1893 1810; baseline -0.008 -3"><span class='ocrx_word' id='word_1_218' title='bbox 188 1749 317 1808; x_wconf 90' lang='lat' dir='ltr'>actiones</span> <span class='ocrx_word' id='word_1_219' title='bbox 328 1751 428 1804; x_wconf 90' lang='lat' dir='ltr'>contra</span> <span class='ocrx_word' id='word_1_220' title='bbox 440 1745 579 1802; x_wconf 89' lang='lat' dir='ltr'>rationem</span> <span class='ocrx_word' id='word_1_221' title='bbox 592 1739 761 1810; x_wconf 89' lang='lat' dir='ltr'>compellere</span> <span class='ocrx_word' id='word_1_222' title='bbox 772 1737 815 1794; x_wconf 89' lang='lat' dir='ltr'>rel</span> <span class='ocrx_word' id='word_1_223' title='bbox 828 1736 1011 1806; x_wconf 82' lang='lat' dir='ltr'>distringere,</span> <span class='ocrx_word' id='word_1_224' title='bbox 1068 1732 1132 1790; x_wconf 88' lang='lat' dir='ltr'>dari</span> <span class='ocrx_word' id='word_1_225' title='bbox 1145 1735 1326 1807; x_wconf 81' lang='lat' dir='ltr'>persolvique</span> <span class='ocrx_word' id='word_1_226' title='bbox 1335 1735 1606 1807; x_wconf 85' lang='lat' dir='ltr'>debentepiseopnli</span> <span class='ocrx_word' id='word_1_227' title='bbox 1620 1735 1710 1793; x_wconf 91' lang='lat' dir='ltr'>simul</span> <span class='ocrx_word' id='word_1_228' title='bbox 1725 1740 1755 1793; x_wconf 90' lang='lat' dir='ltr'>et</span> <span class='ocrx_word' id='word_1_229' title='bbox 1768 1737 1893 1808; x_wconf 88' lang='lat' dir='ltr'>synodali</span> 
     </span>
     <span class='ocr_line' id='line_1_18' title="bbox 189 1796 1895 1907; baseline -0.009 -11"><span class='ocrx_word' id='word_1_230' title='bbox 189 1837 238 1896; x_wconf 90' lang='lat' dir='ltr'>sed</span> <span class='ocrx_word' id='word_1_231' title='bbox 254 1837 342 1894; x_wconf 90' lang='lat' dir='ltr'>sicuti</span> <span class='ocrx_word' id='word_1_232' title='bbox 353 1832 504 1907; x_wconf 81' lang='lat' dir='ltr'>apraeiatis</span> <span class='ocrx_word' id='word_1_233' title='bbox 515 1828 738 1901; x_wconf 86' lang='lat' dir='ltr'>imperatoribus</span> <span class='ocrx_word' id='word_1_234' title='bbox 749 1828 894 1895; x_wconf 86' lang='lat' dir='ltr'>Deumque</span> <span class='ocrx_word' id='word_1_235' title='bbox 906 1824 1015 1880; x_wconf 90' lang='lat' dir='ltr'>timeu-</span> <span class='ocrx_word' id='word_1_236' title='bbox 1028 1796 1055 1858; x_wconf 83' lang='grc' dir='ltr'><strong>Β</strong></span> <span class='ocrx_word' id='word_1_237' title='bbox 1069 1822 1192 1879; x_wconf 88' lang='lat' dir='ltr'>decreto.</span> <span class='ocrx_word' id='word_1_238' title='bbox 1208 1825 1267 1881; x_wconf 93' lang='lat' dir='ltr'>lmo</span> <span class='ocrx_word' id='word_1_239' title='bbox 1284 1829 1312 1880; x_wconf 92' lang='lat' dir='ltr'>et</span> <span class='ocrx_word' id='word_1_240' title='bbox 1322 1825 1455 1881; x_wconf 91' lang='lat' dir='ltr'>consultu</span> <span class='ocrx_word' id='word_1_241' title='bbox 1472 1830 1504 1881; x_wconf 89' lang='lat' dir='ltr'>ut</span> <span class='ocrx_word' id='word_1_242' title='bbox 1518 1824 1629 1881; x_wconf 93' lang='lat' dir='ltr'>intuitu</span> <span class='ocrx_word' id='word_1_243' title='bbox 1644 1839 1748 1882; x_wconf 92' lang='lat' dir='ltr'>sumus</span> <span class='ocrx_word' id='word_1_244' title='bbox 1760 1830 1895 1883; x_wconf 88' lang='lat' dir='ltr'>statutum</span> 
     </span>
     <span class='ocr_line' id='line_1_19' title="bbox 126 1913 1893 1988; baseline -0.007 -5"><span class='ocrx_word' id='word_1_245' title='bbox 126 1929 130 1938; x_wconf 87' lang='lat'>&#39;</span> <span class='ocrx_word' id='word_1_246' title='bbox 190 1925 271 1981; x_wconf 89' lang='lat' dir='ltr'>tibus</span> <span class='ocrx_word' id='word_1_247' title='bbox 281 1934 415 1980; x_wconf 86' lang='lat' dir='ltr'>concessa</span> <span class='ocrx_word' id='word_1_248' title='bbox 437 1919 565 1978; x_wconf 87' lang='lat' dir='ltr'>existunt</span> <span class='ocrx_word' id='word_1_249' title='bbox 588 1922 673 1988; x_wconf 87' lang='lat' dir='ltr'>atque</span> <span class='ocrx_word' id='word_1_250' title='bbox 688 1915 808 1984; x_wconf 88' lang='lat' dir='ltr'>drmata,</span> <span class='ocrx_word' id='word_1_251' title='bbox 827 1913 866 1969; x_wconf 90' lang='lat' dir='ltr'>ita</span> <span class='ocrx_word' id='word_1_252' title='bbox 881 1925 934 1968; x_wconf 92' lang='lat' dir='ltr'>nos</span> <span class='ocrx_word' id='word_1_253' title='bbox 948 1923 1013 1968; x_wconf 90' lang='lat' dir='ltr'>cnm</span> <span class='ocrx_word' id='word_1_254' title='bbox 1069 1916 1113 1968; x_wconf 91' lang='lat' dir='ltr'>est</span> <span class='ocrx_word' id='word_1_255' title='bbox 1125 1916 1154 1968; x_wconf 92' lang='lat' dir='ltr'>et</span> <span class='ocrx_word' id='word_1_256' title='bbox 1170 1913 1306 1970; x_wconf 89' lang='lat' dir='ltr'>canonice</span> <span class='ocrx_word' id='word_1_257' title='bbox 1317 1913 1492 1979; x_wconf 88' lang='lat' dir='ltr'>ordinatum,</span> <span class='ocrx_word' id='word_1_258' title='bbox 1506 1913 1582 1985; x_wconf 94' lang='lat' dir='ltr'>quod</span> <span class='ocrx_word' id='word_1_259' title='bbox 1599 1914 1625 1970; x_wconf 94' lang='lat' dir='ltr'>si</span> <span class='ocrx_word' id='word_1_260' title='bbox 1641 1914 1682 1970; x_wconf 90' lang='lat' dir='ltr'>ita</span> <span class='ocrx_word' id='word_1_261' title='bbox 1693 1928 1741 1971; x_wconf 89' lang='lat' dir='ltr'>res</span> <span class='ocrx_word' id='word_1_262' title='bbox 1759 1928 1791 1971; x_wconf 89' lang='lat' dir='ltr'>se</span> <span class='ocrx_word' id='word_1_263' title='bbox 1807 1913 1893 1986; x_wconf 87' lang='lat' dir='ltr'>babet,</span> 
     </span>
     <span class='ocr_line' id='line_1_20' title="bbox 189 1999 1892 2085; baseline -0.007 -15"><span class='ocrx_word' id='word_1_264' title='bbox 189 2014 263 2085; x_wconf 89' lang='lat' dir='ltr'>ipsis</span> <span class='ocrx_word' id='word_1_265' title='bbox 283 2010 433 2083; x_wconf 78' lang='lat' dir='ltr'>preceptis</span> <span class='ocrx_word' id='word_1_266' title='bbox 446 2005 648 2080; x_wconf 77' lang='lat' dir='ltr'>augustalibus</span> <span class='ocrx_word' id='word_1_267' title='bbox 661 2003 757 2060; x_wconf 91' lang='lat' dir='ltr'>omnia</span> <span class='ocrx_word' id='word_1_268' title='bbox 777 2006 810 2058; x_wconf 90' lang='lat' dir='ltr'>ut</span> <span class='ocrx_word' id='word_1_269' title='bbox 823 2014 855 2058; x_wconf 93' lang='lat' dir='ltr'>ea</span> <span class='ocrx_word' id='word_1_270' title='bbox 867 2000 1016 2057; x_wconf 88' lang='lat' dir='ltr'>continere</span> <span class='ocrx_word' id='word_1_271' title='bbox 1070 1999 1191 2072; x_wconf 78' lang='lat' dir='ltr'>infringi</span> <span class='ocrx_word' id='word_1_272' title='bbox 1201 2000 1355 2073; x_wconf 91' lang='lat' dir='ltr'>nondebet,</span> <span class='ocrx_word' id='word_1_273' title='bbox 1368 2002 1892 2076; x_wconf 82' lang='lat' dir='ltr'>nesynodalisetcanonicusvigor...</span> 
     </span>
     <span class='ocr_line' id='line_1_21' title="bbox 188 2087 1895 2169; baseline -0.008 -10"><span class='ocrx_word' id='word_1_274' title='bbox 188 2087 1014 2169; x_wconf 81' lang='lat' dir='ltr'>ridenturascriptainviolabiliterabomnibussanctaeliei</span> <span class='ocrx_word' id='word_1_275' title='bbox 1071 2129 1152 2145; x_wconf 92' lang='grc'><strong>.....</strong></span> <span class='ocrx_word' id='word_1_276' title='bbox 1157 2089 1895 2163; x_wconf 69' lang='lat' dir='ltr'>‚inprelatasanctaeadrabunnensiecelesia,sicut</span> 
     </span>
     <span class='ocr_line' id='line_1_22' title="bbox 186 2175 1892 2255; baseline -0.007 -7"><span class='ocrx_word' id='word_1_277' title='bbox 186 2189 320 2249; x_wconf 79' lang='lat' dir='ltr'>Ecclesia</span> <span class='ocrx_word' id='word_1_278' title='bbox 335 2186 470 2244; x_wconf 89' lang='lat' dir='ltr'>ildelibus</span> <span class='ocrx_word' id='word_1_279' title='bbox 488 2181 646 2255; x_wconf 88' lang='lat' dir='ltr'>apostolica</span> <span class='ocrx_word' id='word_1_280' title='bbox 659 2179 832 2237; x_wconf 86' lang='lat' dir='ltr'>auctoritate</span> <span class='ocrx_word' id='word_1_281' title='bbox 845 2177 957 2234; x_wconf 88' lang='lat' dir='ltr'>tirmata</span> <span class='ocrx_word' id='word_1_282' title='bbox 968 2175 1016 2233; x_wconf 85' lang='lat' dir='ltr'>ob</span> <span class='ocrx_word' id='word_1_283' title='bbox 1070 2182 1208 2236; x_wconf 89' lang='lat' dir='ltr'>statutum</span> <span class='ocrx_word' id='word_1_284' title='bbox 1230 2192 1293 2236; x_wconf 90' lang='lat' dir='ltr'>esse</span> <span class='ocrx_word' id='word_1_285' title='bbox 1310 2180 1512 2250; x_wconf 89' lang='lat' dir='ltr'>comperimus,</span> <span class='ocrx_word' id='word_1_286' title='bbox 1527 2180 1574 2236; x_wconf 90' lang='lat' dir='ltr'>cui</span> <span class='ocrx_word' id='word_1_287' title='bbox 1586 2179 1621 2236; x_wconf 93' lang='lat' dir='ltr'>de</span> <span class='ocrx_word' id='word_1_288' title='bbox 1629 2181 1727 2237; x_wconf 91' lang='lat' dir='ltr'>eodem</span> <span class='ocrx_word' id='word_1_289' title='bbox 1741 2195 1805 2238; x_wconf 82' lang='lat' dir='ltr'>ven.</span> <span class='ocrx_word' id='word_1_290' title='bbox 1823 2196 1892 2239; x_wconf 91' lang='lat' dir='ltr'>mon.</span> 
     </span>
     <span class='ocr_line' id='line_1_23' title="bbox 186 2264 1893 2347; baseline -0.011 -10"><span class='ocrx_word' id='word_1_291' title='bbox 186 2279 323 2338; x_wconf 87' lang='lat' dir='ltr'>servanda</span> <span class='ocrx_word' id='word_1_292' title='bbox 339 2274 532 2347; x_wconf 81' lang='lat' dir='ltr'>precipimus,</span> <span class='ocrx_word' id='word_1_293' title='bbox 550 2275 708 2328; x_wconf 87' lang='lat' dir='ltr'>statuentes</span> <span class='ocrx_word' id='word_1_294' title='bbox 725 2267 902 2325; x_wconf 92' lang='lat' dir='ltr'>decernendo</span> <span class='ocrx_word' id='word_1_295' title='bbox 915 2270 948 2323; x_wconf 89' lang='lat' dir='ltr'>ut</span> <span class='ocrx_word' id='word_1_296' title='bbox 963 2264 1012 2336; x_wconf 88' lang='lat' dir='ltr'>qui</span> <span class='ocrx_word' id='word_1_297' title='bbox 1070 2282 1167 2326; x_wconf 87' lang='lat' dir='ltr'>curam</span> <span class='ocrx_word' id='word_1_298' title='bbox 1182 2282 1244 2326; x_wconf 92' lang='lat' dir='ltr'>esse</span> <span class='ocrx_word' id='word_1_299' title='bbox 1260 2269 1418 2340; x_wconf 89' lang='lat' dir='ltr'>reperimus</span> <span class='ocrx_word' id='word_1_300' title='bbox 1436 2272 1593 2326; x_wconf 89' lang='lat' dir='ltr'>statuentes</span> <span class='ocrx_word' id='word_1_301' title='bbox 1606 2270 1768 2340; x_wconf 82' lang='lat' dir='ltr'>apostoliea</span> <span class='ocrx_word' id='word_1_302' title='bbox 1780 2285 1893 2328; x_wconf 69' lang='lat' dir='ltr'>censura</span> 
     </span>
     <span class='ocr_line' id='line_1_24' title="bbox 187 2356 1894 2434; baseline -0.005 -9"><span class='ocrx_word' id='word_1_303' title='bbox 187 2366 339 2425; x_wconf 86' lang='lat' dir='ltr'>temerario</span> <span class='ocrx_word' id='word_1_304' title='bbox 348 2379 432 2433; x_wconf 90' lang='lat' dir='ltr'>ausu,</span> <span class='ocrx_word' id='word_1_305' title='bbox 454 2362 530 2434; x_wconf 90' lang='lat' dir='ltr'>quod</span> <span class='ocrx_word' id='word_1_306' title='bbox 547 2373 602 2416; x_wconf 92' lang='lat' dir='ltr'>non</span> <span class='ocrx_word' id='word_1_307' title='bbox 615 2365 756 2429; x_wconf 90' lang='lat' dir='ltr'>optamus,</span> <span class='ocrx_word' id='word_1_308' title='bbox 771 2360 868 2414; x_wconf 92' lang='lat' dir='ltr'>contra</span> <span class='ocrx_word' id='word_1_309' title='bbox 882 2356 935 2413; x_wconf 91' lang='lat' dir='ltr'>boe</span> <span class='ocrx_word' id='word_1_310' title='bbox 959 2369 1015 2411; x_wconf 93' lang='lat' dir='ltr'>no-</span> <span class='ocrx_word' id='word_1_311' title='bbox 1068 2357 1259 2426; x_wconf 80' lang='lat' dir='ltr'>decernimus,</span> <span class='ocrx_word' id='word_1_312' title='bbox 1274 2362 1307 2413; x_wconf 88' lang='lat' dir='ltr'>nt</span> <span class='ocrx_word' id='word_1_313' title='bbox 1329 2357 1402 2414; x_wconf 92' lang='lat' dir='ltr'>nulli</span> <span class='ocrx_word' id='word_1_314' title='bbox 1425 2356 1554 2413; x_wconf 86' lang='lat' dir='ltr'>bdelium</span> <span class='ocrx_word' id='word_1_315' title='bbox 1567 2356 1610 2414; x_wconf 87' lang='lat' dir='ltr'>las</span> <span class='ocrx_word' id='word_1_316' title='bbox 1629 2358 1671 2414; x_wconf 85' lang='lat' dir='ltr'>sit</span> <span class='ocrx_word' id='word_1_317' title='bbox 1682 2373 1802 2432; x_wconf 90' lang='lat' dir='ltr'>quoquo</span> <span class='ocrx_word' id='word_1_318' title='bbox 1817 2361 1894 2416; x_wconf 93' lang='lat' dir='ltr'>modo</span> 
     </span>
     <span class='ocr_line' id='line_1_25' title="bbox 187 2445 1893 2525; baseline -0.005 -13"><span class='ocrx_word' id='word_1_319' title='bbox 187 2461 278 2512; x_wconf 90' lang='lat' dir='ltr'>strum</span> <span class='ocrx_word' id='word_1_320' title='bbox 288 2451 478 2525; x_wconf 88' lang='lat' dir='ltr'>apostolicum</span> <span class='ocrx_word' id='word_1_321' title='bbox 490 2447 673 2520; x_wconf 86' lang='lat' dir='ltr'>privilegium</span> <span class='ocrx_word' id='word_1_322' title='bbox 685 2445 728 2502; x_wconf 91' lang='lat' dir='ltr'>ire</span> <span class='ocrx_word' id='word_1_323' title='bbox 737 2445 780 2500; x_wconf 89' lang='lat' dir='ltr'>vel</span> <span class='ocrx_word' id='word_1_324' title='bbox 788 2457 871 2516; x_wconf 87' lang='lat' dir='ltr'>agere</span> <span class='ocrx_word' id='word_1_325' title='bbox 881 2456 1015 2513; x_wconf 78' lang='lat' dir='ltr'>praesunt·</span> <span class='ocrx_word' id='word_1_326' title='bbox 1068 2452 1166 2504; x_wconf 88' lang='lat' dir='ltr'>contra</span> <span class='ocrx_word' id='word_1_327' title='bbox 1176 2448 1263 2517; x_wconf 79' lang='lat' dir='ltr'>buius</span> <span class='ocrx_word' id='word_1_328' title='bbox 1274 2446 1419 2519; x_wconf 85' lang='lat' dir='ltr'>privilegii</span> <span class='ocrx_word' id='word_1_329' title='bbox 1433 2451 1537 2503; x_wconf 78' lang='lat' dir='ltr'>nostra</span> <span class='ocrx_word' id='word_1_330' title='bbox 1551 2447 1785 2506; x_wconf 91' lang='lat' dir='ltr'>contirmationis</span> <span class='ocrx_word' id='word_1_331' title='bbox 1797 2450 1893 2506; x_wconf 88' lang='lat' dir='ltr'>serien</span> 
     </span>
     <span class='ocr_line' id='line_1_26' title="bbox 187 2533 1893 2615; baseline -0.006 -14"><span class='ocrx_word' id='word_1_332' title='bbox 187 2543 286 2615; x_wconf 83' lang='lat' dir='ltr'>poerit,</span> <span class='ocrx_word' id='word_1_333' title='bbox 313 2546 342 2597; x_wconf 90' lang='lat' dir='ltr'>et</span> <span class='ocrx_word' id='word_1_334' title='bbox 368 2541 398 2597; x_wconf 94' lang='lat' dir='ltr'>ln</span> <span class='ocrx_word' id='word_1_335' title='bbox 418 2544 478 2595; x_wconf 92' lang='lat' dir='ltr'>toto</span> <span class='ocrx_word' id='word_1_336' title='bbox 501 2537 543 2592; x_wconf 90' lang='lat' dir='ltr'>vel</span> <span class='ocrx_word' id='word_1_337' title='bbox 559 2551 593 2593; x_wconf 84' lang='lat' dir='ltr'>ex</span> <span class='ocrx_word' id='word_1_338' title='bbox 616 2540 706 2606; x_wconf 88' lang='lat' dir='ltr'>parte,</span> <span class='ocrx_word' id='word_1_339' title='bbox 729 2533 804 2604; x_wconf 91' lang='lat' dir='ltr'>quod</span> <span class='ocrx_word' id='word_1_340' title='bbox 834 2546 1012 2603; x_wconf 87' lang='lat' dir='ltr'>nequaquam</span> <span class='ocrx_word' id='word_1_341' title='bbox 1068 2535 1115 2607; x_wconf 93' lang='lat' dir='ltr'>pie</span> <span class='ocrx_word' id='word_1_342' title='bbox 1129 2540 1157 2592; x_wconf 90' lang='lat' dir='ltr'>et</span> <span class='ocrx_word' id='word_1_343' title='bbox 1172 2535 1519 2594; x_wconf 88' lang='lat' dir='ltr'>misericorditeranobis</span> <span class='ocrx_word' id='word_1_344' title='bbox 1529 2538 1739 2610; x_wconf 89' lang='lat' dir='ltr'>promulgatam</span> <span class='ocrx_word' id='word_1_345' title='bbox 1751 2551 1834 2611; x_wconf 83' lang='lat' dir='ltr'>agere</span> <span class='ocrx_word' id='word_1_346' title='bbox 1848 2544 1893 2595; x_wconf 85' lang='lat' dir='ltr'>ant</span> 
     </span>
     <span class='ocr_line' id='line_1_27' title="bbox 185 2621 1892 2698; baseline -0.004 -9"><span class='ocrx_word' id='word_1_347' title='bbox 185 2631 247 2689; x_wconf 90' lang='lat' dir='ltr'>ilerl</span> <span class='ocrx_word' id='word_1_348' title='bbox 265 2630 441 2695; x_wconf 91' lang='lat' dir='ltr'>mandamus,</span> <span class='ocrx_word' id='word_1_349' title='bbox 467 2623 624 2696; x_wconf 86' lang='lat' dir='ltr'>intringere</span> <span class='ocrx_word' id='word_1_350' title='bbox 645 2622 797 2679; x_wconf 81' lang='lat' dir='ltr'>tentaverit</span> <span class='ocrx_word' id='word_1_351' title='bbox 818 2621 871 2678; x_wconf 92' lang='lat' dir='ltr'>boc</span> <span class='ocrx_word' id='word_1_352' title='bbox 886 2622 961 2692; x_wconf 92' lang='lat' dir='ltr'>quod</span> <span class='ocrx_word' id='word_1_353' title='bbox 977 2621 1010 2678; x_wconf 91' lang='lat' dir='ltr'>ad</span> <span class='ocrx_word' id='word_1_354' title='bbox 1067 2624 1218 2681; x_wconf 87' lang='lat' dir='ltr'>temerario</span> <span class='ocrx_word' id='word_1_355' title='bbox 1228 2638 1301 2680; x_wconf 91' lang='lat' dir='ltr'>ausu</span> <span class='ocrx_word' id='word_1_356' title='bbox 1313 2625 1349 2681; x_wconf 92' lang='lat' dir='ltr'>de</span> <span class='ocrx_word' id='word_1_357' title='bbox 1360 2624 1568 2696; x_wconf 81' lang='lat' dir='ltr'>omnibusque</span> <span class='ocrx_word' id='word_1_358' title='bbox 1582 2625 1674 2681; x_wconf 88' lang='lat' dir='ltr'>eidem</span> <span class='ocrx_word' id='word_1_359' title='bbox 1691 2640 1769 2682; x_wconf 91' lang='lat' dir='ltr'>mon.</span> <span class='ocrx_word' id='word_1_360' title='bbox 1782 2640 1892 2698; x_wconf 80' lang='lat' dir='ltr'>sueque</span> 
     </span>
     <span class='ocr_line' id='line_1_28' title="bbox 185 2709 1893 2785; baseline -0.012 -7"><span class='ocrx_word' id='word_1_361' title='bbox 185 2720 298 2778; x_wconf 85' lang='lat' dir='ltr'>laudem</span> <span class='ocrx_word' id='word_1_362' title='bbox 319 2718 370 2774; x_wconf 86' lang='lat' dir='ltr'>Dei</span> <span class='ocrx_word' id='word_1_363' title='bbox 398 2712 605 2784; x_wconf 91' lang='lat' dir='ltr'>omnipotentis</span> <span class='ocrx_word' id='word_1_364' title='bbox 620 2715 649 2767; x_wconf 87' lang='lat' dir='ltr'>et</span> <span class='ocrx_word' id='word_1_365' title='bbox 669 2711 855 2768; x_wconf 84' lang='lat' dir='ltr'>stabilitatem</span> <span class='ocrx_word' id='word_1_366' title='bbox 884 2709 1012 2780; x_wconf 85' lang='lat' dir='ltr'>ejusdem</span> <span class='ocrx_word' id='word_1_367' title='bbox 1066 2711 1280 2784; x_wconf 74' lang='lat' dir='ltr'>congregationi</span> <span class='ocrx_word' id='word_1_368' title='bbox 1297 2712 1427 2785; x_wconf 85' lang='lat' dir='ltr'>legaliter</span> <span class='ocrx_word' id='word_1_369' title='bbox 1444 2712 1549 2769; x_wconf 91' lang='lat' dir='ltr'>tradita</span> <span class='ocrx_word' id='word_1_370' title='bbox 1566 2717 1634 2769; x_wconf 88' lang='lat' dir='ltr'>sunt</span> <span class='ocrx_word' id='word_1_371' title='bbox 1646 2713 1690 2770; x_wconf 83' lang='lat' dir='ltr'>vel</span> <span class='ocrx_word' id='word_1_372' title='bbox 1710 2727 1846 2772; x_wconf 74' lang='lat' dir='ltr'>concessa</span> <span class='ocrx_word' id='word_1_373' title='bbox 1860 2714 1893 2770; x_wconf 72' lang='lat' dir='ltr'>sq.</span> 
     </span>
     <span class='ocr_line' id='line_1_29' title="bbox 185 2798 1891 2875; baseline -0.003 -10"><span class='ocrx_word' id='word_1_374' title='bbox 185 2806 352 2865; x_wconf 86' lang='lat' dir='ltr'>monasterii</span> <span class='ocrx_word' id='word_1_375' title='bbox 370 2819 402 2861; x_wconf 92' lang='lat' dir='ltr'>ac</span> <span class='ocrx_word' id='word_1_376' title='bbox 425 2802 628 2860; x_wconf 86' lang='lat' dir='ltr'>monachorum</span> <span class='ocrx_word' id='word_1_377' title='bbox 649 2799 886 2857; x_wconf 90' lang='lat' dir='ltr'>sustentationem</span> <span class='ocrx_word' id='word_1_378' title='bbox 905 2798 940 2854; x_wconf 91' lang='lat' dir='ltr'>ad</span> <span class='ocrx_word' id='word_1_379' title='bbox 957 2812 1013 2854; x_wconf 94' lang='lat' dir='ltr'>no-</span> <span class='ocrx_word' id='word_1_380' title='bbox 1067 2799 1154 2871; x_wconf 91' lang='lat' dir='ltr'>bique</span> <span class='ocrx_word' id='word_1_381' title='bbox 1169 2801 1316 2857; x_wconf 89' lang='lat' dir='ltr'>amodoet</span> <span class='ocrx_word' id='word_1_382' title='bbox 1329 2800 1466 2871; x_wconf 89' lang='lat' dir='ltr'>deinceps</span> <span class='ocrx_word' id='word_1_383' title='bbox 1478 2802 1614 2859; x_wconf 89' lang='lat' dir='ltr'>tradenda</span> <span class='ocrx_word' id='word_1_384' title='bbox 1626 2801 1670 2858; x_wconf 84' lang='lat' dir='ltr'>rel</span> <span class='ocrx_word' id='word_1_385' title='bbox 1687 2802 1819 2875; x_wconf 92' lang='lat' dir='ltr'>legitimo</span> <span class='ocrx_word' id='word_1_386' title='bbox 1830 2804 1891 2873; x_wconf 84' lang='lat' dir='ltr'>jure</span> 
     </span>
     <span class='ocr_line' id='line_1_30' title="bbox 184 2886 1890 2963; baseline -0.011 5"><span class='ocrx_word' id='word_1_387' title='bbox 184 2901 251 2954; x_wconf 60' lang='lat' dir='ltr'><strong>⁸1¹¹ae</strong></span> <span class='ocrx_word' id='word_1_388' title='bbox 266 2894 595 2963; x_wconf 64' lang='lat' dir='ltr'>melledssluilfflffllssffl</span> <span class='ocrx_word' id='word_1_389' title='bbox 607 2889 707 2946; x_wconf 70' lang='grc' dir='ltr'>(ῘίΨίΰο</span> <span class='ocrx_word' id='word_1_390' title='bbox 719 2888 787 2946; x_wconf 70' lang='lat' dir='ltr'>1³0ss</span> <span class='ocrx_word' id='word_1_391' title='bbox 801 2900 896 2944; x_wconf 68' lang='lat' dir='ltr'>amore</span> <span class='ocrx_word' id='word_1_392' title='bbox 910 2886 1014 2944; x_wconf 68' lang='lat' dir='ltr'>statui·</span> <span class='ocrx_word' id='word_1_393' title='bbox 1066 2889 1235 2948; x_wconf 84' lang='lat' dir='ltr'>conterenda</span> <span class='ocrx_word' id='word_1_394' title='bbox 1252 2889 1365 2962; x_wconf 91' lang='lat' dir='ltr'>aliquid</span> <span class='ocrx_word' id='word_1_395' title='bbox 1381 2889 1511 2947; x_wconf 91' lang='lat' dir='ltr'>minuere</span> <span class='ocrx_word' id='word_1_396' title='bbox 1524 2890 1568 2946; x_wconf 88' lang='lat' dir='ltr'>vel</span> <span class='ocrx_word' id='word_1_397' title='bbox 1582 2890 1705 2961; x_wconf 82' lang='lat' dir='ltr'>auterre,</span> <span class='ocrx_word' id='word_1_398' title='bbox 1730 2892 1788 2949; x_wconf 91' lang='lat' dir='ltr'>sibi</span> <span class='ocrx_word' id='word_1_399' title='bbox 1809 2895 1890 2950; x_wconf 89' lang='lat' dir='ltr'>etiam</span> 
     </span>
     <span class='ocr_line' id='line_1_31' title="bbox 184 2976 1892 3055; baseline -0.003 -12"><span class='ocrx_word' id='word_1_400' title='bbox 184 2999 258 3055; x_wconf 90' lang='lat' dir='ltr'>mus,</span> <span class='ocrx_word' id='word_1_401' title='bbox 273 2982 384 3040; x_wconf 87' lang='lat' dir='ltr'>noverit</span> <span class='ocrx_word' id='word_1_402' title='bbox 395 2995 426 3038; x_wconf 93' lang='lat' dir='ltr'>se</span> <span class='ocrx_word' id='word_1_403' title='bbox 435 2979 739 3038; x_wconf 81' lang='lat' dir='ltr'>excommunicandum</span> <span class='ocrx_word' id='word_1_404' title='bbox 754 2984 791 3048; x_wconf 89' lang='lat' dir='ltr'>et,</span> <span class='ocrx_word' id='word_1_405' title='bbox 807 2977 864 3033; x_wconf 93' lang='lat' dir='ltr'>nisi</span> <span class='ocrx_word' id='word_1_406' title='bbox 874 2976 1011 3033; x_wconf 89' lang='lat' dir='ltr'>obediens</span> <span class='ocrx_word' id='word_1_407' title='bbox 1065 2979 1204 3050; x_wconf 85' lang='lat' dir='ltr'>deripere,</span> <span class='ocrx_word' id='word_1_408' title='bbox 1219 2978 1316 3050; x_wconf 90' lang='lat' dir='ltr'>potius</span> <span class='ocrx_word' id='word_1_409' title='bbox 1328 2983 1422 3036; x_wconf 88' lang='lat' dir='ltr'>autem</span> <span class='ocrx_word' id='word_1_410' title='bbox 1434 2979 1468 3036; x_wconf 88' lang='lat' dir='ltr'>ad</span> <span class='ocrx_word' id='word_1_411' title='bbox 1481 2977 1635 3036; x_wconf 81' lang='lat' dir='ltr'>utilitatem</span> <span class='ocrx_word' id='word_1_412' title='bbox 1643 2981 1768 3038; x_wconf 83' lang='lat' dir='ltr'>Domino</span> <span class='ocrx_word' id='word_1_413' title='bbox 1783 2982 1846 3039; x_wconf 91' lang='lat' dir='ltr'>illic</span> <span class='ocrx_word' id='word_1_414' title='bbox 1857 2982 1892 3039; x_wconf 90' lang='lat' dir='ltr'>ia·</span> 
     </span>
     <span class='ocr_line' id='line_1_32' title="bbox 182 3064 1889 3145; baseline -0.001 -15"><span class='ocrx_word' id='word_1_415' title='bbox 182 3073 281 3145; x_wconf 84' lang='lat' dir='ltr'>luerit,</span> <span class='ocrx_word' id='word_1_416' title='bbox 293 3073 472 3130; x_wconf 87' lang='lat' dir='ltr'>anathemate</span> <span class='ocrx_word' id='word_1_417' title='bbox 480 3069 639 3127; x_wconf 78' lang='lat' dir='ltr'>feriendum</span> <span class='ocrx_word' id='word_1_418' title='bbox 653 3086 661 3137; x_wconf 81' lang='lat'>3</span> <span class='ocrx_word' id='word_1_419' title='bbox 674 3068 725 3139; x_wconf 91' lang='lat' dir='ltr'>qui</span> <span class='ocrx_word' id='word_1_420' title='bbox 736 3081 801 3124; x_wconf 83' lang='lat' dir='ltr'>uero</span> <span class='ocrx_word' id='word_1_421' title='bbox 813 3070 910 3123; x_wconf 89' lang='lat' dir='ltr'>custos</span> <span class='ocrx_word' id='word_1_422' title='bbox 923 3064 1013 3121; x_wconf 89' lang='lat' dir='ltr'>inerit</span> <span class='ocrx_word' id='word_1_423' title='bbox 1066 3066 1239 3123; x_wconf 78' lang='lat' dir='ltr'>ululantium</span> <span class='ocrx_word' id='word_1_424' title='bbox 1259 3068 1340 3124; x_wconf 81' lang='lat' dir='ltr'>druia</span> <span class='ocrx_word' id='word_1_425' title='bbox 1358 3070 1496 3136; x_wconf 79' lang='lat' dir='ltr'>potestate</span> <span class='ocrx_word' id='word_1_426' title='bbox 1514 3067 1684 3140; x_wconf 89' lang='lat' dir='ltr'>consistant,</span> <span class='ocrx_word' id='word_1_427' title='bbox 1707 3083 1808 3127; x_wconf 90' lang='lat' dir='ltr'>earum</span> <span class='ocrx_word' id='word_1_428' title='bbox 1821 3070 1889 3128; x_wconf 94' lang='lat' dir='ltr'>bono</span> 
     </span>
     <span class='ocr_line' id='line_1_33' title="bbox 182 3129 1888 3235; baseline -0.005 -15"><span class='ocrx_word' id='word_1_429' title='bbox 182 3176 216 3220; x_wconf 89' lang='lat' dir='ltr'>ac</span> <span class='ocrx_word' id='word_1_430' title='bbox 229 3162 402 3235; x_wconf 88' lang='lat' dir='ltr'>observator,</span> <span class='ocrx_word' id='word_1_431' title='bbox 425 3158 651 3217; x_wconf 89' lang='lat' dir='ltr'>benedictionem</span> <span class='ocrx_word' id='word_1_432' title='bbox 668 3170 701 3212; x_wconf 93' lang='lat' dir='ltr'>ac</span> <span class='ocrx_word' id='word_1_433' title='bbox 714 3155 833 3227; x_wconf 91' lang='lat' dir='ltr'>gratiam</span> <span class='ocrx_word' id='word_1_434' title='bbox 849 3129 1050 3226; x_wconf 86' lang='lat' dir='ltr'>consequa·C</span> <span class='ocrx_word' id='word_1_435' title='bbox 1067 3169 1129 3226; x_wconf 82' lang='lat' dir='ltr'>que</span> <span class='ocrx_word' id='word_1_436' title='bbox 1144 3169 1220 3212; x_wconf 91' lang='lat' dir='ltr'>nnnc</span> <span class='ocrx_word' id='word_1_437' title='bbox 1241 3156 1383 3213; x_wconf 89' lang='lat' dir='ltr'>babentnr</span> <span class='ocrx_word' id='word_1_438' title='bbox 1400 3155 1440 3212; x_wconf 87' lang='lat' dir='ltr'>rel</span> <span class='ocrx_word' id='word_1_439' title='bbox 1465 3162 1533 3214; x_wconf 91' lang='lat' dir='ltr'>sunt</span> <span class='ocrx_word' id='word_1_440' title='bbox 1545 3157 1623 3226; x_wconf 76' lang='lat' dir='ltr'>iuste</span> <span class='ocrx_word' id='word_1_441' title='bbox 1646 3159 1867 3230; x_wconf 88' lang='lat' dir='ltr'>conquirenda.</span> <span class='ocrx_word' id='word_1_442' title='bbox 1883 3201 1888 3212; x_wconf 93' lang='lat'><strong>.</strong></span> 
     </span>
     <span class='ocr_line' id='line_1_34' title="bbox 182 3242 1889 3321; baseline -0.004 -12"><span class='ocrx_word' id='word_1_443' title='bbox 182 3256 240 3309; x_wconf 86' lang='lat' dir='ltr'>tur.</span> <span class='ocrx_word' id='word_1_444' title='bbox 256 3251 401 3321; x_wconf 88' lang='lat' dir='ltr'>Scriptum</span> <span class='ocrx_word' id='word_1_445' title='bbox 411 3263 460 3320; x_wconf 91' lang='lat' dir='ltr'>per</span> <span class='ocrx_word' id='word_1_446' title='bbox 471 3261 586 3304; x_wconf 89' lang='lat' dir='ltr'>manum</span> <span class='ocrx_word' id='word_1_447' title='bbox 600 3244 732 3318; x_wconf 89' lang='lat' dir='ltr'>Gregorii</span> <span class='ocrx_word' id='word_1_448' title='bbox 747 3242 1010 3300; x_wconf 85' lang='lat' dir='ltr'>scriniariisanctae</span> <span class='ocrx_word' id='word_1_449' title='bbox 1064 3244 1145 3315; x_wconf 87' lang='lat' dir='ltr'>Nam,</span> <span class='ocrx_word' id='word_1_450' title='bbox 1157 3244 1207 3315; x_wconf 93' lang='lat' dir='ltr'>qui</span> <span class='ocrx_word' id='word_1_451' title='bbox 1224 3245 1326 3301; x_wconf 90' lang='lat' dir='ltr'>timore</span> <span class='ocrx_word' id='word_1_452' title='bbox 1334 3245 1385 3301; x_wconf 88' lang='lat' dir='ltr'>Dei</span> <span class='ocrx_word' id='word_1_453' title='bbox 1398 3246 1566 3317; x_wconf 91' lang='lat' dir='ltr'>postposito,</span> <span class='ocrx_word' id='word_1_454' title='bbox 1584 3245 1653 3302; x_wconf 89' lang='lat' dir='ltr'>buic</span> <span class='ocrx_word' id='word_1_455' title='bbox 1665 3248 1889 3306; x_wconf 88' lang='lat' dir='ltr'>conilrmationis</span> 
     </span>
     <span class='ocr_line' id='line_1_35' title="bbox 182 3333 1890 3410; baseline 0 -14"><span class='ocrx_word' id='word_1_456' title='bbox 182 3341 315 3398; x_wconf 82' lang='lat' dir='ltr'>llomane</span> <span class='ocrx_word' id='word_1_457' title='bbox 327 3339 472 3409; x_wconf 79' lang='lat' dir='ltr'>Ecclesiae,</span> <span class='ocrx_word' id='word_1_458' title='bbox 492 3336 522 3392; x_wconf 95' lang='lat' dir='ltr'>ln</span> <span class='ocrx_word' id='word_1_459' title='bbox 541 3348 635 3392; x_wconf 88' lang='lat' dir='ltr'>mense</span> <span class='ocrx_word' id='word_1_460' title='bbox 647 3333 731 3390; x_wconf 84' lang='lat' dir='ltr'>Maio.</span> <span class='ocrx_word' id='word_1_461' title='bbox 754 3333 913 3391; x_wconf 90' lang='lat' dir='ltr'>indictione</span> <span class='ocrx_word' id='word_1_462' title='bbox 924 3345 1008 3389; x_wconf 89' lang='lat' dir='ltr'>nona.</span> <span class='ocrx_word' id='word_1_463' title='bbox 1065 3333 1331 3406; x_wconf 82' lang='lat' dir='ltr'>nostraeprivilegio</span> <span class='ocrx_word' id='word_1_464' title='bbox 1344 3334 1373 3391; x_wconf 95' lang='lat' dir='ltr'>in</span> <span class='ocrx_word' id='word_1_465' title='bbox 1388 3335 1632 3406; x_wconf 68' lang='lat' dir='ltr'>totovelinjparte</span> <span class='ocrx_word' id='word_1_466' title='bbox 1645 3337 1792 3396; x_wconf 90' lang='lat' dir='ltr'>contraire</span> <span class='ocrx_word' id='word_1_467' title='bbox 1803 3352 1890 3410; x_wconf 86' lang='lat' dir='ltr'>reper-</span> 
     </span>
     <span class='ocr_line' id='line_1_36' title="bbox 216 3421 1895 3501; baseline -0.002 -13"><span class='ocrx_word' id='word_1_468' title='bbox 216 3429 432 3501; x_wconf 65' lang='lat' dir='ltr'>ilienevalete.</span> <span class='ocrx_word' id='word_1_469' title='bbox 450 3429 470 3498; x_wconf 84' lang='lat'>†</span> <span class='ocrx_word' id='word_1_470' title='bbox 1065 3425 1122 3492; x_wconf 91' lang='lat' dir='ltr'>tus,</span> <span class='ocrx_word' id='word_1_471' title='bbox 1137 3421 1268 3493; x_wconf 90' lang='lat' dir='ltr'>illudque</span> <span class='ocrx_word' id='word_1_472' title='bbox 1279 3437 1335 3480; x_wconf 91' lang='lat' dir='ltr'>non</span> <span class='ocrx_word' id='word_1_473' title='bbox 1346 3422 1496 3497; x_wconf 86' lang='lat' dir='ltr'>integriter</span> <span class='ocrx_word' id='word_1_474' title='bbox 1503 3423 1652 3481; x_wconf 86' lang='lat' dir='ltr'>observare</span> <span class='ocrx_word' id='word_1_475' title='bbox 1667 3425 1818 3484; x_wconf 91' lang='lat' dir='ltr'>distulerit</span> <span class='ocrx_word' id='word_1_476' title='bbox 1832 3441 1895 3485; x_wconf 88' lang='lat' dir='ltr'>sau·</span> 
     </span>
     <span class='ocr_line' id='line_1_37' title="bbox 215 3508 1886 3586; baseline -0.007 -10"><span class='ocrx_word' id='word_1_477' title='bbox 215 3520 286 3576; x_wconf 83' lang='lat' dir='ltr'>bata</span> <span class='ocrx_word' id='word_1_478' title='bbox 295 3532 323 3574; x_wconf 84' lang='lat' dir='ltr'>tv</span> <span class='ocrx_word' id='word_1_479' title='bbox 337 3517 398 3574; x_wconf 85' lang='lat' dir='ltr'>Kal.</span> <span class='ocrx_word' id='word_1_480' title='bbox 407 3516 535 3585; x_wconf 84' lang='lat' dir='ltr'>tuliiper</span> <span class='ocrx_word' id='word_1_481' title='bbox 547 3511 804 3581; x_wconf 88' lang='lat' dir='ltr'>manumStepbani</span> <span class='ocrx_word' id='word_1_482' title='bbox 816 3508 1008 3567; x_wconf 89' lang='lat' dir='ltr'>secundicerii</span> <span class='ocrx_word' id='word_1_483' title='bbox 1064 3514 1109 3565; x_wconf 79' lang='lat' dir='ltr'>ctu</span> <span class='ocrx_word' id='word_1_484' title='bbox 1125 3550 1132 3563; x_wconf 91' lang='lat'>.</span> <span class='ocrx_word' id='word_1_485' title='bbox 1150 3551 1156 3564; x_wconf 89' lang='lat'>.</span> <span class='ocrx_word' id='word_1_486' title='bbox 1176 3510 1253 3568; x_wconf 88' lang='lat' dir='ltr'>.eito</span> <span class='ocrx_word' id='word_1_487' title='bbox 1281 3512 1446 3569; x_wconf 90' lang='lat' dir='ltr'>admonitus</span> <span class='ocrx_word' id='word_1_488' title='bbox 1468 3513 1633 3583; x_wconf 89' lang='lat' dir='ltr'>resipuerit,</span> <span class='ocrx_word' id='word_1_489' title='bbox 1655 3517 1817 3586; x_wconf 75' lang='lat' dir='ltr'>apostolico</span> <span class='ocrx_word' id='word_1_490' title='bbox 1835 3531 1886 3573; x_wconf 71' lang='lat' dir='ltr'>nn„</span> 
     </span>
     <span class='ocr_line' id='line_1_38' title="bbox 181 3593 1882 3674; baseline -0.003 -9"><span class='ocrx_word' id='word_1_491' title='bbox 181 3612 286 3665; x_wconf 74' lang='lat' dir='ltr'>sauctae</span> <span class='ocrx_word' id='word_1_492' title='bbox 300 3606 378 3662; x_wconf 87' lang='lat' dir='ltr'>sedis</span> <span class='ocrx_word' id='word_1_493' title='bbox 392 3603 566 3674; x_wconf 81' lang='lat' dir='ltr'>apostolica,</span> <span class='ocrx_word' id='word_1_494' title='bbox 579 3614 664 3670; x_wconf 90' lang='lat' dir='ltr'>anno,</span> <span class='ocrx_word' id='word_1_495' title='bbox 673 3600 730 3655; x_wconf 88' lang='lat' dir='ltr'>Deo</span> <span class='ocrx_word' id='word_1_496' title='bbox 744 3598 880 3668; x_wconf 82' lang='lat' dir='ltr'>propitio,</span> <span class='ocrx_word' id='word_1_497' title='bbox 896 3596 1011 3667; x_wconf 91' lang='lat' dir='ltr'>pontiti·</span> <span class='ocrx_word' id='word_1_498' title='bbox 1063 3611 1149 3655; x_wconf 88' lang='lat' dir='ltr'>crode</span> <span class='ocrx_word' id='word_1_499' title='bbox 1174 3598 1341 3658; x_wconf 81' lang='lat' dir='ltr'>feriendus.</span> <span class='ocrx_word' id='word_1_500' title='bbox 1365 3641 1372 3655; x_wconf 90' lang='lat'><strong>.</strong></span> <span class='ocrx_word' id='word_1_501' title='bbox 1388 3643 1394 3656; x_wconf 94' lang='lat'><strong>.</strong></span> <span class='ocrx_word' id='word_1_502' title='bbox 1408 3643 1415 3656; x_wconf 90' lang='lat'>.</span> <span class='ocrx_word' id='word_1_503' title='bbox 1431 3602 1482 3673; x_wconf 90' lang='lat' dir='ltr'>qul</span> <span class='ocrx_word' id='word_1_504' title='bbox 1503 3608 1598 3658; x_wconf 88' lang='lat' dir='ltr'>autem</span> <span class='ocrx_word' id='word_1_505' title='bbox 1627 3610 1728 3661; x_wconf 89' lang='lat' dir='ltr'>custos</span> <span class='ocrx_word' id='word_1_506' title='bbox 1756 3593 1843 3662; x_wconf 80' lang='lat' dir='ltr'>iuer&#39;it</span> <span class='ocrx_word' id='word_1_507' title='bbox 1860 3612 1882 3660; x_wconf 82' lang='lat' dir='ltr'>et</span> 
     </span>
     <span class='ocr_line' id='line_1_39' title="bbox 180 3685 1882 3762; baseline -0.002 -10"><span class='ocrx_word' id='word_1_508' title='bbox 180 3701 262 3752; x_wconf 89' lang='lat' dir='ltr'>catus</span> <span class='ocrx_word' id='word_1_509' title='bbox 276 3693 373 3751; x_wconf 92' lang='lat' dir='ltr'>domni</span> <span class='ocrx_word' id='word_1_510' title='bbox 396 3690 531 3762; x_wconf 89' lang='lat' dir='ltr'>Stepbani</span> <span class='ocrx_word' id='word_1_511' title='bbox 547 3688 652 3745; x_wconf 90' lang='lat' dir='ltr'>summi</span> <span class='ocrx_word' id='word_1_512' title='bbox 677 3686 823 3757; x_wconf 87' lang='lat' dir='ltr'>pontilicis</span> <span class='ocrx_word' id='word_1_513' title='bbox 845 3693 873 3743; x_wconf 90' lang='lat' dir='ltr'>et</span> <span class='ocrx_word' id='word_1_514' title='bbox 889 3685 1011 3742; x_wconf 86' lang='lat' dir='ltr'>univer·</span> <span class='ocrx_word' id='word_1_515' title='bbox 1063 3686 1237 3760; x_wconf 80' lang='lat' dir='ltr'>observator,</span> <span class='ocrx_word' id='word_1_516' title='bbox 1253 3702 1269 3745; x_wconf 90' lang='lat' dir='ltr'>a</span> <span class='ocrx_word' id='word_1_517' title='bbox 1279 3690 1466 3761; x_wconf 75' lang='lat' dir='ltr'>iustoiudice</span> <span class='ocrx_word' id='word_1_518' title='bbox 1478 3690 1599 3747; x_wconf 86' lang='lat' dir='ltr'>Domino</span> <span class='ocrx_word' id='word_1_519' title='bbox 1618 3691 1676 3749; x_wconf 79' lang='lat' dir='ltr'>lieo</span> <span class='ocrx_word' id='word_1_520' title='bbox 1691 3699 1792 3752; x_wconf 89' lang='lat' dir='ltr'>nostro</span> <span class='ocrx_word' id='word_1_521' title='bbox 1810 3694 1882 3750; x_wconf 84' lang='lat' dir='ltr'>mise·</span> 
     </span>
     <span class='ocr_line' id='line_1_40' title="bbox 181 3774 1437 3853; baseline -0.005 -13"><span class='ocrx_word' id='word_1_522' title='bbox 181 3783 252 3840; x_wconf 91' lang='lat' dir='ltr'>salis</span> <span class='ocrx_word' id='word_1_523' title='bbox 266 3795 344 3853; x_wconf 78' lang='lat' dir='ltr'>pape</span> <span class='ocrx_word' id='word_1_524' title='bbox 363 3780 392 3836; x_wconf 92' lang='lat' dir='ltr'>ln</span> <span class='ocrx_word' id='word_1_525' title='bbox 408 3777 602 3835; x_wconf 88' lang='lat' dir='ltr'>sacratissima</span> <span class='ocrx_word' id='word_1_526' title='bbox 616 3775 683 3832; x_wconf 89' lang='lat' dir='ltr'>sede</span> <span class='ocrx_word' id='word_1_527' title='bbox 703 3774 779 3831; x_wconf 92' lang='lat' dir='ltr'>beati</span> <span class='ocrx_word' id='word_1_528' title='bbox 792 3774 867 3831; x_wconf 90' lang='lat' dir='ltr'>Petri</span> <span class='ocrx_word' id='word_1_529' title='bbox 884 3774 1006 3845; x_wconf 86' lang='lat' dir='ltr'>apostoli</span> <span class='ocrx_word' id='word_1_530' title='bbox 1064 3775 1219 3833; x_wconf 89' lang='lat' dir='ltr'>ricordlam</span> <span class='ocrx_word' id='word_1_531' title='bbox 1234 3783 1437 3850; x_wconf 86' lang='lat' dir='ltr'>consequntur.</span> 
     </span>
     <span class='ocr_line' id='line_1_41' title="bbox 180 3864 1879 3943; baseline -0.011 2"><span class='ocrx_word' id='word_1_532' title='bbox 180 3875 271 3943; x_wconf 59' lang='lat'>“¹¹⁰2</span> <span class='ocrx_word' id='word_1_533' title='bbox 287 3864 484 3926; x_wconf 65' lang='lat' dir='ltr'>lssdllllfflfflss·</span> <span class='ocrx_word' id='word_1_534' title='bbox 499 3864 597 3922; x_wconf 62' lang='lat' dir='ltr'>Amel-</span> <span class='ocrx_word' id='word_1_535' title='bbox 1098 3864 1243 3936; x_wconf 87' lang='lat' dir='ltr'>Scriptum</span> <span class='ocrx_word' id='word_1_536' title='bbox 1263 3881 1312 3938; x_wconf 91' lang='lat' dir='ltr'>per</span> <span class='ocrx_word' id='word_1_537' title='bbox 1328 3882 1444 3925; x_wconf 89' lang='lat' dir='ltr'>manum</span> <span class='ocrx_word' id='word_1_538' title='bbox 1456 3869 1587 3942; x_wconf 88' lang='lat' dir='ltr'>Gregorii</span> <span class='ocrx_word' id='word_1_539' title='bbox 1612 3870 1765 3929; x_wconf 88' lang='lat' dir='ltr'>scrinlarii</span> <span class='ocrx_word' id='word_1_540' title='bbox 1789 3878 1879 3931; x_wconf 66' lang='lat' dir='ltr'>uncte</span> 
     </span>
     <span class='ocr_line' id='line_1_42' title="bbox 532 3953 1784 4045; baseline -0.002 -25"><span class='ocrx_word' id='word_1_541' title='bbox 532 3966 638 4045; x_wconf 34' lang='lat' dir='ltr'>&#39;m‘</span> <span class='ocrx_word' id='word_1_542' title='bbox 1062 3953 1205 4011; x_wconf 84' lang='lat' dir='ltr'>Romanae</span> <span class='ocrx_word' id='word_1_543' title='bbox 1218 3955 1352 4014; x_wconf 78' lang='lat' dir='ltr'>Ecclesia</span> <span class='ocrx_word' id='word_1_544' title='bbox 1365 3957 1395 4014; x_wconf 93' lang='lat' dir='ltr'>ln</span> <span class='ocrx_word' id='word_1_545' title='bbox 1410 3957 1598 4030; x_wconf 87' lang='lat' dir='ltr'>menseblaio,</span> <span class='ocrx_word' id='word_1_546' title='bbox 1620 3959 1680 4018; x_wconf 90' lang='lat' dir='ltr'>ind.</span> <span class='ocrx_word' id='word_1_547' title='bbox 1699 3975 1784 4020; x_wconf 89' lang='lat' dir='ltr'>nona.</span> 
     </span>
     <span class='ocr_line' id='line_1_43' title="bbox 1424 4047 1527 4117; baseline -0.01 -14"><span class='ocrx_word' id='word_1_548' title='bbox 1424 4047 1527 4117; x_wconf 65' lang='lat' dir='ltr'>illene</span> 
     </span>
    </p>
   </div>
   <div class='ocr_carea' id='block_1_5' title="bbox 287 4127 1553 4311">
    <p class='ocr_par' dir='ltr' id='par_1_5' title="bbox 287 4127 1553 4311">
     <span class='ocr_line' id='line_1_44' title="bbox 287 4127 1553 4212; baseline 0.017 -36"><span class='ocrx_word' id='word_1_549' title='bbox 287 4129 532 4176; x_wconf 71' lang='lat' dir='ltr'>enuntiationem</span> <span class='ocrx_word' id='word_1_550' title='bbox 551 4128 724 4172; x_wconf 65' lang='lat' dir='ltr'>adnumerato</span> <span class='ocrx_word' id='word_1_551' title='bbox 739 4127 898 4171; x_wconf 64' lang='lat' dir='ltr'>uetuisset,</span> <span class='ocrx_word' id='word_1_552' title='bbox 1430 4138 1553 4212; x_wconf 64' lang='lat' dir='ltr'>taletei</span> 
     </span>
     <span class='ocr_line' id='line_1_45' title="bbox 504 4238 686 4311; baseline 0.005 -15"><span class='ocrx_word' id='word_1_553' title='bbox 504 4240 597 4311; x_wconf 80' lang='lat' dir='ltr'>(Anno</span> <span class='ocrx_word' id='word_1_554' title='bbox 608 4238 658 4297; x_wconf 77' lang='lat' dir='ltr'>sui</span> <span class='ocrx_word' id='word_1_555' title='bbox 665 4239 686 4311; x_wconf 85' lang='lat'>.)</span> 
     </span>
    </p>
   </div>
   <div class='ocr_carea' id='block_1_6' title="bbox 395 4360 795 4443">
    <p class='ocr_par' dir='ltr' id='par_1_6' title="bbox 395 4360 795 4443">
     <span class='ocr_line' id='line_1_46' title="bbox 395 4360 795 4443; baseline -0.015 -18"><span class='ocrx_word' id='word_1_556' title='bbox 395 4363 526 4443; x_wconf 69' lang='grc' dir='ltr'>[Ειοιιιιιι</span> <span class='ocrx_word' id='word_1_557' title='bbox 546 4366 628 4429; x_wconf 69' lang='lat' dir='ltr'>ibid„</span> <span class='ocrx_word' id='word_1_558' title='bbox 651 4377 705 4436; x_wconf 89' lang='lat' dir='ltr'>pag</span> <span class='ocrx_word' id='word_1_559' title='bbox 733 4360 795 4434; x_wconf 87' lang='lat'><strong>38.]</strong></span> 
     </span>
    </p>
   </div>
   <div class='ocr_carea' id='block_1_7' title="bbox 1418 4283 1523 4340">
    <p class='ocr_par' dir='ltr' id='par_1_7' title="bbox 1418 4283 1523 4340">
     <span class='ocr_line' id='line_1_47' title="bbox 1418 4283 1523 4340; baseline 0 0"><span class='ocrx_word' id='word_1_560' title='bbox 1418 4283 1523 4340; x_wconf 84' lang='lat' dir='ltr'><strong>XXXI.</strong></span> 
     </span>
    </p>
   </div>
   <div class='ocr_carea' id='block_1_8' title="bbox 903 4416 1782 4587">
    <p class='ocr_par' dir='ltr' id='par_1_8' title="bbox 903 4416 1782 4587">
     <span class='ocr_line' id='line_1_48' title="bbox 1170 4416 1782 4468; baseline 0.01 -8"><span class='ocrx_word' id='word_1_561' title='bbox 1170 4416 1350 4462; x_wconf 80' lang='lat' dir='ltr'>univituuluu</span> <span class='ocrx_word' id='word_1_562' title='bbox 1364 4419 1413 4463; x_wconf 78' lang='lat' dir='ltr'>uro</span> <span class='ocrx_word' id='word_1_563' title='bbox 1428 4419 1599 4465; x_wconf 78' lang='lat' dir='ltr'>ltouasruuto</span> <span class='ocrx_word' id='word_1_564' title='bbox 1613 4421 1782 4468; x_wconf 71' lang='lat' dir='ltr'>mentuunt.</span> 
     </span>
     <span class='ocr_line' id='line_1_49' title="bbox 903 4498 1571 4587; baseline 0.018 -27"><span class='ocrx_word' id='word_1_565' title='bbox 903 4531 909 4546; x_wconf 91' lang='lat'><strong>·</strong></span> <span class='ocrx_word' id='word_1_566' title='bbox 952 4532 957 4545; x_wconf 93' lang='lat'>·</span> <span class='ocrx_word' id='word_1_567' title='bbox 992 4531 1005 4559; x_wconf 88' lang='lat'>.·</span> <span class='ocrx_word' id='word_1_568' title='bbox 1023 4498 1050 4562; x_wconf 89' lang='lat' dir='ltr'><strong>D</strong></span> <span class='ocrx_word' id='word_1_569' title='bbox 1383 4512 1476 4584; x_wconf 80' lang='lat' dir='ltr'>(Anno</span> <span class='ocrx_word' id='word_1_570' title='bbox 1493 4512 1571 4587; x_wconf 78' lang='lat' dir='ltr'>ital.)</span> 
     </span>
    </p>
   </div>
   <div class='ocr_carea' id='block_1_9' title="bbox 178 4530 1799 4747">
    <p class='ocr_par' dir='ltr' id='par_1_9' title="bbox 178 4530 1799 4747">
     <span class='ocr_line' id='line_1_50' title="bbox 179 4530 1583 4662; baseline -0.021 -14"><span class='ocrx_word' id='word_1_571' title='bbox 179 4533 543 4662; x_wconf 77' lang='lat' dir='ltr'>quodsitunrestinloco.</span> <span class='ocrx_word' id='word_1_572' title='bbox 568 4532 591 4634; x_wconf 29' lang='grc' dir='ltr'>ι.</span> <span class='ocrx_word' id='word_1_573' title='bbox 615 4531 637 4634; x_wconf 38' lang='grc'>..</span> <span class='ocrx_word' id='word_1_574' title='bbox 667 4530 768 4637; x_wconf 43' lang='grc' dir='ltr'>Ἠείεῑῖ</span> <span class='ocrx_word' id='word_1_575' title='bbox 902 4622 909 4636; x_wconf 88' lang='grc'>,</span> <span class='ocrx_word' id='word_1_576' title='bbox 950 4623 956 4636; x_wconf 92' lang='grc'><strong>.</strong></span> <span class='ocrx_word' id='word_1_577' title='bbox 998 4620 1005 4636; x_wconf 88' lang='grc'><strong>.</strong></span> <span class='ocrx_word' id='word_1_578' title='bbox 1411 4641 1442 4655; x_wconf 91' lang='lat'>..</span> <span class='ocrx_word' id='word_1_579' title='bbox 1577 4644 1583 4656; x_wconf 33' lang='grc' dir='ltr'>Ι</span> 
     </span>
     <span class='ocr_line' id='line_1_51' title="bbox 178 4637 1799 4747; baseline -0.012 -12"><span class='ocrx_word' id='word_1_580' title='bbox 178 4682 208 4735; x_wconf 90' lang='lat' dir='ltr'>et</span> <span class='ocrx_word' id='word_1_581' title='bbox 231 4691 281 4747; x_wconf 91' lang='lat' dir='ltr'>per</span> <span class='ocrx_word' id='word_1_582' title='bbox 312 4681 340 4732; x_wconf 93' lang='lat' dir='ltr'>te</span> <span class='ocrx_word' id='word_1_583' title='bbox 368 4674 399 4730; x_wconf 92' lang='lat' dir='ltr'>in</span> <span class='ocrx_word' id='word_1_584' title='bbox 426 4671 523 4729; x_wconf 91' lang='lat' dir='ltr'>eodem</span> <span class='ocrx_word' id='word_1_585' title='bbox 547 4682 608 4726; x_wconf 82' lang='lat' dir='ltr'>ren.</span> <span class='ocrx_word' id='word_1_586' title='bbox 640 4682 747 4727; x_wconf 89' lang='lat' dir='ltr'>monas.</span> <span class='ocrx_word' id='word_1_587' title='bbox 774 4670 805 4726; x_wconf 92' lang='lat' dir='ltr'>in</span> <span class='ocrx_word' id='word_1_588' title='bbox 827 4676 1004 4742; x_wconf 90' lang='lat' dir='ltr'>perpetuum.</span> <span class='ocrx_word' id='word_1_589' title='bbox 1151 4637 1799 4716; x_wconf 55' lang='lat' dir='ltr'>[APUdssssoefdr&#39;lmriffii’mtSssfflfll·</span> 
     </span>
    </p>
   </div>
   <div class='ocr_carea' id='block_1_10' title="bbox 155 4759 1872 5642">
    <p class='ocr_par' dir='ltr' id='par_1_10' title="bbox 178 4759 1871 5017">
     <span class='ocr_line' id='line_1_52' title="bbox 178 4759 1870 4842; baseline -0.003 -18"><span class='ocrx_word' id='word_1_590' title='bbox 178 4767 290 4840; x_wconf 87' lang='lat' dir='ltr'>Quanto</span> <span class='ocrx_word' id='word_1_591' title='bbox 298 4779 351 4821; x_wconf 92' lang='lat' dir='ltr'>uos</span> <span class='ocrx_word' id='word_1_592' title='bbox 359 4776 410 4834; x_wconf 93' lang='lat' dir='ltr'>pro</span> <span class='ocrx_word' id='word_1_593' title='bbox 418 4761 568 4833; x_wconf 87' lang='lat' dir='ltr'>piorumet</span> <span class='ocrx_word' id='word_1_594' title='bbox 576 4759 783 4817; x_wconf 85' lang='lat' dir='ltr'>venerabilium</span> <span class='ocrx_word' id='word_1_595' title='bbox 791 4759 919 4817; x_wconf 87' lang='lat' dir='ltr'>locorum</span> <span class='ocrx_word' id='word_1_596' title='bbox 929 4767 1008 4820; x_wconf 88' lang='lat' dir='ltr'>statu</span> <span class='ocrx_word' id='word_1_597' title='bbox 1097 4763 1258 4820; x_wconf 82' lang='lat' dir='ltr'>srrrmnus</span> <span class='ocrx_word' id='word_1_598' title='bbox 1269 4765 1431 4837; x_wconf 89' lang='lat' dir='ltr'>episeopus,</span> <span class='ocrx_word' id='word_1_599' title='bbox 1447 4779 1546 4824; x_wconf 82' lang='lat' dir='ltr'>servus</span> <span class='ocrx_word' id='word_1_600' title='bbox 1560 4781 1709 4826; x_wconf 82' lang='lat' dir='ltr'>servorum</span> <span class='ocrx_word' id='word_1_601' title='bbox 1723 4769 1784 4842; x_wconf 82' lang='lat' dir='ltr'>Dei,</span> <span class='ocrx_word' id='word_1_602' title='bbox 1799 4762 1870 4826; x_wconf 89' lang='lat' dir='ltr'>omni·</span> 
     </span>
     <span class='ocr_line' id='line_1_53' title="bbox 179 4849 1871 4930; baseline -0.004 -14"><span class='ocrx_word' id='word_1_603' title='bbox 179 4849 753 4930; x_wconf 85' lang='lat' dir='ltr'>augmentandosolliertloresexistimus,</span> <span class='ocrx_word' id='word_1_604' title='bbox 762 4854 791 4906; x_wconf 89' lang='lat' dir='ltr'>et</span> <span class='ocrx_word' id='word_1_605' title='bbox 800 4850 943 4908; x_wconf 88' lang='lat' dir='ltr'>adeorum</span> <span class='ocrx_word' id='word_1_606' title='bbox 953 4853 1011 4910; x_wconf 90' lang='lat' dir='ltr'>uti·</span> <span class='ocrx_word' id='word_1_607' title='bbox 1063 4851 1119 4909; x_wconf 92' lang='lat' dir='ltr'>bns</span> <span class='ocrx_word' id='word_1_608' title='bbox 1133 4858 1237 4910; x_wconf 80' lang='lat' dir='ltr'>sancta</span> <span class='ocrx_word' id='word_1_609' title='bbox 1254 4853 1304 4910; x_wconf 85' lang='lat' dir='ltr'>Dei</span> <span class='ocrx_word' id='word_1_610' title='bbox 1317 4855 1451 4912; x_wconf 79' lang='lat' dir='ltr'>Ecclesia</span> <span class='ocrx_word' id='word_1_611' title='bbox 1465 4854 1600 4913; x_wconf 91' lang='lat' dir='ltr'>tldelibus</span> <span class='ocrx_word' id='word_1_612' title='bbox 1615 4857 1768 4927; x_wconf 77' lang='lat' dir='ltr'>presentis</span> <span class='ocrx_word' id='word_1_613' title='bbox 1778 4855 1871 4915; x_wconf 75' lang='lat' dir='ltr'>scillcet</span> 
     </span>
     <span class='ocr_line' id='line_1_54' title="bbox 181 4939 1356 5017; baseline -0.008 -11"><span class='ocrx_word' id='word_1_614' title='bbox 181 4942 279 5007; x_wconf 89' lang='lat' dir='ltr'>litates</span> <span class='ocrx_word' id='word_1_615' title='bbox 306 4942 496 5017; x_wconf 82' lang='lat' dir='ltr'>proiciendus</span> <span class='ocrx_word' id='word_1_616' title='bbox 521 4944 657 5012; x_wconf 89' lang='lat' dir='ltr'>perpetuo</span> <span class='ocrx_word' id='word_1_617' title='bbox 682 4939 875 5011; x_wconf 90' lang='lat' dir='ltr'>pastoralibus</span> <span class='ocrx_word' id='word_1_618' title='bbox 897 4941 1011 5014; x_wconf 84' lang='lat' dir='ltr'>vigiliis</span> <span class='ocrx_word' id='word_1_619' title='bbox 1064 4940 1194 4999; x_wconf 89' lang='lat' dir='ltr'>etiuturl</span> <span class='ocrx_word' id='word_1_620' title='bbox 1211 4941 1356 5012; x_wconf 89' lang='lat' dir='ltr'>temporis.</span> 
     </span>
    </p>

    <p class='ocr_par' dir='ltr' id='par_1_11' title="bbox 155 5030 1872 5642">
     <span class='ocr_line' id='line_1_55' title="bbox 181 5030 1872 5105; baseline -0.001 -11"><span class='ocrx_word' id='word_1_621' title='bbox 181 5035 355 5105; x_wconf 88' lang='lat' dir='ltr'>insistimus,</span> <span class='ocrx_word' id='word_1_622' title='bbox 372 5036 449 5089; x_wconf 85' lang='lat' dir='ltr'>tantu</span> <span class='ocrx_word' id='word_1_623' title='bbox 460 5030 544 5088; x_wconf 88' lang='lat' dir='ltr'>nobis</span> <span class='ocrx_word' id='word_1_624' title='bbox 558 5036 669 5087; x_wconf 78' lang='lat' dir='ltr'>aterna</span> <span class='ocrx_word' id='word_1_625' title='bbox 684 5030 926 5087; x_wconf 89' lang='lat' dir='ltr'>remunerationis</span> <span class='ocrx_word' id='word_1_626' title='bbox 941 5046 1010 5102; x_wconf 82' lang='lat' dir='ltr'>pra·</span> <span class='ocrx_word' id='word_1_627' title='bbox 1100 5031 1170 5087; x_wconf 86' lang='lat' dir='ltr'>Cum</span> <span class='ocrx_word' id='word_1_628' title='bbox 1190 5035 1288 5087; x_wconf 85' lang='lat' dir='ltr'>nostro</span> <span class='ocrx_word' id='word_1_629' title='bbox 1304 5030 1477 5101; x_wconf 89' lang='lat' dir='ltr'>apostolatui</span> <span class='ocrx_word' id='word_1_630' title='bbox 1493 5032 1641 5090; x_wconf 91' lang='lat' dir='ltr'>incumbat</span> <span class='ocrx_word' id='word_1_631' title='bbox 1654 5036 1784 5094; x_wconf 88' lang='lat' dir='ltr'>omnium</span> <span class='ocrx_word' id='word_1_632' title='bbox 1798 5030 1872 5092; x_wconf 72' lang='lat' dir='ltr'>uolo</span> 
     </span>
     <span class='ocr_line' id='line_1_56' title="bbox 182 5118 1872 5197; baseline -0.002 -13"><span class='ocrx_word' id='word_1_633' title='bbox 182 5126 241 5184; x_wconf 88' lang='lat' dir='ltr'>mla</span> <span class='ocrx_word' id='word_1_634' title='bbox 254 5138 288 5181; x_wconf 94' lang='lat' dir='ltr'>eo</span> <span class='ocrx_word' id='word_1_635' title='bbox 309 5121 448 5194; x_wconf 89' lang='lat' dir='ltr'>largiente</span> <span class='ocrx_word' id='word_1_636' title='bbox 473 5119 682 5191; x_wconf 90' lang='lat' dir='ltr'>conquirimus,</span> <span class='ocrx_word' id='word_1_637' title='bbox 708 5118 759 5189; x_wconf 91' lang='lat' dir='ltr'>qui</span> <span class='ocrx_word' id='word_1_638' title='bbox 785 5118 879 5175; x_wconf 90' lang='lat' dir='ltr'>dixit:</span> <span class='ocrx_word' id='word_1_639' title='bbox 908 5120 1010 5179; x_wconf 88' lang='lat' dir='ltr'>Beatus</span> <span class='ocrx_word' id='word_1_640' title='bbox 1065 5123 1173 5176; x_wconf 84' lang='lat' dir='ltr'>siarum</span> <span class='ocrx_word' id='word_1_641' title='bbox 1195 5119 1423 5176; x_wconf 90' lang='lat' dir='ltr'>sollicitudinem</span> <span class='ocrx_word' id='word_1_642' title='bbox 1444 5133 1550 5194; x_wconf 87' lang='lat' dir='ltr'>gerere,</span> <span class='ocrx_word' id='word_1_643' title='bbox 1565 5123 1704 5182; x_wconf 89' lang='lat' dir='ltr'>debemus</span> <span class='ocrx_word' id='word_1_644' title='bbox 1720 5124 1816 5197; x_wconf 86' lang='lat' dir='ltr'>iisqui</span> <span class='ocrx_word' id='word_1_645' title='bbox 1835 5126 1872 5193; x_wconf 74' lang='lat' dir='ltr'>pti</span> 
     </span>
     <span class='ocr_line' id='line_1_57' title="bbox 183 5207 1871 5283; baseline -0.005 -9"><span class='ocrx_word' id='word_1_646' title='bbox 183 5224 283 5274; x_wconf 84' lang='lat' dir='ltr'>seruus</span> <span class='ocrx_word' id='word_1_647' title='bbox 298 5211 358 5279; x_wconf 88' lang='lat' dir='ltr'>ille,</span> <span class='ocrx_word' id='word_1_648' title='bbox 373 5223 455 5281; x_wconf 91' lang='lat' dir='ltr'>quem</span> <span class='ocrx_word' id='word_1_649' title='bbox 465 5222 530 5264; x_wconf 86' lang='lat' dir='ltr'>cum</span> <span class='ocrx_word' id='word_1_650' title='bbox 545 5207 655 5264; x_wconf 84' lang='lat' dir='ltr'>venerit</span> <span class='ocrx_word' id='word_1_651' title='bbox 663 5207 803 5263; x_wconf 87' lang='lat' dir='ltr'>Dominus</span> <span class='ocrx_word' id='word_1_652' title='bbox 816 5209 957 5265; x_wconf 86' lang='lat' dir='ltr'>invenerit</span> <span class='ocrx_word' id='word_1_653' title='bbox 972 5212 1011 5269; x_wconf 83' lang='lat' dir='ltr'>ri·</span> <span class='ocrx_word' id='word_1_654' title='bbox 1064 5209 1272 5282; x_wconf 83' lang='lat' dir='ltr'>augmentando</span> <span class='ocrx_word' id='word_1_655' title='bbox 1289 5209 1407 5266; x_wconf 80' lang='lat' dir='ltr'>servitio</span> <span class='ocrx_word' id='word_1_656' title='bbox 1430 5209 1480 5266; x_wconf 85' lang='lat' dir='ltr'>Del</span> <span class='ocrx_word' id='word_1_657' title='bbox 1502 5210 1685 5283; x_wconf 90' lang='lat' dir='ltr'>studuerunt,</span> <span class='ocrx_word' id='word_1_658' title='bbox 1703 5213 1738 5270; x_wconf 88' lang='lat' dir='ltr'>ad</span> <span class='ocrx_word' id='word_1_659' title='bbox 1760 5213 1871 5271; x_wconf 74' lang='lat' dir='ltr'>ellectum</span> 
     </span>
     <span class='ocr_line' id='line_1_58' title="bbox 155 5295 1869 5380; baseline -0.005 -18"><span class='ocrx_word' id='word_1_660' title='bbox 155 5339 162 5349; x_wconf 89' lang='lat'>-</span> <span class='ocrx_word' id='word_1_661' title='bbox 181 5304 328 5380; x_wconf 88' lang='lat' dir='ltr'>gllantem.</span> <span class='ocrx_word' id='word_1_662' title='bbox 346 5301 380 5358; x_wconf 82' lang='lat' dir='ltr'>Et</span> <span class='ocrx_word' id='word_1_663' title='bbox 390 5298 454 5354; x_wconf 92' lang='lat' dir='ltr'>ideo</span> <span class='ocrx_word' id='word_1_664' title='bbox 465 5295 600 5354; x_wconf 91' lang='lat' dir='ltr'>omnibus</span> <span class='ocrx_word' id='word_1_665' title='bbox 614 5299 719 5352; x_wconf 80' lang='lat' dir='ltr'>sancta</span> <span class='ocrx_word' id='word_1_666' title='bbox 732 5295 782 5350; x_wconf 83' lang='lat' dir='ltr'>liei</span> <span class='ocrx_word' id='word_1_667' title='bbox 798 5296 930 5353; x_wconf 77' lang='lat' dir='ltr'>Ecclesia</span> <span class='ocrx_word' id='word_1_668' title='bbox 945 5298 1010 5356; x_wconf 90' lang='lat' dir='ltr'>iide-</span> <span class='ocrx_word' id='word_1_669' title='bbox 1063 5298 1121 5356; x_wconf 84' lang='lat' dir='ltr'>voti</span> <span class='ocrx_word' id='word_1_670' title='bbox 1146 5299 1193 5355; x_wconf 95' lang='lat' dir='ltr'>sui</span> <span class='ocrx_word' id='word_1_671' title='bbox 1213 5311 1360 5355; x_wconf 90' lang='lat' dir='ltr'>assensum</span> <span class='ocrx_word' id='word_1_672' title='bbox 1375 5299 1588 5370; x_wconf 77' lang='lat' dir='ltr'>etadlutorium</span> <span class='ocrx_word' id='word_1_673' title='bbox 1613 5302 1734 5359; x_wconf 92' lang='lat' dir='ltr'>omnino</span> <span class='ocrx_word' id='word_1_674' title='bbox 1756 5301 1869 5374; x_wconf 77' lang='lat' dir='ltr'>piabere-</span> 
     </span>
     <span class='ocr_line' id='line_1_59' title="bbox 181 5382 1871 5462; baseline -0.005 -11"><span class='ocrx_word' id='word_1_675' title='bbox 181 5392 262 5452; x_wconf 93' lang='lat' dir='ltr'>libus</span> <span class='ocrx_word' id='word_1_676' title='bbox 274 5396 361 5462; x_wconf 88' lang='lat' dir='ltr'>atque</span> <span class='ocrx_word' id='word_1_677' title='bbox 371 5386 478 5444; x_wconf 88' lang='lat' dir='ltr'>nostris</span> <span class='ocrx_word' id='word_1_678' title='bbox 489 5389 587 5441; x_wconf 91' lang='lat' dir='ltr'>notum</span> <span class='ocrx_word' id='word_1_679' title='bbox 598 5383 660 5440; x_wconf 92' lang='lat' dir='ltr'>lleri</span> <span class='ocrx_word' id='word_1_680' title='bbox 676 5383 820 5456; x_wconf 84' lang='lat' dir='ltr'>uolumus,</span> <span class='ocrx_word' id='word_1_681' title='bbox 831 5387 1009 5458; x_wconf 88' lang='lat' dir='ltr'>suggessisse</span> <span class='ocrx_word' id='word_1_682' title='bbox 1062 5388 1240 5458; x_wconf 87' lang='lat' dir='ltr'>Quapropter</span> <span class='ocrx_word' id='word_1_683' title='bbox 1259 5386 1395 5443; x_wconf 90' lang='lat' dir='ltr'>omnibus</span> <span class='ocrx_word' id='word_1_684' title='bbox 1417 5387 1551 5444; x_wconf 84' lang='lat' dir='ltr'>Ecclesiae</span> <span class='ocrx_word' id='word_1_685' title='bbox 1576 5388 1713 5447; x_wconf 89' lang='lat' dir='ltr'>ildelibus</span> <span class='ocrx_word' id='word_1_686' title='bbox 1735 5396 1829 5449; x_wconf 89' lang='lat' dir='ltr'>notum</span> <span class='ocrx_word' id='word_1_687' title='bbox 1843 5382 1871 5443; x_wconf 81' lang='lat' dir='ltr'>sil</span> 
     </span>
     <span class='ocr_line' id='line_1_60' title="bbox 183 5473 1870 5553; baseline -0.007 -10"><span class='ocrx_word' id='word_1_688' title='bbox 183 5475 465 5551; x_wconf 88' lang='lat' dir='ltr'>oostroapostolatui</span> <span class='ocrx_word' id='word_1_689' title='bbox 479 5473 609 5530; x_wconf 86' lang='lat' dir='ltr'>Bisonem</span> <span class='ocrx_word' id='word_1_690' title='bbox 623 5473 890 5530; x_wconf 89' lang='lat' dir='ltr'>reverendissimum</span> <span class='ocrx_word' id='word_1_691' title='bbox 900 5476 1008 5533; x_wconf 84' lang='lat' dir='ltr'>l‘adra-</span> <span class='ocrx_word' id='word_1_692' title='bbox 1063 5477 1138 5549; x_wconf 92' lang='lat' dir='ltr'>quod</span> <span class='ocrx_word' id='word_1_693' title='bbox 1154 5475 1326 5533; x_wconf 80' lang='lat' dir='ltr'>venerabilis</span> <span class='ocrx_word' id='word_1_694' title='bbox 1351 5476 1469 5547; x_wconf 87' lang='lat' dir='ltr'>quidam</span> <span class='ocrx_word' id='word_1_695' title='bbox 1488 5477 1657 5535; x_wconf 85' lang='lat' dir='ltr'>walbertus</span> <span class='ocrx_word' id='word_1_696' title='bbox 1675 5479 1829 5553; x_wconf 88' lang='lat' dir='ltr'>collegium</span> <span class='ocrx_word' id='word_1_697' title='bbox 1849 5475 1870 5531; x_wconf 90' lang='lat' dir='ltr'>ln</span> 
     </span>
     <span class='ocr_line' id='line_1_61' title="bbox 183 5563 1870 5642; baseline -0.002 -11"><span class='ocrx_word' id='word_1_698' title='bbox 183 5572 376 5631; x_wconf 87' lang='lat' dir='ltr'>bmunensem</span> <span class='ocrx_word' id='word_1_699' title='bbox 399 5565 576 5638; x_wconf 89' lang='lat' dir='ltr'>episcopum,</span> <span class='ocrx_word' id='word_1_700' title='bbox 596 5567 737 5636; x_wconf 89' lang='lat' dir='ltr'>quatenus</span> <span class='ocrx_word' id='word_1_701' title='bbox 758 5563 927 5636; x_wconf 84' lang='lat' dir='ltr'>predictum</span> <span class='ocrx_word' id='word_1_702' title='bbox 941 5581 1003 5639; x_wconf 84' lang='lat' dir='ltr'>ren.</span> <span class='ocrx_word' id='word_1_703' title='bbox 1062 5567 1168 5625; x_wconf 89' lang='lat' dir='ltr'>bonore</span> <span class='ocrx_word' id='word_1_704' title='bbox 1177 5565 1269 5623; x_wconf 89' lang='lat' dir='ltr'>sancti</span> <span class='ocrx_word' id='word_1_705' title='bbox 1281 5564 1436 5623; x_wconf 77' lang='lat' dir='ltr'>Alexandri</span> <span class='ocrx_word' id='word_1_706' title='bbox 1448 5566 1583 5635; x_wconf 70' lang='lat' dir='ltr'>naurrts</span> <span class='ocrx_word' id='word_1_707' title='bbox 1596 5569 1763 5628; x_wconf 86' lang='lat' dir='ltr'>construxit</span> <span class='ocrx_word' id='word_1_708' title='bbox 1771 5571 1801 5628; x_wconf 89' lang='lat' dir='ltr'>ln</span> <span class='ocrx_word' id='word_1_709' title='bbox 1812 5574 1870 5642; x_wconf 80' lang='lat' dir='ltr'>pttt</span> 
     </span>
    </p>
   </div>
   <div class='ocr_carea' id='block_1_11' title="bbox 0 0 1942 6088">
    <p class='ocr_par' dir='ltr' id='par_1_12' title="bbox 0 0 1942 6088">
     <span class='ocr_line' id='line_1_62' title="bbox 0 0 1942 6088; baseline 0 0"><span class='ocrx_word' id='word_1_710' title='bbox 0 0 1942 6088; x_wconf 95' lang='lat' dir='ltr'> </span> 
     </span>
    </p>
   </div>
  </div>
 </body>
</html>
