3876 6090
587 252 826 310 wouillditbtis
846 253 1041 311 Pausistrati
1059 255 1351 315 HASENRIETANUS.

673 600 979 671 Woiuutnul
1035 605 1285 676 radiatio

694 777 738 819 AD
762 776 1033 822 ERCHANBOLDUM
1057 778 1256 826 EPISCOPUM.

158 1005 280 1062 pomino
299 1005 467 1061 beatissimo
486 1007 600 1075 peoque
622 1018 685 1061 vere
706 1005 879 1078 dignissimo
900 991 1081 1063 flg.Aritiae
1095 996 1262 1053 intirmitate
1274 999 1512 1070 languesco,indc
1524 1000 1734 1072 imbecillitati,
1750 1015 1830 1059 necne

123 1106 279 1148 caasaouuo
296 1093 435 1164 pontifici,
453 1094 650 1149 Wourunnuus
665 1094 810 1165 presbyter
823 1111 903 1167 suus,
919 1096 949 1154 iu
1005 1086 1225 1155 scrupulositati
1247 1101 1313 1142 ¹¹¹ssae
1327 1088 1402 1145 Viles
1418 1088 1493 1145 band
1513 1091 1656 1160 imilla&
1677 1091 1727 1146 ⁵0⁶
1742 1090 1831 1162 ⁰¹lssl·

124 1182 187 1251 apso
203 1182 645 1253 quiestnaovenasecvm,
662 1183 953 1254 clemensana
1006 1175 1102 1243 placas
1120 1176 1236 1246 objicio·
1261 1177 1382 1245 narsus,
1403 1179 1428 1234 si
1448 1180 1574 1250 aggaeo,
1601 1179 1671 1235 licet
1692 1180 1828 1250 trepidus.

126 1271 212 1326 viram
235 1270 366 1342 deposcit
384 1271 523 1327 invenire,
1005 1269 1210 1336 pertentavero,
1240 1279 1311 1322 nea
1339 1266 1443 1323 lectore
1474 1267 1691 1339 philocompica
1719 1279 1736 1309 e
1757 1273 1829 1325 noter

161 1358 260 1429 Exigis
280 1373 297 1415 a
319 1373 374 1430 me,
404 1360 485 1414 Pater
510 1374 561 1430 per
590 1361 694 1417 saenuln
722 1362 903 1417 memorande
928 1368 957 1418 er
1007 1350 1135 1422 inlamia,
1153 1354 1347 1425 perhorresco,
1361 1355 1428 1412 dum
1446 1356 1563 1413 omissis
1576 1356 1828 1427 philosophicisac

129 1447 234 1517 presul
252 1447 421 1504 nominatus
436 1447 466 1502 lu
482 1447 565 1518 orbe,
584 1453 614 1504 ut
629 1449 711 1519 signa
726 1454 811 1519 atque
828 1455 956 1520 portenta
1007 1441 1149 1510 praeclara
1165 1442 1272 1498 indolis
1290 1443 1362 1499 viris
1379 1444 1428 1514 qui
1446 1444 1475 1499 in
1490 1445 1653 1515 prophetiis
1670 1446 1828 1503 calamina

125 1549 187 1605 quae
196 1549 245 1604 par
253 1535 483 1605 opinatissimam
494 1550 570 1591 nnnc
591 1537 620 1591 in
632 1538 956 1612 saecnlocprisntvpgi.
1008 1529 1084 1585 mine
1099 1530 1296 1603 designantur,
1312 1545 1364 1603 ego
1378 1533 1428 1603 qui
1445 1547 1496 1589 nec
1511 1533 1616 1589 viridis
1627 1533 1713 1604 junci
1729 1534 1828 1592 extimo

124 1637 187 1678 nem
202 1625 389 1696 walpurgam
411 1626 517 1681 nostris
540 1627 718 1695 emptoribus
732 1627 830 1683 divina
847 1629 955 1701 peregit
1008 1618 1145 1675 vocabum
1167 1633 1276 1675 mereor
1297 1620 1423 1684 titulari.
1448 1622 1740 1691 incommomodum
1764 1637 1827 1694 opus

124 1712 286 1778 clementia,
303 1726 374 1768 cura
388 1712 613 1784 diligentissime
634 1715 766 1786 indagata
785 1716 819 1772 ad
841 1717 953 1773 laudem
1008 1708 1142 1764 ei⁰rt¹iil
1164 1709 1257 1779 Sillssi
1280 1715 1308 1765 θῑ
1330 1710 1399 1765 dum
1420 1710 1611 1767 mundffllifflss
1640 1712 1825 1781 il'liisswfflffl

124 1806 153 1856 et
168 1815 268 1857 nomen
286 1802 406 1857 vivificae
425 1803 592 1872 Trinitatis,
609 1816 718 1859 necnon
733 1805 768 1859 ad
788 1805 954 1863 excitandos
1010 1798 1150 1853 indomiti
1174 1799 1308 1868 superbia
1332 1814 1395 1869 (111ae
1420 1807 1583 1857 sanctulum
1610 1801 1673 1856 vias
1697 1816 1732 1858 ac
1756 1802 1826 1858 Vitas

124 1890 238 1947 animos
258 1890 415 1946 Dominicae
440 1891 541 1962 plebis,
567 1896 653 1960 prout
675 1893 772 1948 eadem
797 1895 954 1949 contulerit
1008 1887 1084 1943 calce
1098 1888 1218 1957 proterit
1232 1888 1382 1957 petulanti.
1396 1893 1423 1943 et
1437 1889 1508 1944 mira
1521 1903 1619 1945 earum
1632 1890 1659 1945 si
1673 1905 1731 1960 qua
1741 1892 1826 1947 audie·

128 1977 258 2033 liberalis
270 1986 298 2035 et
310 1979 413 2034 deifica
425 1980 563 2048 Trinitas,
578 1980 697 2036 sedulus
711 1982 847 2038 adnotare
860 1982 952 2038 decer·
1008 1976 1057 2046 rit,
1077 1976 1241 2046 pediculosa
1258 1991 1327 2032 aure
1348 1977 1479 2046 percipit,
1499 1978 1620 2033 audiens
1642 1994 1687 2034 mo
1703 1980 1824 2036 inaudita

126 2072 191 2121 tem.
202 2066 311 2123 -Grauis
330 2067 472 2138 siquidem
488 2068 566 2140 gnavi
583 2070 721 2125 scelerum
742 2071 865 2140 pondere
885 2085 953 2140 pnae.
1006 2071 1034 2119 et
1057 2071 1148 2120 amen
1168 2065 1350 2122 veracissima
1370 2067 1398 2120 in
1422 2066 1519 2135 patulo
1540 2066 1668 2135 prolerre
1691 2069 1823 2141 prodigia,

124 2161 240 2227 gravato
255 2169 271 2210 a
288 2162 314 2211 te
331 2156 402 2211 mini
419 2157 579 2227 imponitur
597 2158 721 2226 sarcina,
738 2159 875 2228 quoniam
892 2173 952 2228 peo-
1006 2154 1111 2210 canino
1130 2154 1253 2223 incipiat
1268 2155 1353 2210 dente
1372 2156 1522 2211 corrodere
1541 2162 1569 2210 et
1584 2157 1750 2213 verissimis
1764 2156 1823 2213 laisa

126 2244 201 2299 catis
216 2243 340 2300 obnoxio
356 2245 529 2302 horrendum
545 2250 588 2300 est
610 2252 731 2302 tractare
750 2247 784 2302 de
802 2249 903 2315 sacris,
923 2252 952 2302 et
1007 2241 1147 2312 praeierre.
1165 2242 1216 2297 llis
1236 2249 1321 2313 atque
1338 2244 1407 2298 aliis
1428 2244 1587 2300 innumeris
1606 2244 1734 2301 vallatus
1751 2259 1825 2318 anp-

128 2332 249 2388 miscere
262 2333 355 2388 aliena
371 2347 426 2388 non
447 2334 585 2403 propriis.
602 2336 704 2390 Verum
723 2335 870 2404 quoniam,
885 2335 952 2407 glo-
966 2291 992 2353 Β
1006 2331 1082 2400 stiis,
1100 2330 1168 2401 quia
1182 2343 1245 2385 sum
1261 2329 1382 2386 reiertus
1396 2332 1539 2403 contagiis
1555 2346 1588 2387 ac
1606 2333 1632 2388 si
1655 2333 1766 2390 ericius
1780 2334 1825 2404 spi·

129 2421 289 2477 riosisisme
319 2420 456 2491 pontifex,
482 2422 575 2477 virum
600 2422 809 2478 desideriorum
837 2428 864 2478 te
892 2423 951 2480 lore
1006 2420 1062 2491 nis,
1093 2426 1132 2476 ut.
1151 2419 1246 2475 verbis
1274 2420 1480 2476 Salomoniacia
1507 2421 1623 2492 loquar,
1654 2420 1823 2493 frequentina

128 2509 284 2578 comperio,
300 2516 406 2564 etcum
421 2509 538 2565 Daniele
554 2510 691 2579 propbeta
705 2524 816 2580 semper
831 2525 901 2566 nota
915 2511 951 2567 dc
1006 2508 1155 2564 meditatio
1168 2508 1272 2563 mentis
1289 2522 1355 2563 meae
1369 2514 1413 2564 est
1424 2508 1542 2566 afflictio
1556 2511 1656 2566 caruis
1669 2511 1766 2581 (ticeli.
1780 2524 1822 2579 in,

127 2596 237 2652 abditis
257 2597 391 2668 indagare
412 2598 559 2654 curiosius
577 2612 672 2669 cerno,
691 2603 786 2655 arctor
804 2600 901 2668 nimis,
923 2606 951 2656 ct
1007 2593 1057 2667 la).
1075 2596 1216 2664 Quocirca
1232 2594 1266 2651 ad
1285 2609 1378 2651 arcem
1398 2596 1577 2669 confugiens,
1597 2599 1646 2654 bis
1663 2599 1761 2656 verbis
1779 2599 1824 2654 cla·

131 2684 279 2743 immensis
293 2685 518 2756 circumquapue
533 2692 631 2757 septus
646 2688 799 2758 angustiis,
816 2688 885 2758 (guid
901 2689 951 2745 eli·
1006 2684 1087 2740 mabo
1104 2685 1138 2740 ad
1154 2685 1325 2740 Dominum:
1344 2685 1474 2755 Domine,
1492 2686 1569 2741 labia
1587 2701 1649 2743 mea
1667 2689 1824 2760 aperieset

127 2787 188 2846 gam
213 2775 328 2844 penitus
349 2774 494 2845 ignorans,
515 2776 641 2846 primun
661 2777 816 2846 oppilatam
843 2779 950 2847 pudore
1004 2787 1037 2830 os
1056 2787 1148 2828 meum
1164 2773 1350 2830 annuntiabit
1371 2774 1483 2830 laudem
1503 2780 1580 2832 tuam
1595 2793 1603 2846 3
1621 2784 1654 2832 ut
1672 2776 1737 2848 ipso
1754 2777 1823 2846 adiu-

124 2863 230 2918 mentis
245 2862 347 2919 iaciem
362 2863 493 2934 obllrmo,
510 2864 646 2936 quoniam
663 2865 814 2937 indignum
830 2881 873 2922 me
888 2882 950 2924 esse
1002 2869 1096 2933 vante,
1108 2864 1193 2933 cujus
1206 2877 1269 2919 sum
1283 2863 1348 2918 licel
1359 2862 1457 2918 labilis
1469 2865 1566 2920 caruis
1577 2865 1721 2936 conditio,
1729 2865 1824 2936 jussio

123 2963 179 3006 non
194 2951 327 3024 ambigo:
345 2951 413 3007 dein
433 2953 604 3009 obedientiae
619 2967 745 3009 normam
763 2955 882 3024 primam
899 2957 950 3012 bu·
1004 2952 1051 3008 nis
1072 2958 1128 3007 tuae
1153 2952 1332 3021 persolvatur
1357 2952 1477 3009 exactio.
1500 2954 1674 3011 Commendo
1697 2969 1764 3028 ergo
1787 2968 1823 3009 me

123 3037 412 3110 militatisaspiciens
424 3039 555 3111 formam,
565 3041 589 3097 si
598 3042 726 3112 jubentis
738 3043 815 3099 dicta
826 3043 949 3113 superba
1005 3040 1110 3098 iterum
1124 3047 1209 3111 atnne
1224 3042 1327 3097 iterum
1343 3042 1456 3098 meritis
1468 3042 1593 3115 virginis
1607 3050 1636 3100 et
1651 3045 1723 3115 tuis,
1740 3046 1821 3113 Pater,

120 3140 190 3183 aure
212 3134 402 3199 contemnam,
425 3129 512 3186 timeo
535 3144 569 3186 ne
592 3130 680 3203 legem
703 3132 948 3201 prtemricatioms
1003 3131 1137 3202 precibus
1154 3129 1316 3202 indefessis,
1335 3145 1393 3202 quo
1411 3131 1482 3186 mibi
1498 3133 1586 3188 eundi
1607 3132 1761 3204 impetrent
1775 3131 1823 3189 cul·

121 3215 269 3273 incurram
284 3223 345 3274 tum
360 3218 395 3274 ad
413 3224 515 3275 memet
529 3219 640 3276 clavum
656 3225 836 3293 retorquens,
854 3221 948 3292 impa-
1002 3219 1068 3291 lem,
1088 3225 1116 3276 et
1130 3217 1208 3276 felici
1227 3220 1330 3276 itinere
1351 3221 1507 3291 perducant
1521 3221 1556 3277 ad
1570 3221 1689 3279 calcem.

786 3443 960 3499 INCIPIUNT
983 3442 1161 3500 caelibis.

120 3557 141 3612 1.
216 3560 254 3613 bc
268 3559 373 3627 origine
385 3559 414 3614 S.
434 3559 593 3628 Wulpurpis
607 3559 733 3624 uirginis.
959 3555 1037 3620 CX.
1093 3559 1201 3613 Deoiio
1216 3558 1434 3614 caducocuruto.

119 3648 151 3703 li.
179 3682 196 3710 ,
217 3647 380 3713 Qualitas.
397 3647 555 3715 walpurgis
564 3645 946 3714 postobitumrrutrumsuo-
999 3646 1047 3700 xl.
1091 3649 1129 3702 bo
1143 3648 1574 3718 abbatissabiubilopoduprico.

261 3751 323 3788 ram
340 3734 481 3787 abbatissa
500 3736 577 3800 suctu
591 3739 639 3788 est.
1000 3732 1060 3788 xit.
1088 3736 1128 3787 Dc
1142 3735 1260 3803 quodum
1274 3752 1291 3789 a
1306 3738 1451 3791 rautloitctc
1465 3740 1612 3791 conta-octo.

118 3824 163 3878 ill.
219 3824 257 3877 ilc
268 3838 298 3877 co
312 3823 360 3876 ubi
373 3822 423 3874 lua
437 3822 549 3876 celestis
562 3823 670 3876 emicuit
682 3823 712 3875 in
727 3822 875 3877 diversorio
889 3824 947 3877 vir·
999 3821 1072 3876 Xlll.
1090 3824 1128 3876 Dc
1143 3839 1216 3878 cereo
1231 3824 1335 3882 caelitus
1350 3826 1514 3880 illuminato.

259 3912 362 3978 pinum.
998 3911 1069 3966 xlv.
1090 3913 1128 3966 Dc
1141 3918 1228 3967 matre
1242 3918 1267 3968 ct
1280 3914 1339 3984 filia
1354 3916 1466 3968 curatis.

118 3998 165 4054 lv.
220 4001 259 4053 De
280 4014 309 4054 oa
330 3999 378 4053 ubi
396 4001 473 4068 virgo
497 4000 598 4055 Christi
614 4000 806 4055 moribundam
822 4002 945 4070 puellum
998 3999 1056 4053 xi.
1089 4001 1128 4054 be
1141 4001 1253 4055 inuidere
1271 4002 1428 4071 purulptico
1449 4007 1555 4056 curata,

259 4088 297 4143 ad
315 4090 400 4143 vitam
417 4091 566 4159 reparavit.
998 4087 1070 4142 XVI.
1091 4090 1130 4142 De
1145 4090 1263 4158 quodum
1277 4091 1376 4144 claudo
1391 4096 1493 4146 curato.

116 4173 148 4230 V.
226 4177 278 4231 Ubi
294 4178 456 4247 walpurgis
470 4180 599 4247 rniprooit
610 4196 627 4232 α
639 4179 745 4233 seculo.
947 4193 949 4197 ’
997 4177 1081 4231 XVII.
1094 4178 1132 4232 De
1146 4179 1261 4233 anullare
1275 4180 1354 4249 cujus
1369 4196 1430 4235 crus
1443 4182 1616 4248 catafractatis
1631 4185 1681 4236 cst.

115 4263 160 4319 Vi.
225 4266 277 4320 Ubi
290 4269 422 4337 apparuit
436 4267 545 4322 Occario
558 4268 689 4337 episcopo.
995 4263 1132 4320 xviiidie
1144 4283 1192 4321 sca
1203 4269 1289 4336 signis
1301 4271 1331 4322 in
1345 4285 1401 4323 urta
1415 4270 1528 4325 muliere
1542 4271 1637 4337 sactis.

115 4351 171 4408 vil.
227 4355 279 4410 Ubi
291 4359 358 4425 sonos
372 4357 538 4411 Eistctenses
553 4356 636 4409 odiit.
996 4353 1072 4408 XIX.
1097 4356 1135 4409 Dc
1149 4358 1261 4412 muliere
1275 4374 1359 4413 curan
1373 4363 1398 4412 et
1413 4364 1510 4414 erecto,

114 4443 183 4499 viii.
226 4444 277 4498 Ubi
290 4450 415 4514 opertum
435 4449 474 4499 est
490 4444 656 4498 rnuusolcum
670 4443 795 4510 uirginis.
997 4442 1060 4498 XX.
1099 4447 1137 4499 Dc
1151 4447 1270 4516 quodam
1283 4448 1428 4516 fastidioso
1444 4453 1548 4504 curato.

116 4530 163 4585 IX.
220 4534 258 4586 lic
277 4548 306 4587 eo
326 4534 374 4588 ubi
390 4533 509 4587 caducus
526 4532 651 4602 reliquiis
671 4533 788 4602 uirginis
809 4531 939 4597 obviavit,

258 4624 283 4676 et
295 4624 407 4675 curatus
419 4625 468 4675 cst.

745 4726 1175 4922 incuuarre

387 5036 498 5094 CAPUT
516 5037 661 5093 Pililitlll.
951 5040 979 5101 D
992 5040 1062 5109 dici,
1078 5041 1114 5097 ab
1129 5040 1285 5098 inlidelatis
1297 5041 1423 5101 tenebris
1434 5046 1516 5099 eruta
1529 5043 1612 5113 pium
1627 5059 1729 5104 nomen
1741 5041 1809 5102 Chri

991 5128 1658 5205 stinchristianitatemcepitamplecti3quasi
1667 5134 1810 5191 fructuosa
1824 5129 1830 5144 '

149 5213 242 5286 Igitur
252 5217 399 5284 postquam
411 5213 481 5269 lolia
494 5229 562 5286 gens
571 5214 726 5287 anglorum
738 5230 788 5285 per
796 5218 936 5286 apostola·
991 5217 1103 5273 arboris
1113 5219 1194 5274 radix
1202 5220 1235 5275 ad
1250 5221 1396 5275 humorem
1408 5220 1496 5292 gelidi
1509 5224 1664 5279 rnrarmorls
1673 5223 1809 5280 surculata

114 5310 174 5360 tum
184 5303 357 5359 memorandi
369 5317 446 5373 papa
458 5303 600 5374 Gregorii,
611 5304 733 5375 (pti,cisi
747 5319 801 5360 non
810 5306 933 5362 aliarum
990 5307 1087 5362 emisit
1101 5309 1295 5380 propaginem,
1308 5314 1337 5364 ct
1348 5324 1381 5364 ac
1392 5309 1416 5364 si
1432 5324 1466 5365 cx
1477 5311 1596 5366 surculo
1610 5312 1713 5381 prima
1724 5321 1751 5368 et
1762 5310 1811 5368 ori·

113 5393 251 5466 gentium,
269 5392 362 5463 ipsius
379 5398 471 5446 tamen
491 5396 519 5446 et
535 5405 597 5446 essa
617 5392 764 5461 apostolus
783 5394 887 5450 meruit
907 5402 934 5450 et
990 5396 1109 5468 ginariu
1121 5398 1282 5467 juventutis
1298 5399 1327 5453 in
1344 5399 1398 5453 tide
1415 5399 1565 5455 maximam
1585 5401 1678 5456 crevit
1695 5401 1810 5458 inorbo

111 5603 125 5660 f
146 5528 161 5558 a
173 5517 201 5572 ld
225 5524 268 5573 est
287 5504 528 5664 ιἐιῑυοεὲὃέόμπος
550 5517 651 5584 fustus,
670 5504 830 5588 ptio'xcprccs
843 5494 993 5588 fastuosus.
1015 5520 1086 5592 Lege
1106 5535 1220 5577 carmen
1238 5522 1389 5596 Fridcgodi
1409 5523 1445 5579 de
1464 5522 1559 5580 liebus
1577 5527 1670 5596 gestis
1688 5527 1717 5583 S.
1738 5525 1810 5583 Wil-

124 5605 181 5662 ridi
199 5606 235 5665 ad
257 5620 364 5665 anuum
440 5643 447 5663 .
