3876 6090
186 261 242 324 759
713 254 952 313 annuntientur
970 252 1183 311 casslunrvsts
1202 253 1356 311 nonnulli
1832 243 1888 304 iod

189 389 262 446 dans
274 387 342 456 Deo,
361 383 443 441 misit
456 383 530 439 duos
549 380 654 439 liberos
676 392 744 437 suos
760 377 929 449 Gregorinm
946 373 1048 433 ma-A
1064 374 1148 444 cipis,
1171 390 1235 431 eum
1255 376 1392 432 adversus
1409 375 1467 445 jam
1487 375 1596 430 dictum
1618 370 1781 441 principem
1803 381 1887 424 snum

190 476 312 549 gistrum
333 473 458 528 militum
477 476 506 527 et
521 471 685 538 Caesarium,
707 479 825 523 necnon
841 470 868 520 et
881 462 1009 519 bandul-
1064 461 1154 530 nisit,
1166 466 1208 517 sel
1222 463 1301 531 justo
1314 462 1363 518 Dei
1375 461 1525 531 judicium
1540 474 1596 530 qno
1611 458 1708 514 omnis
1723 459 1851 525 potestas
1862 460 1889 511 et

189 562 249 620 fum
265 573 399 633 generum
410 572 494 616 suum
511 557 726 623 suessulanum,
741 568 805 610 oum
817 551 1009 623 quibusNea-
1063 550 1208 605 ordinatio
1216 550 1359 618 consistit,
1370 551 1431 619 lpse
1441 542 1876 618 ιιιίιιιιιιοιιιιιιιιίιςιιοιιιιιιιιί8

81 642 85 649 ’
189 650 311 722 politum
325 652 353 704 ιι
367 646 577 702 blaldtanorum
597 643 752 717 exercitum
773 646 828 695 tam
851 640 1007 709 pedestrem
1063 649 1097 690 ex
1111 637 1155 692 eis
1170 637 1257 706 capti,
1274 637 1380 708 reliqui
1395 642 1489 693 autem
1504 634 1595 706 fugati
1613 638 1691 690 sunt.

189 741 315 810 quamet
326 735 456 806 equilum
472 747 543 803 pene
555 733 588 788 ad
605 737 710 801 septem
726 727 806 783 milia
824 727 901 782 viros
917 726 1006 793 misit,
1097 721 1141 779 29.
1163 722 1245 797 (862.)
1265 726 1340 780 inter
1362 726 1421 781 baec
1442 726 1573 795 saugdan
1585 722 1598 764 9
1612 765 1620 792 ,
1635 721 1839 792 nequissimus
1856 733 1888 776 ac

189 825 262 882 dans
276 823 302 880 ei
318 824 346 878 in
363 830 533 893 praeceptum
547 827 579 877 ut
590 820 713 890 Capuam
726 815 881 875 obsideret.
897 814 1009 882 Quibus
1063 813 1302 869 sceleratissimus
1326 828 1374 869 rex
1406 813 1637 881 llismabelitum,
1664 816 1755 867 totam
1783 815 1888 865 terram

190 912 325 971 audacter
348 911 476 967 occurrit
496 923 548 965 ceu
570 909 614 965 leo
637 907 763 964 fervidus
784 905 879 961 bando
898 903 1007 973 junior,
1066 899 1285 958 Beneventanam
1305 901 1370 972 igne
1384 901 1488 972 gladiis
1502 905 1531 956 et
1543 899 1711 970 captivitate
1730 896 1891 952 crudeliter

190 1000 373 1071 repperitque
388 1012 436 1055 eos
451 998 650 1054 transvadatos
667 999 779 1066 pontem
796 990 1009 1050 Theodemundi
1064 987 1237 1058 devastabat,
1256 989 1296 1044 ita
1317 994 1421 1045 utnon
1443 994 1600 1045 remaneret
1620 989 1650 1042 in
1668 999 1700 1043 ea
1722 985 1836 1042 halitus
1855 985 1887 1039 ¹⁰.

190 1103 259 1146 suos
267 1088 373 1144 acriter
382 1084 671 1157 expugnantes3tolis
679 1083 751 1139 viris
762 1078 1008 1151 supereosirruil,
1064 1072 1251 1142 Quamobrem
1270 1080 1299 1131 et
1316 1074 1463 1132 Gallorum
1487 1075 1632 1130 exercitus
1650 1073 1786 1129 crebrius
1804 1073 1894 1128 adve-

190 1181 276 1248 atque
296 1187 419 1232 cuneum
445 1186 542 1228 eorum
565 1171 699 1227 scindens
723 1169 829 1241 gladiis
850 1167 1008 1238 ventilavit,
1065 1158 1289 1219 niens¹¹eorum
1301 1162 1468 1218 efferitatem
1479 1160 1820 1233 opprimendam,setnll
1831 1175 1891 1232 pro

190 1268 362 1334 captumque
384 1260 538 1316 Caesarium
562 1265 591 1314 et
615 1257 703 1314 ferme
726 1257 904 1328 octingentos
925 1255 1008 1325 alios,
1065 1247 1175 1320 ficiens,
1188 1248 1234 1305 via
1249 1263 1305 1321 qua
1316 1258 1430 1307 venerat
1441 1249 1601 1320 repedabat.
1619 1249 1698 1306 Unde
1713 1247 1826 1305 lactum
1838 1256 1913 1316 est„

149 1341 157 1354 '
190 1345 1011 1421 reliquosinfugamverlitqsicquetriumpbansreversus
1065 1341 1098 1391 ut
1115 1337 1280 1409 adelgisum
1302 1339 1451 1394 Beneventi
1477 1338 1646 1408 principem,
1667 1340 1800 1392 coactata
1820 1349 1934 1406 pen-

190 1441 242 1494 est.
257 1438 352 1494 Paudo
368 1440 473 1504 autem,
496 1434 580 1490 illius
599 1432 769 1502 avunculus,
788 1431 933 1487 ademarii
948 1444 1010 1486 mc-
1065 1424 1145 1479 sione
1159 1430 1187 1480 et
1201 1425 1363 1496 obsidibus,
1385 1440 1479 1496 pacem
1497 1440 1531 1483 eo
1544 1426 1569 1469 ¹2
1583 1425 1720 1481 brmnrel.
1738 1425 1802 1494 Quo
1818 1431 1924 1480 tem-—

106 1550 110 1559 ·
189 1529 274 1582 tuens
290 1525 452 1592 adventum,
468 1522 502 1577 ad
526 1523 741 1576 monumentum
757 1519 898 1589 quondam
914 1519 1011 1572 Trasa-
1065 1525 1133 1581 pore
1144 1512 1313 1583 llaielpotus
1327 1514 1351 1557 13
1363 1514 1510 1570 Telesinus
1522 1521 1550 1570 et
1561 1513 1774 1583 Gunndelepert
1788 1513 1926 1570 Bovia-

190 1613 246 1668 rici
259 1613 375 1667 interim
392 1609 559 1667 observabat
578 1608 723 1664 excubias.
746 1609 811 1663 Post
830 1605 889 1660 baec
903 1605 1008 1674 Pando,
1066 1601 1163 1656 nensis
1182 1600 1204 1644 ¹¹
1221 1601 1357 1657 castaldei
1382 1603 1470 1658 multa
1491 1616 1556 1658 cum
1583 1616 1663 1672 prece
1687 1600 1908 1660 conduxerunt

190 1704 286 1768 erepto
309 1699 420 1754 ilariuo
443 1697 578 1769 vinculis,
600 1695 754 1751 Caesarium
776 1708 841 1749 eum
867 1692 1010 1749 universis
1026 1683 1052 1744 B
1066 1689 1245 1745 Lamberlum
1267 1690 1367 1746 ducem
1385 1691 1603 1761 spolitensium,
1618 1696 1646 1746 et
1661 1691 1828 1747 Garardum
1841 1704 1911 1746 co-

189 1786 315 1844 libertati
330 1787 340 1832 ¹
356 1786 493 1843 restituit.
1066 1777 1162 1832 mitem
1187 1777 1221 1847 ¹¹,
1244 1784 1271 1834 et
1297 1779 1444 1836 obviantes
1474 1781 1565 1835 eidem
1595 1779 1741 1851 Saugdan,
1766 1792 1834 1836 cum
1860 1779 1900 1836 de

224 1873 269 1932 28.
295 1872 377 1947 (860.)
406 1874 469 1930 lliis
489 1886 612 1944 quoqne
639 1870 743 1927 diebus
774 1870 870 1926 bando
902 1870 1008 1940 senior,
1064 1863 1165 1934 Capuae
1190 1867 1411 1937 depopulatione
1434 1873 1632 1939 reverteretur,
1662 1868 1692 1923 in
1719 1867 1844 1924 arvium
1869 1866 1896 1916 16

189 1968 334 2021 crescente
345 1962 460 2018 interim
474 1961 599 2031 langore,
610 1959 645 2015 ad
654 1964 778 2015 extrema
790 1957 946 2028 perductus
954 1962 1007 2026 est,
1065 1954 1168 2010 tellure
1180 1955 1328 2012 irruerunt
1338 1971 1424 2026 super
1432 1970 1507 2012 eum.
1517 1958 1564 2012 Set
1572 1970 1715 2028 exurgens
1722 1956 1783 2025 jam
1796 1955 1892 2012 dictus

189 2051 355 2120 vocatisque
373 2048 486 2105 dnobus
503 2047 643 2104 iratribus
663 2047 734 2116 suis,
751 2047 846 2102 Pande
861 2045 1010 2102 scilicetet
1064 2043 1118 2110 vir,
1141 2048 1168 2098 et
1183 2058 1270 2114 super
1291 2046 1501 2101 beneventanos
1523 2050 1551 2100 ιι
1577 2047 1701 2101 Francos
1723 2041 1843 2100 fortiter
1863 2057 1888 2101 se

190 2135 327 2196 landolfo
339 2133 490 2193 antistite¹
505 2135 682 2206 ,undenam
694 2134 786 2190 fllium
798 2148 881 2190 suurn
890 2133 934 2188 eis
942 2147 1009 2201 sup·
1065 2130 1176 2202 injecit,
1189 2145 1221 2187 ac
1234 2133 1378 2203 dirruptis
1396 2133 1506 2201 cuneis,
1526 2132 1667 2203 plurimos
1682 2145 1785 2188 eorum
1799 2132 1888 2188 inter-

190 2224 261 2297 plici
280 2238 363 2296 prece
384 2223 582 2280 commendare
601 2223 724 2293 studuit,
751 2228 836 2292 atque
859 2222 889 2277 ln
909 2235 1011 2278 manus
1065 2220 1887 2291 emit,nonnulloscepitetcrudeliterextinxit3Garardus

189 2309 1011 2379 eorumtradiditdicens:Testelieosoncloqueejuseccle-
1065 2322 1132 2364 vero
1155 2323 1258 2376 comes,
1282 2311 1461 2382 maielpotus,
1484 2318 1512 2366 et
1534 2309 1779 2380 Guaudelpertus,
1806 2324 1887 2380 supra

188 2404 242 2467 sla,
259 2402 334 2456 vocis
346 2415 407 2455 euru
423 2399 631 2463 commendent
647 2399 737 2453 eodem
749 2401 779 2452 in
789 2399 897 2467 judicio
915 2401 1011 2466 tuturo
1065 2397 1137 2453 dicti
1152 2397 1219 2469 viri,
1235 2399 1331 2454 mdcm
1346 2399 1376 2454 in
1389 2400 1450 2454 acie
1468 2407 1536 2455 tune
1554 2398 1722 2455 occubuere.
1739 2396 1804 2465 Qua
1815 2398 1851 2454 de
1863 2412 1887 2453 re

185 2489 359 2558 judicemini,
376 2503 428 2557 quo
445 2503 473 2541 eo
489 2489 518 2541 in
532 2489 663 2556 presenti
676 2487 757 2540 ebusi
769 2489 878 2554 pituritis
889 2489 900 2540 l
912 2487 1012 2557 sicque
1065 2486 1215 2541 andaciam
1228 2500 1261 2541 ex
1275 2487 1327 2542 illo
1341 2487 1389 2543 die
1402 2488 1540 2557 potiorem
1554 2499 1680 2556 sumone,
1697 2487 1885 2542 Beneventum

191 2577 348 2633 humanum
370 2574 477 2631 faciens
498 2574 580 2631 obiit.
597 2575 658 2644 Quo
680 2574 812 2645 migrato,
828 2588 885 2630 non
900 2577 952 2632 diu
974 2576 1009 2632 ad
1065 2575 1184 2644 ejusque
1195 2574 1319 2630 conduia
1333 2574 1464 2632 funditus
1473 2576 1587 2644 delevit,
1601 2575 1641 2630 ita
1654 2580 1685 2630 ut
1696 2573 1799 2630 nullus
1812 2573 1888 2630 locus

188 2665 382 2736 juramentum
403 2662 531 2732 perstitit
544 2661 702 2718 fraternum
718 2680 725 2731 ς
743 2675 808 2718 nam
824 2662 943 2719 subdole
958 2679 1010 2735 pro
1066 2667 1168 2730 praeter
1187 2661 1271 2718 urbes
1297 2664 1455 2733 precipuas
1475 2665 1539 2735 ejus
1557 2663 1691 2721 efferitati
1706 2661 1732 2706 ¹⁷
1748 2664 1886 2720 evaderet.

190 2752 350 2822 cupiditate
370 2749 545 2806 castaldatus
557 2754 586 2805 et
603 2750 763 2806 bandonem
781 2755 809 2806 et
823 2758 932 2807 ceteros
948 2750 1011 2808 fra·
1065 2749 1177 2818 Quibus
1200 2749 1302 2807 diebus
1327 2751 1352 2794 ¹8
1373 2757 1400 2808 et
1428 2758 1554 2808 castrum
1578 2750 1766 2808 benefranum
1792 2751 1818 2795 ¹⁹
1843 2765 1890 2806 oe-

187 2844 246 2896 tres
265 2839 335 2896 urbe
356 2838 532 2908 repulerunt,
546 2843 601 2894 eta
620 2837 769 2894 Guaiferio
791 2838 909 2895 alienati
932 2845 1009 2907 sunt,
1067 2838 1111 2906 pit
1132 2846 1161 2894 et
1184 2838 1345 2896 coenobium
1377 2841 1469 2896 sancti
1500 2840 1643 2896 vincentii
1678 2840 1812 2897 martiris
1839 2841 1890 2895 de-

187 2927 237 2985 cui
248 2930 421 2984 sacramenta
436 2926 560 2982 recentia
573 2925 719 2996 dederant,
731 2927 930 2999 praecipueque
944 2931 1011 2985 ban·
1067 2926 1213 2997 praedavit,
1225 2931 1253 2983 ιι
1268 2942 1318 2999 pro
1332 2929 1483 2985 haedificiis
1499 2943 1554 2985 non
1565 2929 1726 2985 combustis
1737 2934 1797 2984 tres
1810 2928 1888 2983 milia

188 3014 286 3072 dolfus
307 3027 357 3085 per
370 3013 516 3086 evangelia
538 3014 748 3086 missarumque
770 3015 938 3086 sollempnia
959 3007 1049 3074 uecC
1065 3027 1168 3071 aureos
1186 3016 1305 3085 accepit.
1320 3019 1376 3073 lloo
1396 3016 1480 3090 lacto,
1502 3022 1531 3073 et
1544 3031 1561 3073 a
1575 3017 1683 3074 vicario
1704 3016 1783 3073 beati
1799 3017 1888 3072 liene-

189 3115 246 3159 nou
258 3107 287 3159 et
297 3116 347 3174 per
359 3115 459 3158 manus
473 3106 599 3158 sacratas
611 3116 678 3159 suas
692 3101 742 3158 ille
757 3116 812 3159 non
828 3104 913 3160 semel
924 3106 1010 3175 lura·
1065 3103 1137 3160 dicti
1160 3104 1279 3161 lotidem
1303 3120 1435 3163 nummos
1455 3106 1566 3177 accepit
1579 3106 1600 3161 d.

189 3195 277 3248 verat.
293 3193 350 3247 lloc
363 3190 446 3262 facto,
462 3190 557 3247 bando
566 3190 686 3246 caiaziae
701 3191 849 3263 ingressus
860 3197 914 3264 est,
926 3200 1009 3265 capto
1100 3190 1144 3249 30.
1170 3191 1252 3266 (862.)
1276 3196 1388 3251 biortuo
1411 3195 1536 3266 deniqne
1562 3196 1704 3264 Pandone,
1731 3193 1888 3251 bandolfus

191 3280 222 3337 in
236 3292 268 3335 ea
281 3278 411 3348 nioaldo,
431 3278 480 3348 qui
495 3291 512 3334 a
528 3278 674 3348 predictis
693 3278 765 3335 viris
779 3293 840 3336 eam
858 3281 893 3336 ad
909 3287 1011 3340 custo-
1065 3281 1217 3353 episcopus
1232 3281 1311 3338 solus
1329 3289 1475 3352 superstes
1493 3285 1639 3341 remansit.
1652 3285 1709 3353 Qui
1724 3282 1890 3340 Pandonol-

189 3368 326 3427 diendum
350 3365 444 3424 fuerat
472 3367 611 3425 directus.
641 3368 745 3425 Eodem
770 3369 860 3440 igitur
884 3376 1010 3442 tempore
1065 3368 1618 3444 fum,ncpotemsuum,viccpatrissni
1634 3372 1781 3429 Paudonis
1796 3372 1888 3428 comi-

189 3455 345 3514 bandolfns
365 3454 401 3525 ³,
424 3453 514 3512 frater
540 3457 694 3527 baudonis,
726 3456 825 3513 casam
850 3459 937 3514 irtam
955 3469 966 3496 ¹
983 3459 998 3503 ¹
1066 3462 1121 3512 tem
1135 3459 1164 3513 iu
1178 3460 1301 3528 Capuam
1316 3460 1476 3531 constitnit,
1495 3462 1545 3531 qui
1558 3461 1727 3517 vulneratus
1739 3474 1775 3517 ex
1789 3459 1887 3530 prolis

188 3546 281 3616 cepit;
297 3547 340 3601 set
351 3544 555 3614 superveniens
568 3544 672 3615 Pando,
686 3545 763 3614 cepit
777 3558 841 3601 eum
853 3559 918 3601 cnm
935 3561 1010 3617 qua·
1065 3559 1124 3615 quo
1149 3547 1262 3617 genitor
1288 3548 1462 3605 occubuerat
1485 3550 1652 3605 semivimus
1675 3554 1814 3604 evaserat.
1839 3549 1888 3604 llic

187 3633 322 3704 draginta
355 3629 542 3701 primoribus,
577 3630 684 3701 quibus
717 3630 849 3704 redditis,
882 3639 1008 3692 castrum
1064 3639 1159 3689 autem
1177 3634 1206 3689 in
1221 3633 1420 3693 familiaritate
1442 3651 1493 3693 sna
1512 3638 1633 3694 babebat
1649 3635 1889 3694 Dauferiumco-

186 3720 306 3776 caiaziae
321 3719 437 3788 recepit,
453 3722 481 3773 et
496 3718 618 3787 receptis
639 3718 710 3775 tiliis
727 3720 871 3777 baudonis
884 3734 901 3777 a
915 3723 1010 3779 Guai-
1064 3727 1180 3793 gnatum
1194 3722 1220 3765 2¹
1231 3725 1355 3780 llalonis
1370 3743 1378 3795 ς
1391 3726 1476 3795 cujus
1495 3727 1637 3782 versutias
1658 3733 1790 3781 metuens
1813 3727 1887 3781 lan-

186 3807 261 3864 ferio
283 3813 312 3862 et
335 3804 470 3862 bandolfo
494 3803 582 3860 fratre
602 3819 701 3862 eorum
727 3808 757 3862 in
782 3808 946 3866 Suessulam
969 3809 1005 3868 b.
1063 3809 1888 3887 dulfuspraesnl,monuitl'andonulfum,ut,datoeiadju·

187 3895 299 3964 Quibus
321 3893 520 3949 exterminatis
538 3903 552 3933 0
573 3890 586 3935 1
608 3935 615 3964 ,
635 3893 753 3950 minime
777 3897 888 3967 quievit
908 3913 1007 3956 eornm
1063 3899 1148 3965 torio,
1164 3899 1235 3956 alibi
1252 3914 1316 3957 eum
1331 3901 1365 3955 ad
1382 3902 1617 3958 commanendum
1637 3903 1818 3972 destinaret3
1835 3902 1885 3973 qui

187 3980 293 4051 rabies,
306 3985 351 4036 set
363 3987 510 4050 coeperunt
524 3994 572 4038 eos
588 3984 719 4054 persequi
731 3984 842 4057 jugiter
855 3988 940 4044 etiam
956 3994 1010 4046 ter·
1063 3989 1163 4045 nolens
1178 3989 1260 4046 illius
1272 3989 1396 4047 consilio
1408 3991 1600 4061 acquiescere,
1617 3991 1690 4047 clam
1706 3993 1817 4064 egressi
1831 3998 1887 4047 tres

188 4068 283 4125 minos
294 4068 456 4124 Suessulam
469 4075 673 4141 expugnantes.
687 4072 744 4128 llos
757 4073 901 4144 siqnidem
913 4078 1009 4134 Guai-
1063 4077 1189 4146 germani
1205 4090 1239 4132 ex
1255 4077 1324 4132 urbe
1341 4078 1464 4147 Poteusi,
1483 4092 1547 4134 cum
1565 4080 1663 4136 eodem
1684 4079 1823 4136 [lanterio
1837 4094 1888 4134 ‹u-

187 4153 280 4212 ferius
296 4155 429 4226 princeps
444 4170 499 4213 non
513 4159 639 4230 segniter
652 4159 665 4203 ¹
679 4161 841 4233 adiuvabat,
855 4169 883 4219 et
898 4166 1008 4223 multo-
1064 4167 1146 4223 stella
1162 4167 1299 4221 invasere.
1316 4167 1386 4222 Nam
1407 4166 1601 4224 Pandonolius
1615 4168 1795 4241 Suessulam,
1812 4170 1888 4224 inu-

189 4242 265 4300 tiens
280 4244 373 4301 locum
388 4243 504 4301 cedebat
517 4247 570 4317 eis,
586 4247 687 4304 nolens
701 4248 831 4307 frustral
845 4251 1008 4311 Christico-
1062 4253 1163 4311 dulfus
1175 4260 1269 4310 autem
1285 4254 1384 4311 casam
1402 4258 1499 4325 lrtam,
1518 4256 1718 4313 landonulfus
1728 4256 1852 4313 caiaziae
1861 4254 1886 4300 ¹¹

186 4332 246 4389 lum
259 4331 379 4390 fundere
388 4347 527 4391 cruorem.
541 4336 589 4392 Set
598 4337 752 4395 bandellus
766 4341 871 4409 presul
884 4356 940 4399 non
953 4345 1047 4417 boel)
1063 4343 1099 4399 ab
1117 4343 1200 4399 illius
1219 4343 1346 4414 genitore
1365 4349 1491 4400 castrum
1510 4345 1567 4413 jam
1587 4345 1698 4402 dudum
1717 4354 1886 4418 quassatum

185 4417 337 4492 religionis
349 4421 441 4493 gratia
453 4425 496 4477 set
509 4421 702 4478 imbecillitati
717 4423 867 4498 deputans,
881 4429 908 4483 vi
920 4445 1004 4488 snum
1066 4433 1255 4502 intraverunt,
1272 4436 1301 4487 et
1315 4436 1463 4501 coeperunt
1481 4431 1643 4501 depraedare
1664 4435 1762 4491 omnia
1778 4436 1809 4492 in
1824 4438 1888 4493 cir·

187 4522 352 4581 germanum
367 4513 466 4564 contra
479 4508 626 4565 Christum
646 4510 762 4568 Domini
778 4530 904 4588 pugnare
917 4534 1005 4595 coge-
1059 4522 1151 4579 cuitu.
1172 4519 1251 4589 Quos
1271 4517 1432 4574 baudulfus
1451 4519 1568 4591 ingenio
1589 4521 1713 4593 decepit,
1737 4524 1886 4596 simulque

185 4595 243 4653 bal.
255 4598 429 4668 Fretusergo
442 4596 567 4652 iliorum
576 4598 675 4671 trium,
686 4601 818 4674 blaionis,
827 4609 1003 4668 etblaienold
1058 4608 1238 4669 Guaiferium
1249 4611 1277 4663 et
1288 4606 1455 4679 adelgisum
1470 4609 1616 4679 principes
1630 4610 1751 4682 delusit,
1764 4626 1817 4670 nec
1831 4628 1886 4671 nou

187 4697 238 4741 uec
252 4697 310 4740 uon
322 4689 351 4740 et
363 4684 506 4756 liadelgisi
518 4684 572 4741 lilii
587 4684 714 4760 Adelgisi
730 4691 917 4753 Beneventani
928 4699 1005 4768 priu-
1058 4704 1086 4757 et
1098 4697 1241 4757 baudonis
1256 4695 1332 4753 tilios
1343 4701 1460 4767 nepotes
1474 4711 1552 4769 suos,
1569 4712 1642 4769 quos
1654 4700 1713 4769 jam
1730 4703 1828 4773 pridie
1842 4717 1888 4760 ex-

867 4822 984 4880 VARlAE
1003 4826 1196 4884 Lectiones.

220 4895 399 4954 ¹libertatis
421 4895 446 4952 l.
497 4898 664 4985 ‘lantistec
716 4904 937 4969 ³landonulfus
951 4929 973 4968 ι.
1025 4907 1157 4971 fcasam
1183 4916 1268 4971 irtam
1287 4931 1310 4970 c.
1362 4914 1431 4973 ⁵ex
1451 4918 1582 4976 tminatis
1602 4937 1624 4976 c.
1676 4920 1739 4979 ¹si
1764 4926 1886 4983 nitore.

185 4966 309 5025 ⁷fustra
331 4985 353 5023 c.
404 4967 625 5028 ⁸nonnullvsc.
677 4974 850 5062 isaugolan
873 4997 895 5036 ι.
921 4984 969 5037 sed
989 4986 1024 5110 ιζ
1048 5001 1070 5039 ι.
1092 4983 1136 5041 29.
1159 4986 1297 5069 saugdane
1319 4984 1344 5043 5.
1399 4988 1572 5047 ¹⁰alitusc.
1596 4991 1762 5076 babituso.
1818 4999 1887 5056 ¹¹a.

186 5036 323 5095 obeb.
375 5037 401 5082 11
421 5056 447 5111 p.
471 5055 535 5097 curn
559 5056 593 5099 eo
614 5044 633 5099 f.
659 5045 685 5102 5.
738 5048 971 5122 ¹¹ilagelpertus
1015 5096 1021 5108 .
1075 5055 1099 5099 ¹¹
1121 5055 1267 5112 bovvansvs
1290 5073 1313 5111 ι.
1366 5058 1390 5102 ¹¹
1411 5061 1573 5119 Geraudum
1603 5071 1737 5120 comitem
1772 5068 1887 5125 Marso-

185 5123 250 5165 rum
270 5107 296 5165 5.
347 5109 372 5153 ¹¹
393 5111 508 5167 Barium
530 5113 558 5167 ll.
609 5117 634 5161 ¹⁷
648 5114 789 5175 feritatem
803 5118 830 5175 5.
884 5126 907 5168 ¹8
927 5123 954 5178 d.
978 5125 1126 5197 Telesiam,
1147 5127 1276 5197 Alipbas,
1297 5129 1464 5199 Sepininm.
1480 5133 1635 5191 Bovianum
1656 5140 1685 5191 et
1706 5137 1873 5197 lllserniam

185 5184 311 5236 castrum
335 5194 449 5251 quoqne
474 5182 661 5241 benefranum
684 5190 761 5259 cepit
785 5187 976 5264 funditusque
1000 5196 1116 5253 delevit.
1145 5198 1350 5254 bionastecinm
1376 5214 1442 5257 vero
1466 5208 1519 5259 etc.
1543 5202 1569 5260 5.
1625 5204 1649 5251 ¹⁹
1675 5205 1837 5268 bnfranum
1861 5184 1885 5268 cs

184 5247 349 5307 211ιιιιιιιιιι
370 5253 406 5308 ll.
430 5269 453 5308 c.
504 5252 530 5298 ¹¹
550 5255 671 5314 scaiazie
693 5256 718 5314 l.

975 5335 1085 5394 NQlAE.

218 5408 370 5536 {edissem
387 5482 418 5536 d·
1093 5437 1107 5467 0
1127 5426 1155 5483 ld
1174 5431 1217 5484 est
1234 5429 1342 5497 ejectis.
1360 5501 1366 5514 .

407 5500 416 5535 ι
432 5482 546 5538 Sessolo.
1092 5494 1106 5536 ‘¹
1124 5497 1165 5553 Cf.
1180 5498 1284 5556 Cbron.
1303 5501 1397 5558 Casrn.
1417 5517 1442 5559 c.
1458 5501 1502 5560 30.
