3876 6090
129 264 199 327 sisi
517 258 663 320 aarum.
684 258 731 319 AD
749 257 831 319 SAEG.
851 259 901 317 tx.
920 287 958 301 -
974 255 1153 317 sumnus
1170 256 1255 316 ANNI
1281 254 1430 316 messui.
1773 253 1843 317 4188

128 402 186 459 suis
214 391 417 452 calamitatibus
443 387 508 444 aliis
532 387 683 456 deropare:
707 386 767 442 ideo
790 400 956 456 summopere
969 384 1000 447 Α
1016 381 1149 461 crit],sed
1158 384 1264 441 uiribus
1273 398 1429 440 carerenon
1447 386 1487 439 est
1498 380 1623 439 dubium.
1643 379 1691 440 ἢ).
1707 383 1747 440 iss
1764 383 1843 443 indu.

128 494 168 548 est
188 480 408 559 praevidendum,
430 492 464 533 ns
487 477 543 531 ltus
560 479 638 547 tant.
657 472 700 531 ii.
725 475 826 533 Nullus
851 489 956 538 seruus,
1014 474 1064 528 ciis
1090 488 1153 528 aero
1178 476 1372 546 episcoporum,
1397 488 1478 544 super
1515 472 1616 544 auibus
1653 472 1840 539 musuluistis,

128 578 222 636 nullus
240 573 317 635 iiber,
339 568 434 624 nullus
451 565 581 636 infidelis,
594 563 689 619 nullus
707 563 867 619 criminibus
884 563 960 618 irre-
1014 561 1172 617 diversata
1198 562 1328 618 Patribus
1359 562 1469 631 reputas
1497 562 1653 617 invenimus
1687 562 1839 620 annuns.

129 671 207 729 titus,
221 650 956 724 nulluscalumniator,nullusquiinimicitiisstudet,
1013 650 1130 718 Quidam
1158 654 1230 707 enim
1259 649 1295 724 (3,
1316 667 1344 725 q.
1364 665 1389 708 a.
1408 654 1447 709 lie
1464 650 1595 725 inducia)
1623 651 1664 706 ad
1684 653 1840 723 repellendo

128 752 284 823 nullusqui
296 749 410 804 libenter
426 738 605 818 [pennantur]
621 743 722 809 litipot,
735 745 760 796 et
774 740 957 795 adanensun·
1011 740 1195 812 impetitorum
1227 742 1457 807 maenimmemo,
1485 744 1512 797 et
1546 755 1613 826 suas
1636 743 1839 813 prmrondm

129 845 196 901 dum
206 842 249 898 uel
263 836 462 895 detrahendum
474 836 514 888 est
527 832 630 903 facilis,
642 830 721 885 nulla
735 831 849 898 insumis
858 842 953 899 persa
1011 832 1210 903 responsiones,
1221 837 1247 887 et
1261 835 1342 887 testes
1356 831 1567 902 cmtrmoudas,
1585 830 1740 886 moonoilia
1750 846 1838 890 earum

128 949 177 998 no,
196 931 240 988 ael
265 942 332 1000 quas
356 925 394 982 od
416 922 602 979 accusandum
621 920 734 991 publica
753 921 870 975 crimino
889 918 958 987 lepos
1014 914 1218 996 [episcoporum]
1253 925 1279 976 et
1315 922 1463 976 omioarum
1487 919 1647 992 querendo,
1681 934 1788 976 musmo
1815 928 1840 978 et

126 1022 246 1094 publicae
275 1031 331 1073 nan
350 1015 518 1078 admittunt;
539 1011 676 1080 episeapos
698 1023 827 1063 accusare
847 1021 959 1078 presu-
1013 1005 1083 1086 [aut]
1122 1026 1171 1067 sea
1201 1025 1306 1067 messes
1336 1011 1539 1066 mandaverunt
1565 1008 1698 1078 concedis
1728 1010 1838 1082 mian

128 1113 222 1167 mant:
254 1107 385 1179 quoniam
409 1103 591 1164 accusatores,
612 1102 638 1155 et
665 1099 860 1160 accusationes,
887 1110 958 1167 quas
1012 1104 1102 1155 autem
1120 1115 1234 1162 annum,
1257 1101 1288 1155 in
1316 1115 1369 1171 osso
1395 1100 1512 1172 plurimi
1540 1099 1732 1168 concordant3
1751 1101 1838 1156 asinos

129 1199 222 1255 seculi
236 1198 305 1265 lepos
326 1208 381 1248 nan
405 1192 551 1261 recipiunt,
576 1190 756 1260 androtione
779 1187 958 1243 sacerdotalis
1011 1204 1074 1244 seru
1091 1204 1173 1259 quom
1184 1203 1233 1244 sss
1251 1204 1354 1246 menses
1368 1204 1423 1244 non
1441 1190 1547 1260 reperi;
1560 1191 1628 1260 quio
1645 1188 1742 1279 etltaec
1764 1190 1838 1245 loiris

128 1301 174 1343 eos
188 1284 254 1341 ordo
274 1285 393 1352 recipere
419 1279 524 1343 debeat,
547 1279 670 1333 inuenire
690 1291 802 1348 nequem
821 1291 882 1332 oum
902 1275 958 1330 baec
1011 1277 1122 1333 indulta
1149 1283 1223 1344 suut,
1256 1283 1360 1349 quanta
1390 1279 1478 1348 napis
1510 1282 1537 1334 st
1558 1279 1672 1334 Domini
1694 1278 1838 1335 mendati-

129 1380 163 1433 et¹
176 1377 207 1430 in
231 1374 342 1431 iliciana
372 1369 475 1440 syuodo
494 1367 634 1439 prohibito
657 1368 723 1431 sint,
750 1372 777 1422 et
800 1367 845 1422 illi
869 1366 957 1435 napis
1014 1368 1088 1424 bus?

127 1465 163 1520 ob
194 1465 267 1526 istis,
300 1475 355 1515 non
390 1460 439 1514 isti
467 1458 503 1512 ab
531 1457 589 1512 iilis
612 1455 739 1525 judicari
767 1455 891 1510 debeant.
922 1455 958 1509 Et
1045 1457 1263 1529 iiioprndictos
1279 1458 1447 1530 papaaiiom
1464 1458 1617 1531 epistolam
1633 1457 1756 1530 scripsit
1775 1460 1839 1518 uoi-

128 1552 277 1624 Apostolus
303 1550 388 1606 dicit:
420 1569 433 1601 a
459 1545 622 1618 Spirituolis
643 1545 756 1614 judeos
779 1545 882 1607 amnia,
899 1545 958 1615 tuse
1010 1548 1101 1605 versis
1117 1547 1323 1620 spiritualibus
1342 1547 1492 1619 iratribus,
1513 1548 1727 1621 etreliqaisin
1740 1562 1834 1607 sacer-

127 1656 191 1698 nera
214 1656 233 1695 a
262 1640 368 1695 nemine
389 1637 537 1706 judicatur
566 1633 593 1706 (i
619 1633 679 1697 dart
710 1631 785 1705 sal.»
820 1628 863 1691 ts.
881 1632 958 1693 ‚iio-
1002 1634 1099 1693 dotali
1111 1635 1550 1711 collegioDominooonsecratis
1566 1636 1660 1709 (epist.
1672 1635 1714 1709 2),
1736 1637 1767 1694 in
1784 1651 1834 1710 qua

127 1731 215 1794 redet,
263 1745 280 1784 a
317 1728 417 1799 quibus
454 1726 569 1780 nimium
613 1724 803 1794 opprimimur,
851 1736 957 1781 encom-
972 1731 1060 1797 sseos
1078 1726 1293 1783 studiosissime
1309 1727 1443 1784 hortator
1455 1726 1675 1798 persecutiones
1691 1729 1722 1784 et
1741 1726 1835 1784 triou-

126 1820 323 1889 amansque,
357 1814 506 1878 homicida,
535 1813 661 1884 muniti,
695 1814 783 1880 tituto
816 1812 955 1879 sacrilepi,
1011 1812 1134 1879 lationes
1143 1816 1285 1886 patienter
1294 1817 1447 1881 sustinere,
1459 1821 1492 1873 ot
1501 1815 1631 1887 elusilii
1643 1816 1834 1882 inveniantur,

127 1912 261 1980 suptarus,
273 1907 395 1977 oenepd,
410 1902 643 1972 adulteriaque·
652 1905 765 1972 raptum
773 1902 901 1969 fecerim,
913 1903 957 1958 oei
1011 1918 1095 1977 quem
1106 1906 1238 1978 quamdis
1247 1906 1357 1963 Patrem
1369 1906 1503 1963 invocant
1513 1907 1601 1964 neum
1615 1905 1647 1964 io
1664 1906 1759 1977 omlis,
1768 1912 1797 1964 et
1808 1913 1835 1964 ot

126 1994 231 2067 salsum
244 1998 426 2054 testimonium
437 1993 570 2056 dmmint,
587 2005 635 2047 ssu
647 1990 889 2061 auindsartilepas
901 2006 957 2047 ma
1011 1993 1299 2055 detrahentibusnnn
1310 1995 1472 2068 detrahant,
1484 1996 1531 2053 sod
1553 2001 1662 2054 cuncta
1678 1996 1713 2053 io
1732 1997 1833 2068 spirito

127 2103 228 2159 nosque
247 2087 445 2149 concurrerint,
464 2083 623 2139 nullatenus
645 2081 683 2136 od
703 2082 957 2138 ammationemoel
1012 2083 1188 2142 humilitatis
1203 2086 1428 2159 peragantstin
1440 2085 1578 2159 patientis
1593 2085 1831 2160 longanimitatis,

126 2178 166 2234 od
177 2162 361 2233 testimonium
375 2178 456 2231 erunt
476 2172 652 2230 admittendi.
1011 2186 1074 2244 quae
1084 2178 1154 2231 sunt
1164 2173 1300 2247 docendo,
1312 2174 1458 2233 madeant.

164 2264 276 2325 tillon
287 2267 363 2322 itain
373 2261 703 2332 ecclesiasticisapendum
717 2261 954 2332 nepotiis,sientin
1222 2264 1354 2320 xxxix.
1365 2264 1438 2320 —S.
1449 2263 1624 2323 nameus

127 2357 314 2415 sacularibus.
339 2356 373 2410 ln
393 2353 570 2410 samiaribus
592 2353 674 2416 enim,
686 2355 835 2421 postquam
851 2350 954 2419 lepibus
1274 2352 1366 2425 (Anno
1383 2351 1568 2429 Cbmstitlbll

126 2447 361 2509 cacatusomerit,
373 2440 954 2513 etinferodeeersorecopestattouis,noo
1044 2442 1192 2514 Damasus,
1212 2443 1328 2500 natione
1347 2443 1500 2517 Hispanus,
1521 2458 1556 2500 ex
1576 2449 1661 2516 patre
1680 2443 1831 2518 Antonino,

128 2536 413 2606 liaetanteperactam
432 2547 543 2589 comam
564 2531 707 2588 recedere:
722 2532 752 2585 in
766 2530 954 2585 eecnsiosticts
1008 2529 1083 2588 sedit
1093 2543 1184 2589 anuos
1202 2532 1370 2605 octodecim,
1390 2546 1499 2591 menses
1519 2538 1589 2605 tres,
1606 2532 1674 2591 dies
1694 2533 1830 2592 undecim.

127 2638 198 2695 sero,
214 2639 298 2680 causo
311 2624 395 2694 dicta,
409 2624 471 2678 lieet
486 2622 627 2693 recedere3
641 2623 667 2677 si
678 2634 784 2677 necesse
795 2620 892 2688 merit,
905 2621 954 2672 cut
1007 2620 1078 2676 com
1103 2620 1159 2678 isto
1182 2621 1335 2680 ordinatur
1354 2623 1384 2678 in
1408 2623 1593 2681 contentione
1617 2623 1765 2695 Ursinns3
1790 2623 1830 2681 scd

123 2715 298 2786 mensumn·
316 2729 344 2769 se
364 2712 476 2768 viderit.
505 2708 546 2768 il.
570 2711 679 2778 Quoties
705 2711 846 2781 episeopus
872 2720 954 2779 super
1008 2708 1408 2769 iactoconailiosacerdotnm
1428 2711 1609 2770 constitutus
1626 2718 1673 2770 est
1688 2714 1830 2783 Damasus,

127 2804 207 2858 certis
226 2804 372 2857 coematur
395 2801 567 2872 criminibus,
587 2802 613 2856 si
630 2799 698 2855 tales
715 2799 823 2867 suenni
836 2812 953 2853 accusa-
1008 2799 1077 2871 qula
1100 2797 1213 2871 tonsor,
1232 2804 1261 2858 et
1282 2800 1407 2872 plurima
1426 2801 1584 2860 multitudo
1606 2808 1696 2861 erat:
1716 2802 1833 2860 Ursinus

127 2895 208 2956 tores,
232 2893 281 2963 qui
294 2891 372 2961 iuste
394 2895 420 2946 et
443 2892 571 2946 canonice
588 2890 675 2960 recipi
699 2887 824 2951 debcant,
849 2886 952 2957 synodo
1006 2896 1101 2946 autem
1120 2889 1227 2960 ejectus
1245 2894 1289 2947 est
1306 2891 1342 2948 ab
1361 2890 1445 2963 Urbe,
1458 2897 1487 2949 et
1505 2891 1643 2964 Neapolis
1657 2895 1832 2952 constitutus

127 2980 247 3051 sensnm
267 2983 298 3037 in
322 2995 370 3036 suo
392 2985 508 3052 ternpore
529 2982 700 3050 conprepato,
714 2978 749 3033 ab
763 2978 888 3034 omnibus
901 2993 954 3033 ca-
1006 2979 1168 3052 episcopus.
1184 2981 1322 3037 mussas
1332 2984 1427 3038 autem
1439 2980 1696 3053 postealnvldiose
1710 2982 1829 3041 adninn‘

125 3073 222 3126 nonies
244 3071 388 3133 audiatur,
411 3072 461 3141 oui
477 3074 543 3125 sunt
565 3070 596 3122 in
617 3069 772 3138 marineio,
802 3069 947 3139 episcopis.
969 3066 1155 3144 Gorgadum
1170 3077 1198 3128 et
1218 3069 1291 3128 iacta
1310 3070 1378 3128 inde
1396 3073 1544 3144 synadae
1563 3073 1832 3146 qusdmgintaooto

126 3158 204 3228 Quod
212 3162 299 3216 sinan
309 3160 423 3229 lepitimi
439 3160 734 3228 tuomntaccusatares,
754 3172 809 3212 non
818 3160 953 3228 fadassur
1009 3156 1210 3234 [qnadraginta
1225 3157 1359 3236 quatuor]
1371 3160 1515 3232 episcopis
1531 3166 1732 3234 expurgatur:
1748 3174 1832 3220 aueu-

125 3251 275 3321 episeapus,
296 3252 362 3320 quio
389 3248 540 3304 sacerdotes
565 3247 605 3302 ad
624 3247 834 3318 sacrificandum
860 3250 953 3305 occari
1006 3251 1290 3321 sommsoutemejus
1304 3249 1519 3308 Concordiuset
1536 3250 1682 3309 callistus
1701 3252 1830 3310 diacones

125 3335 243 3415 [uocare]
272 3338 379 3406 debent,
406 3352 461 3393 nan
483 3337 522 3393 ud
551 3337 734 3407 litipaudnm3
761 3338 875 3392 necilli
903 3341 952 3409 qui
1005 3339 1162 3396 tconsilia
1177 3339 1393 3414 suntdamnatl,
1416 3346 1445 3398 et
1462 3341 1499 3399 de
1515 3339 1648 3400 Ecclesia
1668 3342 1766 3415 mensi
1784 3342 1830 3399 llis

124 3427 275 3484 timniiiei
292 3432 435 3493 uocantur,
451 3441 602 3501 parmam
620 3426 759 3482 morinum
774 3426 886 3483 insidiis
899 3428 952 3483 de-
1006 3428 1152 3486 ordinant
1174 3429 1324 3502 episcopas
1343 3431 1525 3504 septuaginta
1547 3431 1634 3506 duas,
1654 3432 1830 3506 presbyteros

125 3515 187 3571 bont
211 3517 330 3588 macri,
350 3515 399 3572 sed
429 3517 511 3572 libne
537 3515 642 3572 cimon
665 3516 779 3571 Domino
804 3516 949 3585 temulari.
1006 3519 1425 3594 trigintaetnnum,diaconos
1439 3521 1583 3580 undecim.
1597 3521 1686 3581 illan
1705 3524 1830 3582 nnus·

124 3602 167 3661 48.
179 3606 308 3673 Quamuis
321 3606 540 3678 prouincialibus
560 3605 692 3677 episcopis
706 3620 764 3660 una
781 3600 949 3661 cummetra·
1005 3608 1094 3666 eemb.
1106 3607 1189 3666 abiit.

119 3696 244 3767 parnaso
268 3711 360 3752 sarum
377 3710 476 3751 camos
503 3710 560 3750 suae
588 3696 738 3765 proinde
765 3695 950 3765 episcoporum
1039 3699 1092 3757 ilie
1112 3701 1141 3757 io
1169 3695 1300 3774 epistola,
1326 3714 1411 3774 quam
1442 3701 1586 3774 Stephano
1613 3702 1829 3775 archiepiscopo

123 3784 204 3840 liceat
220 3786 381 3841 claritudine
399 3789 425 3839 et
443 3782 611 3838 censualiter
630 3783 756 3849 eniterer
775 3784 947 3854 nontamen,
1004 3789 1194 3862 Mauritania,
1207 3795 1236 3847 et
1247 3790 1391 3849 universis
1404 3789 1830 3867 ntrtmnaeprorinctaeeptsoa

122 3872 375 3942 deutinprediota
388 3872 492 3940 synodo
509 3871 685 3926 constitutum
704 3874 755 3940 est,
775 3871 837 3928 licet
855 3873 950 3946 deuni-
1004 3879 1049 3951 pis
1076 3880 1234 3939 destinauit
1267 3882 1354 3954 (epist.
1389 3880 1428 3954 3),
1453 3894 1502 3939 eas
1535 3881 1674 3958 instruit,
1709 3883 1829 3957 qualiter

120 3960 533 4032 rtabtawROmauiuvdillld's
551 3960 722 4016 auctoritati·
745 3961 822 4028 Quod
838 3965 948 4020 siseous
1003 3970 1239 4043 metropolitanos
1264 3972 1413 4044 episcopos
1438 3974 1466 4028 et
1488 3985 1602 4028 summa
1634 3973 1826 4031 ecclesiastico

121 4051 523 4121 uadibusddmdraetvmuium
531 4051 627 4118 lumb
638 4051 703 4122 iuti,
717 4053 765 4122 qui
775 4051 946 4124 ducenarius
1003 4060 1117 4133 negotia
1131 4060 1276 4118 discutere
1299 4061 1401 4119 liceat:
1427 4061 1466 4118 ita
1479 4061 1626 4133 uidelicet,
1645 4066 1681 4120 ut
1700 4076 1784 4120 nemo
1797 4074 1827 4120 et

121 4141 408 4212 mmssumpiiouis
421 4141 575 4212 cuempiam
589 4140 731 4206 duantum,
746 4146 772 4197 ei
785 4142 839 4205 illi,
852 4145 901 4212 qui
912 4142 947 4197 ab
1002 4148 1140 4221 eisdesit,
1151 4152 1180 4206 et
1191 4162 1289 4207 omnes
1311 4149 1340 4206 in
1363 4149 1543 4224 singulorum
1560 4152 1692 4224 negotiis
1709 4164 1828 4210 concar-

120 4233 159 4287 eis
187 4246 333 4303 perperam
358 4231 584 4286 eseammanioon·
606 4234 655 4286 aut
680 4230 806 4287 damami
829 4233 946 4300 firmini,
1001 4237 1079 4311 dent,
1092 4244 1120 4295 et
1138 4241 1238 4296 caetera
1254 4239 1284 4295 in
1299 4240 1499 4312 eademponit,
1521 4244 1827 4312 quassansecsssors

119 4324 283 4379 aucnritote
305 4321 388 4392 liujus
406 4325 508 4378 mnata
529 4320 611 4384 seda,
639 4325 665 4377 et
684 4320 756 4376 beati
771 4324 947 4393 praeoptans
1001 4327 1048 4383 sut
1061 4327 1285 4398 constituerunt,
1307 4328 1401 4401 idest,
1425 4327 1555 4400 deipsis
1580 4329 1733 4402 episcopis
1759 4343 1827 4404 quas

119 4415 207 4469 nostri
226 4412 357 4482 claoiperi
367 4414 502 4482 potestate
516 4410 592 4466 Petri
609 4409 751 4464 soloantur
770 4413 852 4480 atque
870 4413 949 4467 resti·
960 4425 988 4488 Ι)
1002 4416 1132 4476 damnari
1150 4432 1205 4476 non
1226 4417 1321 4483 licant,
1338 4432 1388 4475 nso
1402 4418 1540 4491 synodum
1564 4432 1728 4478 maronae-e
1741 4435 1826 4480 esna-

119 4506 242 4559 matur.
255 4504 316 4574 ipse
330 4502 402 4557 enim
415 4502 547 4556 Dominus
559 4498 617 4554 alt:
633 4495 816 4571 Quocunque
825 4500 947 4562 solveris
1002 4506 1095 4563 nicam
1112 4507 1220 4580 absque
1236 4508 1368 4566 Romanu
1381 4508 1459 4566 sedis
1477 4507 1676 4583 auotoritats3
1691 4510 1729 4569 de
1742 4524 1826 4569 osna-

119 4604 205 4661 super
219 4594 335 4664 terram,
349 4594 436 4648 eruut
447 4588 542 4647 soluta
559 4591 588 4645 et
606 4587 636 4644 in
652 4588 733 4646 aoelis
746 4588 853 4660 motti.
873 4594 942 4666 svs).
1000 4595 1064 4653 nica
1073 4597 1221 4654 uacatione
1230 4598 1264 4654 ad
1277 4598 1427 4671 synodum,
1438 4596 1624 4673 deinduciis,
1638 4613 1714 4674 quas
1722 4600 1824 4659 dandas

120 4674 162 4733 ts.
177 4678 285 4744 Quoties
301 4681 420 4750 epneapi
438 4695 466 4734 se
480 4694 497 4733 a
513 4680 785 4749 comprovincialibus
803 4682 846 4737 ael
862 4698 880 4738 a
894 4699 945 4739 me·
999 4698 1048 4742 sex
1062 4685 1204 4743 mensium
1216 4687 1311 4759 spatio
1331 4687 1360 4744 iu
1371 4685 1575 4745 criminalibus
1584 4689 1738 4762 episcopis
1749 4702 1824 4747 nan-

118 4768 283 4836 tropolitano
300 4770 461 4838 pateamus
478 4769 659 4839 nomenari,
679 4774 729 4825 aut
747 4785 790 4826 eos
809 4778 944 4843 suspectos
997 4772 1056 4846 dat,
1077 4774 1112 4832 de
1123 4776 1341 4834 accusatoribus
1359 4780 1387 4835 et
1409 4777 1543 4845 testibus,
1568 4778 1672 4850 quales
1695 4792 1761 4839 esse
1775 4780 1823 4837 de·

118 4854 275 4919 tabuerint
300 4871 364 4912 moa
390 4859 538 4914 umanum
568 4858 706 4930 appellem
732 4860 832 4926 sedem,
861 4866 944 4933 atquc
998 4863 1098 4936 beaut3
1123 4864 1191 4922 item
1218 4866 1253 4923 dc
1280 4866 1470 4938 inscriptione
1498 4864 1738 4945 calumniatoris,
1764 4883 1819 4943 qne

117 4945 221 5014 absque
239 4945 298 5001 nlla
320 4946 482 5010 detentione,
505 4952 531 5005 et
550 4964 662 5005 suarum
685 4962 776 5004 rerum
796 4949 941 5017 oblatione,
997 4966 1108 5026 semper
1119 4955 1821 5029 primotortuosos,etquaeortminumdiseossio

118 5032 249 5090 libereim
260 5036 348 5091 liceat.
368 5040 404 5094 ns
419 5038 485 5093 dum
495 5038 656 5110 predictam
673 5040 823 5095 itomanam
841 5041 941 5112 appel-
997 5042 1039 5100 ibi
1050 5045 1184 5117 agitanda
1203 5046 1252 5117 sit,
1270 5045 1318 5102 obi
1331 5052 1359 5102 et
1372 5045 1434 5117 ipsa
1448 5044 1573 5102 crimina
1588 5054 1662 5106 sunt
1682 5050 1818 5109 admissa:

118 5123 402 5189 immintdoolesiom
413 5127 505 5183 amab
524 5142 557 5183 eo
568 5143 596 5184 se
613 5128 709 5184 audiri
727 5133 940 5200 depoposcerint,
997 5138 1025 5190 et
1035 5140 1144 5205 catera,
1157 5149 1220 5207 quse
1230 5134 1313 5206 piane
1324 5135 1384 5206 lam
1400 5135 1431 5192 in
1448 5135 1695 5207 predecessorum
1706 5150 1817 5199 snorun

114 5214 212 5271 nullus
224 5217 325 5271 eosaut
335 5218 577 5281 excommunicare,
596 5222 748 5274 catomum
765 5220 841 5275 sedes
854 5221 943 5276 subri
997 5224 1121 5283 decretis
1133 5238 1220 5297 supra
1236 5226 1409 5284 notavimus.

111 5318 188 5378 pere,
208 5309 360 5362 autemmn
383 5320 426 5360 res
448 5308 568 5374 autore,
584 5311 633 5363 aut
651 5307 760 5378 aliquid
777 5310 815 5365 eis
836 5312 940 5380 inferre
1031 5317 1101 5373 item
1123 5317 1278 5390 predictas
1305 5328 1377 5388 papa
1401 5315 1488 5373 aliam
1509 5314 1634 5391 scripsit
1655 5318 1816 5379 decretales!

111 5401 273 5471 prummat,
283 5400 432 5467 antequam
445 5395 585 5450 ambmum
605 5391 719 5473 [eorum]
740 5414 823 5455 consa
836 5400 940 5458 ueno-
997 5407 1148 5479 epistolam
1163 5407 1300 5477 Prospero
1316 5405 1459 5463 Numidiae
1469 5404 1570 5478 primae
1584 5408 1669 5466 sedis
1680 5410 1816 5483 episcopo,

114 5489 146 5543 nt
157 5487 296 5559 pontiacis
314 5487 477 5543 anennoeto
498 5487 631 5559 timebun
666 5486 743 5554 Quod
761 5490 787 5544 si
816 5491 898 5548 aliter
920 5509 938 5549 a
994 5497 1143 5556 sicanus
1161 5495 1331 5555 orthodoxis
1345 5494 1491 5569 episeopis
1505 5495 1617 5571 ubique
1632 5498 1817 5559 consistenti·

115 5588 252 5649 quoquam
265 5579 462 5650 musunptum
481 5574 577 5646 merit,
596 5575 669 5633 nibil
692 5578 732 5635 eis
747 5580 834 5639 oberd
856 5578 940 5658 [nibil
987 5588 1042 5648 iius
1073 5586 1154 5662 (epist
1190 5581 1243 5658 ll:
1275 5584 1311 5644 ds
1338 5585 1518 5658 coepiscopis
1549 5583 1815 5665 [ouroreplsoaptsl.
