3876 6090
56 219 104 280 lai
440 216 715 280 misnensium
732 219 857 276 SYNODI
875 217 934 276 vui
952 222 1193 281 Guuuuluis.-
1210 226 1312 285 ACTIO
1328 231 1377 285 IX.

1707 227 1759 292 tal

54 348 160 417 dentes,
173 346 228 416 qui
242 361 293 417 per
309 348 486 406 occasionem
509 349 659 420 quamdam
684 341 1049 418 dispensanterAmordia
1080 352 1152 423 ejus,
1186 353 1226 409 vel
1252 354 1356 423 media,
1386 359 1437 411 aut
1468 356 1634 427 novissima,
1656 358 1699 415 vel
1724 360 1763 416 li-

54 435 244 508 exiguitatem
271 442 396 493 nostram
425 437 628 510 dignatusest
651 438 797 506 adiuvare,
828 449 883 507 quo

54 537 146 580 mcum
160 524 316 581 domiuum
327 539 362 580 ac
375 526 582 582 dominatorem
591 527 782 583 orthodoxum
798 526 884 594 impe

53 617 174 668 ratore-
189 611 304 684 alloqui
321 620 349 670 et
361 627 478 670 exorare
493 615 671 671 meruissem.
689 615 798 670 Etenim
812 613 882 669 mibi

52 715 160 773 uaguae
177 700 295 758 deliciae
311 703 365 758 boc
380 704 523 773 apparuit,
548 704 667 766 sanitas,
684 710 712 759 et
729 702 882 774 proiectus,

51 796 73 846 et
89 803 196 861 magna
213 791 309 862 gratia
321 791 465 849 divinitus
480 798 559 848 orta:
577 792 685 849 arbiter
697 794 773 850 onim
794 793 885 850 Pala-

52 879 196 936 stinorum
221 879 361 952 regionis,
382 888 410 937 et
432 881 610 937 Tiberiadem
630 896 663 938 ac
681 884 785 953 Tyrum
805 882 885 938 obti-

53 974 172 1038 reus,et
193 967 298 1037 borum
320 969 503 1039 praesidatum
527 969 667 1026 creditum
690 969 806 1041 babens,
839 970 885 1025 bis

53 1055 152 1113 diebus
177 1056 301 1113 mittens
314 1056 349 1113 ad
373 1071 434 1126 nos,
460 1058 605 1114 nuntiavit
626 1059 838 1115 dominicorum
855 1064 883 1114 et

55 1143 308 1201 nobilissimorum
328 1147 441 1216 apicum
457 1147 491 1202 ad
512 1161 542 1202 se
561 1136 769 1203 destinatorum
784 1148 884 1204 adven·

56 1241 120 1303 tum,
130 1233 314 1306 jubentium,
336 1249 394 1305 quo
407 1234 463 1291 sibi
475 1236 636 1306 quempiam
652 1236 744 1292 asede
758 1236 885 1292 Alexan-

56 1321 132 1379 drina
145 1321 183 1377 ad
197 1321 532 1396 imperiadirigeremus,
545 1337 676 1380 unacum
688 1324 822 1393 pausillis
834 1324 880 1380 lit-

940 436 1015 492 ualia
1052 448 1280 511 cognoscantur:
1320 444 1425 499 etenim
1453 445 1569 515 quidam
1599 446 1759 515 sapientum

940 524 1033 581 iambo
1067 525 1243 597 loquentIum
1280 531 1430 599 praedixit:
1466 532 1538 602 Quis
1566 534 1641 588 enim
1673 536 1760 603 judex

940 615 1108 686 peregrinus
1146 632 1317 689 quemquam
1352 619 1445 676 solum
1484 636 1604 692 usquam
1637 623 1760 679 audivit.

941 703 1059 759 minime
1090 713 1222 761 accusato
1250 714 1397 778 presente,
1425 710 1467 765 vcl
1495 711 1637 780 iudicavit
1668 713 1764 781 proti-

940 805 1003 860 nus,
1026 792 1078 847 boc
1097 795 1197 850 audito
1217 795 1230 848 ‘l
1249 796 1277 851 Si
1294 797 1370 851 enim
1393 811 1426 853 ex
1441 811 1497 853 uno
1521 798 1577 854 sibi
1605 801 1763 856 adversan-

939 879 1012 935 tium
1036 881 1146 949 audIre,
1173 897 1290 952 pravum
1306 891 1333 940 et
1358 885 1434 940 nelas
1448 887 1553 942 veritas
1576 878 1709 960 estimat,
1731 894 1759 945 et

940 967 993 1023 boc
1006 968 1241 1025 utabomivabile
1253 985 1307 1028 nnn
1329 973 1467 1043 admittit,
1484 979 1592 1045 quanto
1615 976 1706 1049 magis
1725 976 1761 1032 ab

940 1056 1041 1112 borum
1062 1058 1198 1113 neminc‘l
1222 1060 1272 1129 qui
1287 1060 1363 1115 enirn
1385 1062 1518 1130 judicant
1531 1078 1594 1133 qua
1617 1065 1760 1135 nesciunt,

940 1149 1065 1213 paratam
1090 1145 1320 1218 redargutionem
1344 1149 1372 1204 in
1397 1151 1577 1207 carminibus
1599 1152 1760 1209 beatissimi

937 1232 1068 1303 Gregorii
1083 1235 1239 1305 reperiunt,
1253 1240 1281 1291 et
1300 1241 1397 1307 aperte
1416 1238 1527 1295 dicitur
1539 1240 1592 1306 eis,
1620 1243 1694 1311 quod
1709 1255 1763 1297 ca-

940 1319 997 1391 ligo
1010 1321 1124 1392 sitque
1140 1322 1305 1394 loquuntur.
1330 1327 1503 1383 Boncautem
1528 1329 1670 1395 novimus,
1685 1331 1759 1400 quod

60 1410 539 1482 terisuostrissuperdissensioue,
549 1425 612 1484 quae
624 1411 698 1469 lacta
708 1411 883 1468 estduorum
938 1410 1012 1478 apud
1026 1425 1075 1466 vos
1087 1411 1156 1480 sint,
1171 1412 1356 1469 dictatoreta
1375 1417 1431 1471 Deo
1443 1416 1577 1472 salvande
1592 1417 1759 1489 imperator,

59 1498 286 1570 uuiarcbarum
307 1513 393 1556 causa
407 1514 491 1570 penes
504 1502 609 1573 regiam
632 1501 747 1558 urbem:
766 1507 794 1557 et
808 1502 882 1573 quod
938 1498 1041 1552 summi
1062 1505 1198 1571 pastores,
1222 1501 1367 1574 praesules,
1381 1517 1414 1558 ac
1429 1503 1554 1576 abbates,
1569 1505 1668 1561 clerici
1684 1521 1761 1577 quo-

58 1589 135 1645 tlieo
150 1592 308 1659 provectus
321 1594 350 1643 et
363 1589 583 1659 opinatissimus
597 1590 751 1660 imperator
769 1590 883 1647 anhelet
939 1601 1003 1657 que,
1017 1594 1044 1643 ct
1057 1603 1156 1661 azyges
1168 1588 1181 1630 b
1193 1632 1200 1661 ,
1213 1592 1262 1661 qui
1280 1593 1357 1648 omni
1373 1594 1515 1662 sapientia
1528 1607 1561 1649 ac
1574 1595 1704 1664 scientia,
1721 1596 1763 1651 iu-

59 1675 267 1734 abextororum
282 1690 331 1735 ore
345 1677 459 1746 audire,
474 1679 600 1750 qualiter
613 1680 717 1736 veritas
732 1681 837 1751 exigat,
853 1685 881 1736 et
896 1661 924 1724 B
940 1675 1054 1732 tellecta
1064 1677 1149 1732 etiam
1158 1683 1185 1733 et
1195 1678 1368 1736 discretione
1379 1685 1464 1760 atque
1474 1683 1624 1751 prudentia
1633 1683 1760 1740 decorati

60 1778 115 1836 quac
126 1765 169 1821 sit
184 1765 222 1821 de
235 1764 284 1820 bit
297 1770 374 1822 certa
389 1772 417 1821 ct
432 1766 511 1824 brma
533 1769 670 1840 cognitio,
688 1783 751 1839 qua
766 1769 807 1825 sic
830 1784 881 1827 nos
936 1765 1107 1834 consistunt,
1125 1781 1246 1836 quorum
1261 1768 1394 1838 princeps
1408 1783 1442 1824 ac
1467 1785 1571 1840 praeses
1585 1777 1612 1826 et
1632 1786 1762 1828 summus

61 1854 139 1909 norit
160 1853 244 1910 adid
269 1854 343 1925 quod
365 1858 448 1909 antea
470 1852 713 1922 desiderabamus,
729 1859 757 1909 et
778 1869 828 1924 pro
848 1868 881 1911 eo
935 1852 1034 1909 doctor
1046 1860 1076 1909 tu
1090 1856 1267 1912 constitutus
1278 1872 1319 1929 es,
1337 1863 1433 1914 sancte
1446 1873 1478 1914 ac
1497 1860 1654 1917 nrtbodoxe
1668 1862 1764 1931 inpe-

61 1941 202 2012 qnodderi
216 1941 308 1998 citius
324 1955 472 2012 speramus
483 1942 663 2012 propterriri
679 1943 835 2014 justitiam,
854 1946 881 1999 et
937 1947 1023 2002 rator.
1040 1943 1090 2011 qui
1106 1957 1204 1999 orurres
1220 1945 1338 2014 propius
1353 1947 1517 2017 existentes,
1530 1949 1605 2017 quod
1620 1955 1763 2018 opportu-

61 2041 148 2086 tmore
159 2030 332 2087 dilectionis
345 2036 462 2100 pavente
478 2035 653 2100 potestatem,
668 2045 731 2100 quac
753 2032 782 2086 in
799 2031 882 2087 nobis

62 2122 237 2185 potentatum
252 2119 337 2190 gerit,
358 2118 519 2189 quempiam
535 2131 642 2187 eorum,
662 2120 711 2190 qui
735 2121 809 2190 apud
831 2133 882 2175 nos

938 2043 1005 2086 num
1023 2036 1075 2095 cst,
1090 2032 1182 2101 scitis,
1197 2037 1225 2087 et
1243 2034 1317 2102 quod
1332 2036 1387 2089 lieo
1399 2035 1437 2090 sit
1450 2043 1607 2106 acceptum,
1623 2036 1693 2091 bene
1711 2051 1763 2092 co-

937 2118 1085 2188 gnoscitis.
1101 2121 1241 2175 Vosenim
1252 2121 1322 2176 estis
1339 2122 1430 2190 radix,
1443 2136 1541 2192 exque
1559 2119 1641 2196 [sort.
1657 2121 1756 2199 rami]

60 2205 155 2264 scdulo
169 2213 349 2276 permanent,
372 2207 502 2277 mittere3
524 2206 656 2264 misimus
670 2208 696 2265 ei
720 2212 818 2264 contra
833 2222 882 2277 pro
935 2207 992 2275 jam
1004 2213 1031 2261 et
1042 2207 1268 2264 immortalitatis
1284 2209 1482 2280 intelligibilis
1494 2224 1627 2280 oceanus,
1647 2225 1682 2266 ex
1706 2227 1762 2281 quo

62 2294 150 2365 nobis,
182 2295 365 2367 requirentes
386 2294 529 2351 bominem
554 2295 623 2352 olim
652 2301 792 2363 nostrum,
819 2301 882 2353 cta

66 2381 162 2439 uultis
174 2383 263 2439 annis
276 2384 306 2439 in
318 2398 370 2440 sua
382 2384 528 2441 voluntate
541 2383 726 2456 habitantem,
741 2387 885 2442 venerabi·

63 2471 108 2527 lem
130 2472 316 2541 existentem,
333 2477 361 2529 et
383 2473 567 2529 monasticam
587 2475 829 2531 conversationem
849 2489 883 2531 ex

63 2559 198 2618 mollibus
227 2561 347 2633 ungulis
367 2562 541 2618 excolentem
569 2563 749 2634 monachum,
780 2565 881 2634 loseph

62 2649 172 2705 romine
185 2666 195 2719 ς
209 2649 285 2720 quod
306 2654 334 2706 et
354 2649 438 2706 lecit:
455 2664 520 2706 cum
539 2665 596 2722 quo
610 2652 695 2706 etiam
709 2651 785 2708 bunc
799 2651 882 2708 vilem

63 2737 228 2795 codicillum
252 2740 468 2796 transmisimus
488 2739 639 2811 indignum
661 2740 841 2810 existentem,
856 2747 884 2797 et

64 2826 253 2897 inperatoria
263 2827 432 2884 allocutioni
445 2829 705 2885 inconvenientem:
723 2830 776 2886 boc
789 2836 883 2887 autem

61 2916 193 2987 volenter,
206 2915 338 2986 lecimus,
355 2916 486 2988 quinimo
501 2916 675 2973 confidenter
696 2920 885 2989 praesumpsi-

937 2295 1033 2350 cuncti
1060 2293 1161 2364 lontes,
1188 2310 1327 2367 omneque
1355 2311 1440 2360 maro,
1467 2299 1594 2354 universi
1619 2299 1708 2371 lacus,
1736 2305 1765 2357 et

938 2384 1043 2438 liuenta
1060 2385 1158 2453 procul
1174 2389 1316 2455 emanant,
1331 2390 1364 2441 ut
1377 2387 1503 2442 exterior
1519 2393 1600 2456 poem
1624 2390 1763 2445 Homerus

938 2470 1050 2527 affatur.
1068 2475 1119 2543 lta,
1133 2473 1249 2528 domine
1267 2474 1421 2544 imperator
1437 2475 1610 2543 justissime,
1630 2477 1765 2533 invenie-

939 2575 1003 2616 mus
1019 2561 1047 2616 in
1062 2561 1233 2630 quibusdam
1246 2568 1372 2617 veterum
1387 2563 1529 2633 bisloriis,
1545 2566 1619 2635 quod
1636 2567 1694 2622 duo
1711 2578 1765 2636 pa-

938 2649 1072 2705 triarchae
1088 2649 1229 2718 quondam
1247 2650 1276 2705 in
1291 2650 1399 2706 Christi
1414 2651 1463 2706 liei
1476 2653 1567 2708 nostri
1582 2659 1680 2709 sancta
1695 2653 1765 2709 civi-

940 2737 1072 2793 tatelacti
1088 2735 1214 2807 luerunt,
1225 2739 1272 2794 sed
1284 2738 1437 2806 bocmolo,
1452 2740 1766 2812 Dicitigiturdlexan-

938 2826 990 2882 der
1001 2827 1156 2881 monachus
1168 2826 1196 2880 in
1212 2827 1346 2884 historiis
1360 2828 1433 2897 suis,
1451 2829 1519 2899 quia
1531 2829 1700 2901 trigesimus
1711 2843 1766 2900 pa-

940 2915 1353 2986 triarcballierosolymispost
1362 2916 1516 2989 gloriosam
1529 2922 1558 2973 et
1566 2918 1765 2975 celedrandam

63 3019 130 3077 uus,
158 3019 219 3062 uon
246 3011 381 3077 tanquam
408 3006 540 3076 nosipsos
567 3007 707 3074 odientes,
732 3008 818 3079 absit,
834 3008 883 3065 sed
900 3001 1054 3065 GDornini
1075 3003 1166 3059 nostri
1190 3006 1256 3061 lesu
1271 3005 1379 3061 Cirristi
1401 3006 1436 3062 ad
1453 3007 1540 3062 coelos
1555 3007 1764 3078 ascensionem,

62 3094 358 3164 uosmctdejicicntcs,
372 3094 558 3166 exiguitatem
573 3101 698 3152 nostram
711 3097 745 3152 ad
762 3096 886 3152 emineu-
941 3092 1091 3148 Narcissus
1104 3093 1268 3163 vocabatur,
1285 3095 1447 3165 apostolica
1459 3096 1551 3167 gratia
1562 3095 1727 3166 splendens,
1737 3102 1765 3151 et

63 3187 112 3239 tem
124 3188 153 3238 et
167 3182 431 3253 principantemac
443 3183 887 3255 omnibusdignitatibussubli-
941 3180 1032 3251 quieti
1051 3182 1180 3252 studens,
1209 3196 1355 3238 sacrorum
1381 3185 1537 3253 presulatu
1561 3184 1671 3253 relicto,
1690 3197 1766 3239 anno

63 3271 178 3327 uiorem
203 3271 374 3343 dignitatem
394 3271 532 3327 veraciter
558 3279 762 3343 comparantes.
789 3275 886 3344 Neque
940 3267 1109 3324 duodecimo
1124 3271 1170 3324 sui
1184 3271 1396 3339 patriarchatus
1406 3273 1440 3327 ad
1459 3271 1518 3327 loca
1532 3272 1665 3344 coniugii
1681 3273 1767 3328 inco-

61 3361 134 3416 eaim
159 3359 216 3417 boc
236 3359 333 3416 auimo
354 3370 438 3432 agere
459 3365 631 3431 poteramus,
658 3362 716 3418 nisi
737 3360 885 3417 manifeste
940 3357 1036 3428 gnita:
1055 3356 1102 3411 sed
1121 3358 1242 3427 quasito
1256 3359 1436 3428 apopulo,et
1452 3363 1599 3429 potestate,
1613 3361 1767 3429 coepisco

62 3448 295 3519 cognovissemus
307 3449 337 3504 in
351 3452 388 3520 te,
402 3450 458 3505 Deo
471 3448 636 3521 gratissime
652 3451 816 3520 inperator,
831 3451 887 3505 ba·
942 3445 986 3513 pis
997 3444 1162 3514 provincia,
1181 3458 1231 3500 nec
1251 3451 1343 3500 tamen
1370 3446 1495 3513 invento,
1513 3461 1563 3515 pro
1591 3447 1653 3515 ipso
1671 3461 1767 3516 prove·

63 3536 152 3592 bitare
167 3537 344 3593 imitatorem
353 3536 462 3592 Christi
478 3541 506 3592 et
517 3537 795 3595 condescendibilem
815 3536 886 3593 ade·
942 3533 1022 3589 bitur
1032 3532 1109 3588 alius
1120 3533 1292 3602 patriarcba,
1307 3533 1356 3603 qui
1367 3534 1522 3590 vocabatur
1538 3534 1621 3599 liius,
1636 3535 1686 3604 qui
1702 3538 1766 3591 octo

63 3630 148 3695 muru,
167 3624 223 3697 qui
236 3625 379 3696 quondam
399 3625 493 3681 vidua
515 3626 573 3681 duo
593 3626 704 3682 minuta
719 3628 835 3698 recepit,
858 3632 887 3684 et
940 3621 1025 3677 annis
1048 3621 1156 3680 vivens.
1183 3621 1212 3676 in
1231 3621 1346 3677 Christo
1358 3621 1512 3678 defunctus
1533 3627 1584 3678 est.
1602 3622 1669 3677 Post
1689 3622 1767 3679 bunc

64 3711 120 3768 lec
132 3711 445 3783 pluribusmuneribus
456 3713 592 3783 pretulit.
604 3715 885 3787 Etenimaitquidam
941 3710 1100 3766 Germanus
1109 3710 1195 3766 anilis
1209 3710 1305 3767 tribus
1317 3729 1325 3777 ς
1343 3711 1410 3766 buic
1423 3725 1488 3766 vero
1500 3711 1627 3767 Gordius
1638 3711 1768 3767 succedit

66 3806 223 3869 poetarum:
245 3799 331 3857 Abest
346 3800 396 3856 ille
408 3811 423 3842 ⁸
444 3801 493 3872 qui
506 3802 693 3872 compedibus
713 3805 888 3861 constrictus
943 3806 1066 3871 quatuor
1080 3800 1175 3868 annis,
1192 3804 1251 3856 tum
1263 3814 1326 3856 ecce
1342 3806 1475 3871 tanquam
1486 3815 1520 3856 ex
1533 3800 1642 3856 abditis
1656 3801 1769 3857 Narcis-

66 3888 129 3945 salit
141 3878 177 3946 33
208 3889 357 3960 terminos,
373 3889 481 3962 equitis
495 3904 582 3961 more,
596 3906 797 3964 summumque
813 3894 889 3950 dili-
943 3905 993 3946 sus
1015 3904 1116 3946 rursus
1130 3894 1257 3958 apparet,
1275 3894 1303 3943 et
1317 3895 1378 3944 erat
1393 3902 1456 3944 cum
1477 3894 1643 3945 consecrato
1658 3890 1767 3946 Gordiu

67 3990 139 4047 scus
160 3978 212 4034 vix
236 3978 341 4047 reiicit.
368 3979 503 4034 audacter
531 3979 677 4036 exsiliens.
707 3983 744 4038 De
774 3983 888 4040 duobus
943 3979 973 4034 in
990 3991 1142 4035 unosensu
1157 3983 1185 4032 et
1199 3976 1394 4033 consonantia.
1421 3977 1528 4033 Gordiu
1544 3991 1619 4045 vero,
1639 3978 1765 4047 quicum

67 4073 155 4122 auten
180 4067 366 4136 patriarchis,
379 4067 495 4124 domine
508 4068 651 4139 princeps,
661 4074 689 4125 et
703 4070 857 4141 imperator
871 4085 887 4127 a
941 4082 975 4124 co
998 4072 1068 4134 erat,
1084 4065 1229 4134 defuncto,
1255 4069 1283 4120 et
1298 4065 1431 4120 Narcisso
1444 4078 1530 4134 supra
1555 4065 1671 4121 {nodum
1692 4078 1770 4121 sene·

68 4153 118 4209 ileo
156 4154 321 4227 dirigende,
367 4155 397 4210 iu
435 4170 492 4212 una
531 4157 607 4228 sede,
650 4172 706 4215 uno
750 4165 885 4231 tempore,
943 4163 1037 4214 scente
1063 4154 1216 4225 (siquidem
1238 4159 1299 4212 erat
1319 4154 1403 4223 quusi
1429 4153 1572 4208 sexdecim
1600 4159 1628 4208 et
1653 4159 1767 4210 centum

70 4240 133 4299 bene
155 4243 238 4300 nevit
257 4255 276 4299 a
295 4244 352 4299 Deo
385 4250 514 4313 provecta
539 4246 630 4316 pletas
654 4253 713 4318 tua,
735 4249 809 4318 quod
830 4249 888 4304 im-
927 4245 1092 4317 annorum)
1103 4243 1295 4299 Alexandrum
1307 4243 1456 4313 quemdam
1467 4243 1649 4324 episcopum,
1661 4242 1698 4298 ab
1711 4243 1770 4298 alia

10 4340 12 4345 ’
72 4330 203 4397 possibile
239 4331 280 4388 sit
313 4332 434 4403 mittere,
466 4337 495 4390 et
526 4335 724 4406 corporalibus
755 4335 1059 4428 terminisDrsgioue
1071 4331 1250 4388 adorationis
1261 4331 1354 4404 gratia
1371 4328 1530 4401 prolectam
1541 4330 1576 4385 ad
1593 4330 1768 4386 venerabilia

10 4420 13 4445 ¹
71 4427 215 4490 morotum,
252 4420 415 4477 discernere
442 4426 551 4478 mutum
580 4435 613 4480 ac
643 4426 698 4482 tale
729 4428 885 4498 negotium,
944 4426 1015 4492 loca,
1029 4435 1078 4492 por
1089 4420 1217 4476 divinam
1232 4418 1433 4475 revelationem
1444 4418 1593 4487 qrraesulem
1609 4418 1770 4491 ilierosoly·

69 4521 128 4565 cum
160 4509 290 4566 invisum
319 4508 359 4566 sit
386 4513 415 4565 et
439 4514 573 4581 uuquam
603 4512 735 4571 clanculo
765 4522 885 4588 gestum,
943 4526 1052 4568 morum
1069 4509 1259 4577 constituunt,
1276 4521 1342 4564 sene
1354 4507 1488 4562 Narcisso
1505 4507 1626 4562 multum
1649 4520 1714 4562 eum
1727 4522 1769 4563 ro

72 4593 150 4668 idque
174 4609 356 4669 nequaquam
384 4595 527 4653 sciatura
550 4599 642 4672 nobis,
670 4603 717 4658 sed
746 4616 796 4660 nec
823 4605 889 4675 pri·
942 4606 1036 4674 gente,
1059 4599 1110 4669 qui
1136 4604 1164 4653 et
1186 4596 1322 4666 martyrio
1347 4601 1442 4665 postea
1466 4601 1694 4651 consummatur.
1712 4597 1770 4653 Iloc

71 4707 187 4768 ²Abest,
209 4705 268 4759 ille.
293 4703 327 4759 lli
349 4717 449 4760 versus
460 4710 528 4761 sunt
541 4707 615 4776 apud
629 4708 742 4766 Grecos
765 4726 887 4782 quorum
942 4721 1016 4779 equo
1032 4704 1186 4775 impositus
1196 4701 1303 4784 lugere,
1314 4702 1469 4757 secundum
1483 4706 1572 4771 poetae
1590 4701 1768 4828 paradIgma,

72 4782 203 4846 quantum
216 4789 251 4832 ex
266 4775 482 4832 circumstantia
492 4778 634 4845 superiori
649 4779 735 4836 datur
751 4782 886 4855 intelligi,

73 4846 118 4902 iste
128 4854 288 4904 estsensus
299 4859 408 4916 corum,
418 4860 451 4901 ex
461 4860 578 4916 persona
592 4851 760 4918 patriarcba
772 4854 889 4910 Alexan·

71 4917 139 4975 drini
160 4919 240 4975 inter
254 4918 409 4972 Saracenos
420 4918 570 4975 constituti
588 4920 724 4992 prelatus,
739 4924 821 4995 dicit,
846 4931 886 4995 ut,

73 4987 168 5061 iuquit,
192 4988 254 5058 ille,
273 4988 324 5059 qui
337 4988 524 5057 compedibus
537 4992 710 5049 constrictus
731 5001 887 5068 utcunque,

72 5059 398 5130 velutdecunquesalit,
412 5064 440 5114 et
452 5073 537 5129 supra
550 5061 626 5117 vires
639 5065 722 5134 repit,
734 5079 821 5148 eques
833 5068 889 5124 edi-
1125 5132 1129 5142 Ι
1438 5129 1442 5138 ,
1751 5129 1756 5140 ι

72 5131 145 5202 citur,
161 5134 204 5188 ita
216 5139 247 5188 et
259 5138 290 5186 tu
308 5131 473 5200 imperator,
495 5130 671 5189 humilitatis
685 5149 718 5191 33
731 5139 888 5196 scientiole
942 5135 1043 5192 ollerre
1053 5138 1245 5203 potuissemus
1255 5142 1317 5198 quac
1331 5134 1423 5182 armen
1436 5128 1551 5210 ideo,·ul
1562 5134 1690 5209 autumo,
1701 5141 1771 5183 sorr·

72 5211 163 5262 rostra
190 5202 348 5273 scriptaut
366 5202 527 5257 duoviduae
549 5203 658 5260 minuta
671 5209 795 5279 suscipe,
822 5210 888 5267 licet
942 5209 985 5263 bit
1000 5207 1129 5271 obscure,
1156 5214 1200 5268 ne,
1212 5201 1237 5256 si
1264 5205 1409 5270 utcunque
1431 5200 1603 5270 deperirent,
1626 5199 1710 5254 laude
1734 5199 1769 5255 ab

72 5274 247 5348 mnpedibus
259 5273 421 5341 nationum,
434 5273 509 5352 iuter
521 5288 592 5345 quas
609 5276 781 5349 habitamus,
796 5282 888 5352 impe-
943 5278 1075 5335 hostibus
1088 5273 1327 5358 intelligerentur.
1350 5272 1425 5325 Eure.
1444 5270 1512 5352 liou.
1563 5340 1570 5354 .
1649 5339 1655 5352 ι

71 5344 171 5405 ditivix
182 5345 316 5415 becipsa
324 5344 537 5412 scripserimus.
550 5346 594 5402 l'el
608 5347 662 5402 ita:
680 5350 769 5421 slent,
781 5353 886 5423 inqult,
981 5348 1033 5405 bld
1049 5352 1101 5415 est,
1115 5346 1178 5401 sine
1186 5357 1266 5426 pugo,
1280 5341 1543 5424 uxorurnnscrlrcet:
1562 5339 1769 5422 intelliguntur

72 5421 110 5484 qui
121 5420 235 5476 uincula
250 5418 281 5472 in
299 5414 423 5486 polibus
435 5414 527 5485 babet,
539 5422 567 5472 et
588 5425 744 5476 servatura
765 5429 886 5493 potente,
943 5426 1035 5477 autem
1052 5416 1194 5487 monachi,
1209 5415 1413 5485 quraexpedrtr
1427 5425 1443 5466 a
1458 5411 1640 5482 conpagibus.

71 5489 158 5549 ticum
170 5498 273 5563 aptum
287 5485 429 5558 repererit
442 5491 563 5558 tempus,
576 5495 668 5558 potest
677 5506 792 5563 quoquo
806 5498 888 5552 modo

942 4779 1044 4836 Erudit
1059 4777 1125 4832 irati
1153 4774 1293 4844 principis
1317 4779 1511 4842 poleridum,
1530 4773 1613 4828 itaet
1635 4786 1686 4829 nos
1714 4774 1770 4830 icet

943 4851 1025 4923 ligati
1037 4849 1064 4903 vi
1104 4847 1212 4902 entium
1226 4845 1327 4913 simus,
1341 4850 1465 4899 attamen
1482 4844 1598 4899 verbum
1613 4844 1674 4912 Del,
1692 4846 1768 4914 quod

944 4935 999 4979 no„
1015 4927 1057 4975 esp
1067 4863 1228 4988 qfipgptun,
1241 4914 1340 4969 saltem
1355 4916 1401 4969 vix
1414 4929 1501 4985 super
1515 4929 1620 4986 equum
1639 4915 1770 4985 epistole

944 4997 1047 5050 nostrae
1061 4984 1417 5059 irnponeutesdireximus,
1430 4987 1504 5055 quud
1516 4986 1556 5041 ita
1570 4987 1695 5055 suscipe,
1710 4993 1770 5042 tan·

943 5077 1027 5136 quam
1044 5062 1068 5118 si
1085 5058 1173 5116 seduli
1198 5070 1335 5119 essemus,
1361 5070 1393 5112 33
1410 5070 1459 5127 per
1483 5057 1536 5112 boc
1560 5058 1665 5126 tenuiora
1688 5056 1770 5113 vobls
