3876 6090
561 249 706 305 trenno.
726 248 774 303 nu
791 245 873 303 suc.
891 246 932 301 m
950 275 986 287 -
1003 246 1181 305 aucronus
1199 208 1378 304 tuentur]

944 373 974 432 A

250 382 296 437 Sic
315 379 430 436 refulsit
445 392 493 449 per
518 377 628 434 riarum

249 471 339 526 Tema
354 467 503 523 milliaria.

284 559 318 614 lli
334 571 433 615 eruces
447 555 511 612 auri
525 554 663 620 ferebant,

248 647 339 703 Alteri
362 644 551 711 candelabra3

248 736 345 792 Thura
357 734 469 791 fumant
481 733 550 787 hine
573 737 601 786 et
619 730 694 799 inde,

248 824 283 879 lli
305 822 447 894 refulgent
460 821 594 877 coccino:

247 912 397 982 Supplices
424 922 522 966 omnes
536 909 667 978 adorant,

247 1002 329 1057 Nuda
344 1001 414 1056 dant
432 998 562 1070 vestigia.

281 1088 360 1145 Colla
375 1093 445 1144 tunc
458 1088 658 1158 episcoporum

246 1177 338 1248 utque
354 1178 430 1249 regis
443 1175 543 1246 inclyti

247 1267 336 1323 Dulce
352 1266 463 1337 pondus
472 1263 636 1320 deferebant

242 1358 322 1414 AEdis
335 1357 370 1412 ad
391 1353 560 1421 sacrarium,

248 1445 386 1515 Plehsque
405 1441 526 1513 supplex
547 1437 709 1496 coniuebat

249 1534 350 1591 Fulcra
364 1532 491 1605 gaudens
508 1537 632 1600 tangere.

283 1621 432 1678 Antecedit
442 1618 525 1675 turba
538 1615 627 1672 multa

247 1711 421 1768 clericorum
441 1706 574 1773 eandida,

246 1801 402 1858 Subsecuit
423 1803 467 1852 est
487 1794 572 1851 turba
586 1792 679 1864 plebis

246 1890 285 1953 Ut
295 1886 399 1960 viginti
416 1883 518 1953 millia,

245 1977 434 2035 concinentes
444 1984 512 2028 voce
531 1981 633 2041 magna

245 2066 359 2124 Gratias
373 2062 533 2118 ditissimo.

281 2152 366 2210 Nulla
389 2165 443 2207 uox
463 2147 620 2217 nullusque
639 2156 731 2201 sermo

246 2241 381 2300 Praemlet
407 2240 583 2308 depromere,

246 2333 357 2402 Quanta
374 2328 414 2384 sit
427 2326 513 2395 huius
526 2323 585 2380 diei

245 2419 410 2488 Obsequens
429 2412 540 2478 latitia,

243 2510 312 2566 Cum
333 2511 463 2574 receptus
476 2516 515 2568 es,
530 2505 658 2572 patrone,

244 2597 330 2668 Regis
355 2595 384 2649 in
402 2591 550 2662 palatium.

279 2684 313 2738 lli
324 2685 440 2749 canunt,
457 2677 501 2734 illi
519 2676 661 2733 resultant

243 2772 324 2827 Clara
337 2768 452 2823 laudum
466 2765 605 2825 earmina.

244 2859 289 2914 Fit
303 2855 437 2912 tubarum
449 2851 570 2908 bombus
582 2850 693 2921 ingens,

245 2946 428 3012 Perstrepunt
446 2945 475 2997 et
488 2952 604 3010 organa,

246 3038 419 3103 insuperque
448 3030 641 3099 lacrymantur

243 3122 364 3180 Plurimi
386 3118 496 3175 latitia.

278 3209 425 3268 Emicabal
438 3220 558 3277 namque
575 3203 711 3274 templum

242 3301 348 3358 Sericis
374 3299 401 3353 in
420 3294 517 3367 palliis

242 3388 346 3446 tureis
361 3384 571 3458 argenteisque,

244 3482 273 3534 ln
285 3475 401 3533 coronis
416 3471 587 3544 splendidis,

244 3566 454 3634 luminumque
479 3565 696 3629 aromatumque

241 3656 311 3709 Cum
336 3654 437 3708 decore
452 3648 585 3704 maximo.

278 3742 389 3811 Quarrta
401 3745 469 3794 tunc
482 3737 536 3792 tibi
550 3735 616 3807 luit,
635 3749 693 3805 rex,

242 3831 369 3887 Pectoris
386 3826 496 3894 laetitia,

240 3922 309 3975 Cum
323 3930 421 3988 greges
437 3927 553 3984 magnos
565 3913 676 3968 rideres

242 4006 380 4075 Sospitati
395 4003 533 4070 redditos,
606 3989 615 4001 ’

240 4100 332 4167 litque
350 4095 446 4165 plures
461 4091 494 4147 ad
519 4090 640 4147 salutem

241 4186 376 4241 Cerneres
394 4182 575 4251 consurgere.

276 4274 299 4331 0
314 4272 394 4328 beate
405 4269 486 4326 Carle
495 4268 598 4325 Cesar!

240 4363 263 4420 0
278 4363 358 4419 beata
371 4357 509 4416 Francia!

182 4509 184 4511 ,
240 4446 621 4524 Quaepatronolultatanto

239 4539 413 4597 Promereris
432 4535 554 4608 gaudia:

239 4633 295 4687 Nec
319 4627 434 4699 parebis
454 4624 618 4681 adruinum

240 4721 323 4776 lilius
337 4715 472 4787 pericula.

275 4808 341 4863 lude
360 4819 409 4861 rex
426 4805 479 4860 iste
495 4810 637 4873 receptum

239 4898 308 4952 Dete
323 4896 409 4951 multa
433 4900 583 4959 rnurrerat3

240 4984 366 5052 Namque
388 4995 499 5036 sacrum
520 4980 690 5035 elericorum

240 5069 402 5137 Duplicarit
425 5070 565 5138 ordirrem,

241 5158 352 5226 llesque
375 5157 478 5212 turritas
494 5157 643 5226 largiendo

240 5248 307 5301 Esse
321 5242 389 5298 lecit
399 5244 527 5300 diuitem.

275 5330 452 5401 temnitque
463 5341 579 5402 argenta
592 5335 691 5405 multa,
721 5329 728 5340 '

241 5424 354 5481 l‘oudus
366 5420 430 5477 auri
453 5420 618 5491 inaximum,

233 5513 376 5571 Pretiosos
396 5511 462 5567 inde
477 5516 567 5566 restes

1126 373 1272 446 aggerans
1284 374 1524 446 quamplurimas,

1048 534 1055 546 ι
1124 462 1256 518 Etsimul
1272 477 1396 536 gemmas
1411 463 1539 519 nitentes

1127 550 1252 607 Praebuit
1266 550 1438 624 largissime.

1162 642 1198 695 Es
1214 647 1307 696 tamen
1327 641 1439 697 locatus
1453 640 1524 708 ude,

1125 728 1229 784 iureis
1243 730 1272 784 in
1296 729 1414 784 sedibus

1126 816 1214 885 liris,
1227 818 1257 872 in
1273 831 1328 888 qua
1339 817 1493 889 gloriosus,

1124 902 1275 974 Multiplex
1290 905 1458 975 virtutibus,

1124 993 1233 1063 ilioque
1248 996 1348 1049 Franci
1372 1003 1398 1049 te
1420 1000 1575 1063 patronum
1590 1010 1598 1060 3

1124 1082 1188 1151 tire,
1209 1083 1283 1138 votis
1306 1082 1446 1138 ambiunt.

1160 1169 1292 1227 Gloriosa
1313 1172 1470 1226 sanitatum

1125 1258 1176 1313 llic
1193 1259 1266 1314 liunt
1280 1259 1429 1326 miracula,

1124 1347 1179 1416 Qut
1192 1350 1264 1417 pretii
1276 1349 1353 1419 capit
1372 1349 1505 1414 salutem,

1126 1438 1212 1492 Neruo
1223 1437 1331 1494 lrustra
1346 1438 1509 1507 supplicat,

1088 1524 1098 1540 ⁸
1124 1525 1196 1580 lline
1207 1525 1287 1581 loeus
1304 1525 1372 1581 lelix
1387 1526 1559 1594 triumphat.

1124 1611 1313 1683 Atquepollet
1338 1614 1450 1684 patria,

1158 1703 1306 1758 Daemones
1319 1702 1366 1758 irie
1382 1708 1408 1758 te
1425 1704 1561 1758 timentes

1121 1791 1300 1848 Confitentur
1313 1792 1447 1861 erimina,

1124 1880 1291 1949 versipellis
1302 1885 1388 1951 atque
1408 1881 1505 1950 prado

1122 1969 1208 2037 Capta
1225 1969 1333 2040 linquit
1354 1983 1484 2039 corpora,

1122 2058 1158 2111 Et
1173 2057 1260 2112 miser
1282 2056 1357 2128 sugit
1373 2065 1488 2128 repente

1121 2145 1243 2202 llorrido
1264 2160 1328 2202 cnm
1345 2159 1503 2218 murmure,

1157 2234 1246 2290 i‘erba
1269 2236 1367 2306 mutis,
1392 2241 1478 2306 atque
1493 2237 1582 2292 caecis

1121 2323 1314 2394 Porriguntur
1340 2325 1461 2394 lumina,

1120 2411 1242 2468 durium
1259 2414 1419 2484 pedumque
1438 2416 1521 2471 tarda

1120 2500 1306 2557 dissecantur
1329 2502 1457 2559 vincula:

1123 2590 1254 2661 languor
1265 2592 1360 2646 omnis
1373 2590 1420 2646 lrlc
1435 2592 1577 2662 quiescit,

1120 2676 1270 2749 AEgritudo
1286 2679 1411 2748 pellitur.

1156 2766 1234 2836 Smpe
1255 2780 1319 2823 vero
1333 2769 1368 2824 de
1379 2776 1488 2825 remota

1121 2855 1204 2910 Parte
1217 2857 1296 2927 regni
1310 2856 1430 2927 debiles,

1121 2945 1193 2999 lium
1206 2950 1285 3000 tuum
1303 2946 1582 3016 petuntsepulcrum

1121 3033 1158 3087 Te
1169 3035 1299 3090 medendi
1314 3035 1417 3105 gratia,

1122 3122 1152 3175 ln
1168 3123 1212 3177 via
1232 3128 1301 3179 sunt
1322 3124 1449 3180 restituti

1120 3209 1243 3266 sanitati
1254 3211 1395 3280 pristinae.

1157 3300 1207 3354 Est
1221 3306 1248 3355 et
1265 3300 1336 3356 illud
1353 3301 1434 3356 valde
1450 3302 1561 3359 mirum

1122 3389 1153 3442 ln
1170 3387 1269 3465 relatis
1282 3389 1414 3459 partibus

1123 3477 1263 3548 languidi
1275 3493 1338 3534 cum
1356 3483 1419 3535 veta
1437 3480 1563 3537 mittunt

1120 3564 1162 3619 Ad
1175 3572 1251 3622 tuam
1275 3568 1465 3637 qrraesentiam,

1120 3654 1160 3710 lle
1181 3653 1259 3711 velut
1274 3671 1360 3726 sopior
1372 3658 1486 3712 recedat

1119 3743 1166 3797 Sie
1181 3745 1287 3800 medela
1302 3745 1445 3801 subvenit.

1155 3833 1259 3889 Nullus
1274 3835 1321 3889 llic
1347 3834 1464 3904 impune
1479 3838 1580 3905 praedo

1120 3919 1262 3977 allevabit
1275 3922 1410 3991 lanceam,

1120 4008 1156 4063 Ut
1172 4010 1255 4065 ruina
1270 4012 1467 4080 comprobarit

1120 4098 1308 4156 Barbarerum
1323 4100 1445 4155 maxima
1460 4118 1466 4171 ς

1119 4189 1185 4258 lgne
1200 4189 1336 4258 templum
1356 4204 1542 4251 concremare

1118 4275 1251 4346 Quinque
1266 4276 1370 4333 vellent
1394 4280 1498 4336 millia.

1153 4363 1280 4433 Spiculis
1304 4366 1371 4423 dum
1397 4368 1579 4442 dimicarent

1116 4453 1205 4523 AEque
1232 4455 1360 4525 quinque
1385 4457 1489 4528 millia,

1117 4543 1264 4611 Hispitlam
1284 4544 1482 4603 rolauteierre

1116 4630 1333 4703 liedderentque
1356 4635 1520 4692 nraclrinam

1116 4719 1246 4775 Ordinati
1271 4736 1321 4791 per
1346 4722 1502 4795 phalanges

1115 4808 1231 4865 llorridi
1247 4824 1298 4866 ceu
1324 4811 1475 4868 daemones.

1153 4898 1192 4953 ele
1211 4900 1289 4955 velut
1303 4901 1328 4955 si
1354 4906 1538 4969 parsrlrerni

1118 4988 1274 5043 ltuetnuret
1294 4989 1445 5058 sulphura,

1118 5077 1221 5133 ilistus
1243 5077 1483 5149 ignislluetunret

1118 5167 1183 5221 lilla
1205 5169 1324 5238 pulsans
1340 5170 1445 5241 sidera,

1120 5257 1236 5313 Barluui
1252 5259 1361 5314 circum
1378 5258 1517 5327 lmentes,

1116 5347 1205 5401 'larua
1220 5348 1288 5403 dant
1314 5348 1446 5404 incendia

1152 5437 1256 5506 Nempe
1270 5437 1341 5492 mim
1362 5444 1441 5493 trinta
1456 5440 1537 5512 ignis

1117 5527 1195 5581 Tune
1210 5532 1292 5581 erant
1306 5529 1480 5599 spectacula,
