3876 6090
118 216 154 276 35
627 230 630 237 ·
714 217 892 276 hlihs'lhsll
914 215 1184 275 lllltLlOTilEGlllll
1303 281 1307 289 ,
1744 218 1782 278 36

120 341 432 419 syncellumapostolici
441 341 538 399 throni
555 342 646 399 nostri
660 343 877 400 ornatissimum
892 347 920 400 et
935 345 964 405 Α
976 344 1010 397 ln
1024 343 1131 397 nemim
1147 343 1294 406 Patriam
1311 344 1386 406 Filii,
1400 347 1425 398 et
1436 344 1556 414 spiritns
1571 347 1667 400 saneti.
1689 348 1781 416 impe-

117 436 223 493 bouum
233 432 371 489 cultorem
385 430 504 499 Heliam,
519 431 622 500 locum,
636 436 664 486 et
683 444 830 501 personam
851 446 922 487 nos-

14 570 21 583 .
117 523 380 591 tramohtinentcm,
396 519 446 590 qui
461 519 643 603 distinguere
656 525 747 590 potest
760 525 788 576 et
809 521 922 576 discer-

119 598 921 683 nbrequaequaerumursecundurnrationem.comquoes

117 701 329 762 sanctissimum
342 699 476 757 Tiromam
486 699 921 768 princepsSaracenorumdesti·

120 792 207 860 narlt,
228 786 557 860 prraesulatulungentem
583 789 753 858 urhls'lyri,
770 788 820 858 qul
844 788 921 844 sedis

117 879 334 950 csthutiochiae,
346 877 501 935 seeundum
513 878 588 948 quod
601 877 830 946 huncquaesistis
844 877 919 932 mitti

117 967 591 1042 perhonorabileslitterasrestras.
600 967 795 1022 Nostisautem
808 966 918 1037 utique,

116 1055 812 1127 sanctissiml,quiamultatemerilateacausulroa
831 1061 920 1110 trans

117 1150 258 1220 misimus,
277 1146 524 1217 praecipitantcrac
534 1145 669 1201 audacter
683 1145 716 1200 ad
734 1145 919 1215 ereptionem,

117 1238 199 1312 quasi
209 1236 396 1309 quorumdam
405 1236 617 1303 Saracenorum,
629 1235 704 1303 apud
716 1249 765 1290 ros
776 1234 805 1290 in
820 1237 921 1289 custo-

116 1328 165 1386 dia
179 1325 408 1383 consistentium.
426 1326 576 1379 Precamur
592 1323 682 1394 igitur
691 1327 719 1378 et
731 1338 871 1395 rogamus
889 1327 920 1379 ut

117 1417 246 1490 loquaris
259 1417 294 1472 ad
309 1429 393 1471 aures
408 1416 490 1469 allec
498 1414 626 1470 coronati
636 1418 664 1469 et
673 1412 797 1482 piissimi
808 1412 918 1467 domini

118 1507 219 1578 nostri,
230 1506 380 1577 quodonet
391 1503 474 1559 nobis
485 1507 624 1573 quotquot
634 1502 757 1560 volucrit
771 1500 920 1571 magnifica

117 1593 512 1666 ejusdominatioSaracenos,
524 1592 559 1647 ad
570 1590 794 1647 satisfactionem
804 1596 921 1647 nostro-

1012 414 1137 467 rnntibns
1161 414 1277 469 donninis
1297 416 1430 485 piissimis
1449 421 1474 470 ot
1487 419 1627 486 perpetuis
1648 418 1781 485 depastis

1014 486 1113 539 Basilio
1130 490 1155 539 ct
1174 485 1349 541 Constantino
1372 487 1430 555 ejus
1444 489 1509 556 filio,
1538 505 1556 542 c
1576 491 1630 542 lico
1647 494 1782 545 coronatis

1008 558 1129 626 pacificis
1174 559 1281 624 mnqnis
1317 559 1535 627 imperatoribus,
1584 577 1656 614 enno
1704 565 1782 616 tertio

1009 644 1099 682 rnense
1112 628 1241 690 Octobris,
1253 629 1399 683 indictione
1415 632 1503 684 tertio.

1010 788 1104 843 Prima
1120 788 1199 843 salus
1213 791 1256 844 est
1281 793 1362 844 rectae
1383 789 1447 844 lidei
1474 791 1599 862 regulam
1625 792 1782 856 custodire,

974 876 1077 932 deinde
1092 890 1108 931 a
1123 877 1291 934 constitutis
1305 878 1354 933 Dei
1372 883 1399 933 et
1415 880 1528 934 Patrum
1549 880 1716 936 nullatenus
1739 882 1785 936 de·

974 966 1060 1023 viare.
1079 966 1169 1022 Unum
1186 967 1292 1036 quippe
1304 967 1449 1023 horumne
1461 969 1542 1024 tidem
1559 970 1692 1039 pertinet,
1709 970 1785 1026 alte-

976 1070 1038 1112 rum
1049 1057 1082 1111 ad
1095 1070 1167 1126 opus
1177 1056 1281 1111 honum
1294 1074 1301 1127 3
1314 1057 1475 1113 sicutenim
1487 1059 1626 1127 scriptum
1646 1065 1698 1115 est:
1720 1061 1784 1114 Sine

974 1145 1026 1215 tide
1040 1146 1204 1214 impossibile
1218 1147 1373 1215 estploeere
1387 1150 1440 1200 lieo
1451 1143 1527 1218 (lisb.
1543 1147 1601 1219 x1);
1616 1148 1658 1203 sie
1684 1165 1785 1206 rursus

975 1232 1098 1305 legitur:
1114 1234 1193 1288 Fides
1210 1236 1267 1288 sine
1282 1235 1407 1304 operibns
1420 1241 1578 1290 mortuaest
1596 1236 1662 1307 (trio.
1691 1240 1729 1311 n).
1751 1228 1796 1311 Ε(

975 1322 1111 1393 quianon
1126 1327 1218 1392 potest
1227 1323 1341 1378 pinnini
1358 1325 1447 1380 nostri
1462 1326 1527 1380 iesu
1542 1325 1649 1382 Christi
1666 1335 1784 1398 praeter-

975 1412 1050 1467 mitti
1058 1413 1340 1469 sententiadiceutis:
1352 1417 1655 1486 TnestPetrnsctsupcr
1666 1417 1785 1488 honcpe·

975 1506 1045 1556 tram
1057 1502 1193 1571 edificabo
1213 1503 1360 1557 Ecclesiam
1381 1519 1466 1558 mecm
1487 1501 1592 1575 (Mariti.
1615 1505 1674 1580 nvn)
1694 1525 1702 1571 ;
1724 1508 1783 1564 haec

976 1605 1038 1661 quae
1047 1591 1124 1646 dicta
1135 1597 1211 1659 sunt,
1220 1606 1315 1647 rerum
1328 1592 1485 1662 probantur
1494 1592 1660 1650 ellectibus:
1676 1597 1743 1666 quia
1753 1598 1782 1652 in

118 1699 192 1756 rum,
214 1689 241 1739 et
257 1684 286 1739 in
303 1686 461 1751 suspectam
482 1680 758 1749 repraesentationem
781 1692 918 1749 saeorum,
935 1680 961 1741 Β
975 1680 1040 1734 sede
1054 1679 1210 1750 apostolica
1221 1680 1403 1737 immaculata
1413 1687 1456 1737 est
1466 1696 1576 1752 semper
1590 1684 1732 1740 catholica
1744 1701 1784 1741 re

117 1774 248 1847 quinimo
262 1774 296 1828 ad
313 1772 433 1828 salutem
449 1775 584 1842 nostram,
608 1776 636 1824 et
652 1769 776 1840 regimen
792 1768 920 1825 omnium

117 1869 255 1921 nostrum.
272 1863 301 1917 Si
317 1862 393 1917 enim
408 1866 465 1915 tam
489 1859 524 1914 ab
540 1859 693 1929 imperiali,
718 1872 801 1928 quam
829 1861 920 1912 restra

117 1953 366 2025 providentianon
382 1950 531 2007 lucrithoc
540 1949 636 2004 taliter
654 1947 817 2003 ordinatum
834 1960 919 2016 paror

118 2057 173 2100 non
191 2043 319 2098 rrrodicus
333 2041 389 2096 erit
404 2041 434 2094 iu
454 2040 644 2094 omnimodam
667 2037 855 2106 perditionem
873 2050 920 2091 no·

117 2138 215 2203 stram,
234 2145 298 2186 cum
324 2129 565 2199 opportunitatem
591 2127 760 2182 invenerint.
783 2127 919 2180 Praeterea

115 2235 233 2292 sperans
244 2234 328 2289 penes
343 2217 563 2274 sacratissimam
577 2221 605 2271 et
615 2215 831 2272 solertissimam
849 2214 921 2269 alle-

115 2311 238 2369 ctionem
255 2315 332 2365 tuam
348 2309 499 2377 impetrare
518 2320 580 2375 quae
596 2305 675 2360 cordi
694 2310 771 2374 suut,
789 2304 919 2373 poderem

115 2406 143 2458 et
158 2397 391 2469 superhumerale
405 2411 469 2452 cum
485 2396 580 2465 mitra,
603 2393 793 2464 pontificalem
818 2393 919 2449 stolam

115 2489 206 2546 sancti
217 2485 479 2555 iacobiapostoliet
489 2482 588 2539 fratris
597 2483 711 2540 Domini
732 2487 759 2538 et
770 2482 856 2551 primi
872 2497 923 2536 ar-

115 2579 464 2648 chiepiscoporum,qnam
479 2578 671 2629 antecessores
687 2572 739 2626 mci
755 2571 923 2640 patriarchae

115 2665 334 2736 circumamicti,
351 2677 461 2733 semper
472 2664 501 2717 in
514 2663 615 2718 Sancta
635 2667 798 2717 sanctorum
822 2661 922 2731 ingre-

113 2757 277 2826 diebantur,
293 2752 451 2810 sacerdotio
466 2750 625 2823 iungentes,
640 2750 774 2806 videlicet
795 2755 920 2805 sanctam

115 2845 280 2903 memoriam
296 2844 370 2915 vitae,
386 2847 414 2897 et
437 2847 566 2897 sanctum
586 2840 724 2895 calciare:
742 2854 804 2910 qum
819 2844 847 2894 et
862 2839 923 2908 ipse

114 2950 166 3009 ego
191 2935 310 2992 indutus
325 2947 398 3004 sum,
419 2933 514 2987 eadem
531 2943 630 3002 gerens
654 2935 704 2986 tuo
734 2927 921 2985 desiderabili

976 1776 1083 1824 serrata
1095 1769 1197 1841 religio
1206 1775 1336 1826 etsancta
1343 1770 1481 1827 celebrata
1489 1772 1630 1828 doctrina.
1639 1773 1682 1828 llb
1693 1773 1781 1844 hujus

974 1871 1041 1930 ergo
1056 1859 1109 1914 lide
1119 1863 1203 1929 atque
1214 1861 1344 1915 doctriua
1356 1861 1481 1930 separari
1495 1862 1612 1917 minime
1622 1864 1781 1935 cupientes,

973 1952 1002 2002 et
1017 1949 1140 2020 Patr-mn,
1152 1955 1180 2003 et
1192 1950 1333 2019 praecipue
1348 1954 1511 2006 sanctorum
1523 1953 1600 2007 sedis
1619 1954 1783 2022 apostolica

975 2037 1137 2107 praesulum.
1151 2044 1300 2109 sequentes
1312 2040 1653 2117 inomnihusconstituta,
1669 2044 1784 2098 anatthe-

975 2127 1141 2183 rnatizarnus
1152 2129 1385 2201 ornrreshaereses,
1398 2130 1484 2186 simul
1499 2144 1564 2187 asum
1576 2133 1779 2189 iconomachis.

973 2214 1252 2274 inathematizamus
1262 2219 1348 2274 etiam
1360 2220 1502 2290 Photiurn,
1512 2221 1561 2290 qui
1572 2226 1670 2276 contra
1687 2236 1782 2277 meras

976 2306 1097 2377 regulas.
1109 2312 1137 2362 et
1146 2311 1308 2363 sanctorum
1322 2308 1487 2378 pontiacum
1503 2309 1693 2366 Romanorum
1705 2325 1783 2366 verne

978 2396 1064 2451 randa
1079 2397 1200 2468 decreta,
1218 2403 1331 2466 repente
1345 2397 1380 2452 de
1403 2398 1507 2453 curiali
1532 2399 1782 2455 administratione

977 2484 1164 2555 saecularique
1175 2487 1281 2541 militia
1291 2485 1432 2557 sublatus,
1441 2488 1594 2557 superstite
1609 2489 1717 2559 ignatio
1738 2504 1783 2558 pa·

977 2573 1112 2646 triarcha,
1126 2575 1155 2629 ln
1178 2574 1522 2645 Constantinopolitanam
1543 2581 1585 2632 est
1611 2579 1779 2647 pervasorie,

979 2663 1036 2719 imo
1055 2665 1212 2733 tyrannice,
1228 2679 1244 2718 a
1259 2664 1431 2735 quibusdam
1448 2665 1641 2721 schismaticis
1660 2667 1702 2721 vel
1718 2682 1782 2722 aua-

977 2751 1169 2808 thematizatis
1187 2759 1272 2823 atque
1286 2754 1426 2823 depositis
1449 2754 1602 2811 institutus
1617 2757 1779 2823 Ecclesiam,

976 2840 1065 2896 donec
1097 2842 1174 2897 sedis
1201 2842 1365 2911 apostolicae
1388 2843 1588 2899 sanctionibus
1614 2844 1780 2901 inobediens

978 2945 1168 3000 perseverans,
1180 2933 1243 3000 ejus
1262 2933 1441 3005 seutentiam,
1463 2934 1565 2988 tanede
1580 2949 1609 2989 se
1632 2949 1717 3004 quam
1746 2936 1780 2990 de

114 3033 142 3083 et
158 3024 321 3082 honorando
349 3023 419 3078 mihi
435 3021 535 3091 capiti,
545 3034 579 3075 cx
599 3033 695 3075 amore
709 3023 737 3075 et
755 3019 922 3076 dilectionis
937 3033 961 3097 0
978 3022 1138 3090 patriarcha
1151 3028 1248 3077 nostro
1258 3023 1377 3094 ignatio,
1393 3023 1541 3092 spreverit,
1553 3028 1580 3077 ct
1592 3024 1779 3080 conciliabuli

115 3117 197 3187 copia
212 3113 360 3171 transmisi
384 3130 391 3183 3
422 3116 563 3181 quatenus
592 3110 740 3166 sanctitlea
769 3109 919 3180 suavitate,

113 3220 146 3262 ac
163 3211 240 3262 tactu
260 3207 422 3260 sanctorum
438 3201 575 3269 locorum,
597 3204 693 3268 utpote
716 3199 832 3270 dignus,
855 3212 922 3269 pcr-

114 3295 246 3365 fruaris,
262 3293 347 3351 simul
368 3297 463 3348 autem
478 3295 507 3344 et
521 3302 632 3344 sacrum
649 3302 697 3343 vas
717 3288 919 3344 ncimiliorum

114 3392 219 3443 saincte
242 3381 471 3449 resurrectionis,
497 3384 633 3435 craterem
661 3384 825 3450 argenteum
854 3393 918 3435 curn

115 3473 331 3547 imaginibusin
350 3478 424 3527 terra
438 3470 530 3539 sylem
551 3468 709 3538 transmisi,
739 3482 803 3523 cum
818 3468 919 3524 devoto

32 3562 40 3577 “
115 3568 336 3636 praeceptorque
348 3556 742 3631 syncellolleliaapostolicia
758 3557 854 3612 throni
872 3571 920 3612 no-

112 3655 166 3713 stri
172 3649 467 3711 adsanctitlcationem
478 3652 582 3701 nostrae
591 3644 779 3700 sanctissimas
792 3646 919 3701 ecclesiae

112 3751 141 3801 et
157 3743 322 3800 memoriam
337 3746 440 3794 nostra
456 3734 638 3791 humilitatis.
657 3754 670 3783 r
690 3736 721 3789 lit
738 3738 801 3804 post
814 3735 920 3791 lectio-

114 3847 177 3889 nem
197 3827 373 3887 sanctissimi
388 3824 490 3882 rioarii
506 3823 629 3879 senioris
645 3824 738 3879 llomae
760 3824 914 3882 dixerunt:

113 3923 188 3979 Bona
203 3917 344 3989 expositio
360 3915 468 3986 placuit
483 3913 574 3970 nobis.
590 3914 625 3968 Et
640 3920 702 3984 post
721 3914 774 3970 hoc
793 3916 918 3972 surrexit

113 4011 240 4067 Bahanes
259 4005 470 4063 famosissimus
485 4003 624 4074 patricius
637 4008 665 4058 et
681 4004 873 4076 praepositius,
887 4011 918 4062 ut

112 4094 487 4168 expersonatotiussynodi,
508 4092 627 4148 etdixit:
646 4093 696 4147 Per
711 4090 919 4165 lorrramsqua

113 4185 446 4245 lectaesuntcredidimus
459 4182 712 4252 esseperomniain
724 4181 846 4252 perfecta
862 4198 920 4239 cer·

113 4277 238 4334 titudine
245 4291 303 4347 eos,
313 4275 363 4346 qui
374 4271 757 4330 rnissisuntaseniorilloma
767 4273 801 4328 ad
816 4287 918 4330 nosve-

976 3117 1048 3183 acta,
1066 3112 1140 3182 quod
1152 3126 1181 3167 se
1195 3117 1311 3168 auctore
1321 3116 1419 3168 contra
1433 3112 1684 3181 sedisapostolicae
1700 3129 1781 3169 rere—

976 3200 1362 3273 rentiamcongregatumest,
1373 3202 1777 3259 anathematizaredistulerit.

974 3289 1778 3364 Sequimurautemsanctamsynodum,etamplectimur,

976 3393 1059 3451 quam
1084 3380 1172 3436 beatas
1191 3380 1397 3436 recordationis
1424 3393 1496 3449 papa
1519 3380 1665 3441 Nicotaus,
1689 3383 1736 3437 cui
1752 3388 1780 3438 et

974 3469 1186 3540 ipsedominice
1195 3468 1366 3540 coangelice,
1379 3483 1487 3525 summe
1501 3468 1627 3539 pontifex
1642 3471 1777 3544 Adriane,

974 3557 1169 3627 subcripsisti,
1189 3563 1254 3613 ante
1270 3557 1497 3615 sacratissimum
1523 3560 1597 3615 Petri
1618 3565 1646 3615 et
1669 3561 1749 3616 Pauli
1767 3587 1779 3615 c

973 3647 1167 3718 apostolorum
1182 3646 1270 3702 exmii
1295 3661 1399 3717 corpus
1427 3646 1609 3703 celebrarit:
1635 3648 1722 3704 simul
1751 3656 1779 3704 et

973 3750 1057 3807 qnam
1073 3740 1105 3793 tu
1116 3735 1157 3792 lbi
1173 3735 1234 3806 ipse
1245 3749 1335 3805 nuper
1344 3736 1441 3808 egisti,
1452 3742 1481 3792 et
1491 3737 1597 3808 omnia,
1609 3752 1672 3808 ‹puae
1692 3738 1720 3792 io
1732 3738 1779 3795 his

973 3829 1079 3881 statuta
1099 3831 1175 3897 sunt,
1214 3825 1371 3882 secundum
1398 3827 1505 3882 decreti
1534 3827 1620 3883 vestri
1646 3828 1779 3883 ramlera-

973 3915 1079 3970 tiouem
1109 3913 1310 3970 venerabiliter
1340 3916 1581 3988 conservabimus,
1608 3917 1778 3986 recipientes

974 4018 1046 4074 quos
1065 4004 1218 4075 recipiunt,
1234 4011 1262 4059 et
1280 4004 1448 4061 damnantes
1462 4020 1561 4062 omnes
1584 4007 1633 4077 qui
1661 4007 1690 4062 ln
1716 4005 1777 4061 illis

973 4093 1099 4150 damnati
1116 4099 1192 4164 sunt,
1210 4099 1238 4149 et
1258 4095 1399 4164 precipue
1412 4096 1471 4164 iam
1496 4096 1606 4152 dictum
1631 4096 1774 4168 l’hotium,

972 4187 1000 4237 et
1035 4184 1206 4255 Gregorium
1233 4184 1452 4256 Syracusanum,
1489 4185 1645 4256 patricidas
1678 4185 1776 4241 videli-

972 4277 1026 4342 cet,
1043 4273 1092 4343 qui
1109 4277 1207 4330 contra
1227 4274 1387 4344 spiritalem
1413 4280 1520 4345 patrem
1537 4290 1621 4331 suum
1646 4274 1775 4347 linguam

113 4380 201 4438 races,
219 4366 354 4422 similiter
368 4371 396 4420 et
410 4364 537 4419 Orientis
550 4363 673 4418 duarum
689 4362 916 4432 sedium,hntio·
931 4362 959 4425 D
972 4361 1095 4418 eximere
1110 4363 1228 4418 minime
1241 4362 1433 4432 formidarunt
1450 4370 1554 4435 ,atque
1565 4370 1775 4434 perseverantes

115 4454 188 4513 chiae
201 4455 312 4511 scilicet
326 4462 354 4512 et
370 4454 579 4524 llierosolymae,
599 4453 726 4507 bonatus
747 4457 775 4508 et
795 4454 918 4523 Stepha-

115 4558 170 4601 uns
184 4545 360 4602 sanctissimi
379 4544 518 4615 episcopi,
533 4545 562 4597 et
576 4541 717 4598 hlartinus
737 4541 917 4603 honorabilis

113 4632 253 4691 diaconus
266 4634 360 4691 locum
376 4637 504 4690 tenentes
513 4630 688 4686 sanctissimi
700 4644 778 4701 papa
796 4632 916 4691 Adriani

114 4721 262 4780 dixerunt:
287 4725 408 4796 legatur
430 4721 546 4778 libellus
562 4732 645 4790 quem
670 4724 766 4776 sancta
781 4721 919 4781 homano-

115 4824 177 4868 rum
214 4813 340 4869 Ecclesia
364 4811 506 4882 esposuit.
536 4810 637 4866 Sancta
666 4809 792 4879 synodus
817 4812 917 4886 dinit3

112 4899 273 4958 Audiamus
286 4916 359 4959 enm.
378 4905 412 4957 Et
424 4901 568 4972 accipiens
583 4912 648 4954 eum
663 4899 819 4958 Damianos
837 4918 918 4960 reve-

114 4990 470 5061 rendissimusimperialis
488 4989 612 5047 clericus
624 4995 653 5047 et
668 4989 818 5062 interpres,
843 5007 919 5061 prae-

111 5078 222 5135 dictum
247 5081 376 5137 libellum
395 5081 465 5154 legit
484 5084 582 5139 latine
606 5098 706 5158 magua
723 5099 790 5141 voce
815 5083 844 5139 in
861 5098 917 5139 au-

112 5168 250 5225 dientiam
262 5171 399 5228 omnium⁴
411 5174 446 5229 Et
461 5179 524 5243 post
537 5173 687 5231 lectionem
707 5173 798 5231 libelli
815 5185 919 5230 ascen-

10 5318 16 5337 ,
111 5258 183 5316 dens
210 5259 370 5331 Stephanus
396 5264 453 5318 lieo
476 5263 611 5320 amabilis
632 5263 771 5322 diaconus
797 5263 917 5321 devotus

112 5349 244 5406 noerius
258 5350 328 5423 legit
342 5352 471 5408 eumdem
488 5352 617 5409 libellum
631 5355 736 5410 Graece.

125 5534 128 5539 ,
146 5486 159 5516 ·
176 5474 396 5534 heconditarum
416 5477 611 5548 pecuniarum.

147 5542 162 5587 b
183 5548 299 5619 Propter
327 5548 462 5607 iacobum
480 5549 642 5621 apostolom
656 5550 738 5609 dicit

973 4450 1004 4507 in
1018 4451 1170 4508 schismate
1185 4467 1321 4524 sequaces
1334 4467 1443 4524 eorum,
1461 4467 1568 4510 necnon
1583 4458 1610 4509 et
1625 4453 1673 4523 qul
1692 4452 1721 4507 in
1733 4452 1774 4507 il-

972 4539 1066 4597 lorum
1082 4542 1294 4599 communionis
1308 4543 1443 4599 societate
1457 4544 1684 4612 permanserunt,
1700 4556 1776 4597 com·

973 4629 1130 4702 munionis,
1142 4632 1237 4688 omnis
1248 4633 1397 4704 gratianos
1408 4644 1473 4687 cum
1494 4630 1568 4701 ipsis
1588 4630 1733 4702 indignos,
1748 4633 1772 4686 sl

973 4720 1218 4779 tamenrohiscum
1230 4736 1286 4779 non
1296 4720 1467 4793 obedierint,
1474 4719 1647 4790 judicantes.
1663 4721 1772 4776 Etenim

973 4823 1094 4879 qnorum
1119 4825 1149 4867 se
1174 4812 1240 4882 quis
1268 4810 1463 4869 communioni
1489 4809 1616 4881 miscuit,
1643 4810 1771 4878 ipsorum

972 4897 1096 4954 similem
1107 4901 1212 4957 meruit
1221 4902 1250 4956 in
1257 4899 1511 4971 justillcationcrel
1524 4899 1774 4956 damnationesen-

972 4989 1099 5045 tentiam.
1121 4991 1282 5062 synagogas
1296 5005 1361 5047 vero
1378 4989 1609 5062 malignantium,
1626 4989 1681 5045 ims
1705 5003 1773 5059 spe-

972 5077 1085 5135 luncam
1097 5078 1250 5150 latronum,
1266 5084 1294 5135 et
1317 5080 1517 5137 conventicula
1543 5080 1728 5153 sanguinum,
1744 5082 1772 5135 et

971 5163 1175 5225 fabricatorum
1186 5168 1429 5241 mendacii,atque
1441 5169 1621 5228 inventorum
1629 5182 1772 5238 perverso
1798 5207 1804 5219 .

971 5268 1034 5312 rum
1049 5257 1222 5329 dogmatum,
1239 5272 1311 5327 quas
1325 5258 1378 5316 sub
1389 5260 1526 5317 lllohaele
1545 5260 1714 5328 imperatore
1724 5258 1770 5314 bis

970 5349 1068 5402 eontra
1081 5345 1278 5404 beatissimum
1286 5349 1478 5419 patriarcham
1491 5348 1632 5420 ignatium
1644 5352 1671 5404 et
1682 5348 1768 5404 semel

1015 5483 1029 5514 ο
1053 5472 1134 5530 Forte
1148 5474 1275 5534 abundat
1288 5476 1379 5532 Ponti.
