3876 6090
525 297 572 355 nit
590 297 671 357 vira
689 299 716 357 S.
738 299 955 360 wltrdndls.
976 326 1013 346 -·-
1036 306 1136 362 LIBER
1154 308 1201 363 lll.
1671 308 1727 370 882

94 420 191 479 [lerant
201 420 410 496 benedictione,
425 424 493 496 qnia
505 425 549 481 eis
560 424 671 482 tardior
685 426 755 482 bora
769 427 891 514 ineu-NA
904 431 974 511 tiam
988 432 1070 490 ranis
1085 446 1238 490 exercuere
1251 432 1363 507 vigiliis
1374 437 1538 507 crassisque
1553 437 1726 495 intenebris

118 509 150 566 in
171 510 268 567 ricino
301 513 469 569 monasterii
489 514 683 571 castrametati
706 520 774 572 sunt
799 516 847 573 die
903 522 980 579 eirca
1001 523 1206 580 monasterium
1227 525 1526 594 deorumdeorum
1547 525 1614 581 nisu
1638 530 1724 598 atque

94 597 157 657 oad
187 599 303 669 propria
325 602 479 658 reversuri.
507 604 610 660 ilerum
636 617 730 674 opacae
754 606 848 662 noctis
901 613 1052 669 conamine
1070 626 1138 669 rura
1153 619 1270 684 paterna
1289 614 1399 670 calcare
1415 614 1512 684 procul
1530 613 1619 671 dubio
1641 616 1726 670 aesti-

94 687 136 745 tlo
157 687 300 760 veniente,
324 703 481 762 somnoque
493 693 597 762 januas
612 693 754 751 luminum
767 696 846 765 lam·
902 705 1021 774 mantes,
1041 701 1109 758 dnm
1131 703 1231 759 domos
1253 703 1384 774 proprias
1407 702 1469 759 luta
1490 702 1663 759 altrinsecus
1678 701 1725 759 ia-

94 789 131 834 ne
144 776 356 848 quiescentium
371 778 541 837 clementius
555 781 687 853 adeunte,
705 780 783 839 fures
793 782 844 855 qni
900 792 1049 849 bulatione
1064 793 1145 849 adire
1157 793 1239 865 quasi
1256 793 1347 866 agiles
1369 793 1538 864 voluisseut,
1555 791 1629 850 facta
1642 807 1722 850 rosea

93 878 142 936 '⁰2
158 866 244 922 1111111
259 867 353 938 111810,
370 873 481 924 1111111
492 869 692 943 etli¹¹⁰¹⁰il¹iffl
708 871 842 941 priscam,
900 880 1298 952 matutinalistemporisluce
1309 883 1338 939 in
1348 882 1477 953 proximo
1486 882 1624 940 culturali
1635 896 1723 940 sacrae

93 954 166 1012 mam
191 953 354 1022 Alamanni,
370 957 517 1013 1061111111
531 958 673 1030 1111111111,
695 962 844 1015 cernentes
898 969 1048 1044 virginisa
1063 972 1225 1042 semetipsis
1244 972 1353 1029 inrenti
1368 975 1437 1028 sunt
1451 985 1527 1028 arro.
1541 972 1613 1042 Quis
1627 976 1722 1029 autern

93 1047 136 1101 ¹¹²
150 1043 301 1101 1111111111
315 1044 520 1116 ΒΘΕῙ111111111111
537 1046 661 1104 1111111111
676 1062 778 1119 sopore
793 1048 844 1105 111-
898 1073 946 1116 eos
970 1063 1062 1117 terrm
1077 1061 1232 1133 invaderet,
1258 1076 1378 1133 quaque
1392 1062 1565 1118 verecundia
1579 1065 1653 1119 totos
1673 1075 1723 1132 per

103 1139 288 1206 millam,
321 1133 458 1205 1111101111
483 1135 621 1208 vigilanti
651 1138 770 1194 1118101111
794 1152 843 1209 per
898 1149 994 1205 omnia
1009 1151 1179 1223 possideret,
1194 1149 1312 1207 difficile
1326 1156 1369 1207 est
1383 1156 1475 1206 mente
1484 1155 1616 1222 tractare,
1625 1150 1721 1207 verbis

93 1221 333 1280 11111111111111111
349 1224 442 1295 campi
464 1225 845 1298 ἱῑῑ11111111101θ[1111]1118-
897 1239 1057 1309 exprimere
1079 1253 1112 1295 ae
1133 1240 1236 1313 pagina
1262 1239 1411 1296 festinanti
1430 1239 1466 1295 ad
1492 1239 1551 1296 alia
1572 1240 1718 1297 adpetere.

93 1355 108 1385 .‚
130 1313 189 1371 duo
210 1328 333 1385 quornm
357 1327 431 1371 caeca
454 1314 606 1373 obscurior
630 1323 711 1374 nocte
736 1319 843 1388 cupido
898 1328 1019 1383 Tandem
1035 1329 1136 1397 cupidi
1152 1333 1360 1399 quoquopaeto
1375 1328 1410 1384 ad
1431 1341 1461 1384 se
1474 1328 1578 1385 reversi
1599 1328 1724 1385 miracu·

93 1415 133 1460 am
143 1405 248 1459 tetrum
265 1403 421 1459 intraverat
440 1405 655 1475 possidendum,
670 1421 745 1463 unns
759 1407 843 1464 clan—
898 1415 958 1471 lnm
981 1429 1031 1488 per
1054 1422 1159 1473 sanctae
1185 1417 1416 1474 intercessionem
1440 1416 1563 1488 virginis
1582 1429 1721 1490 agnovere

96 1491 277 1563 apprehenso
296 1492 432 1564 capistro,
448 1493 521 1550 alter
535 1500 648 1566 arrepto
661 1509 760 1552 renum
775 1496 843 1553 cin·
898 1508 1056 1574 patratum:
1074 1510 1102 1561 et
1117 1505 1220 1562 rubore
1233 1510 1411 1576 tremoreque
1426 1503 1611 1561 ineffabiliter
1626 1505 1720 1561 casti-

94 1593 206 1639 cassam
229 1581 355 1639 duorum
368 1596 507 1652 equorum
522 1584 672 1655 diripuere
681 1589 838 1656 capturam.
897 1591 966 1664 gall,
984 1594 1033 1664 qui
1057 1594 1140 1665 prins
1154 1594 1259 1650 alienis
1281 1593 1376 1650 conati
1392 1597 1459 1650 sunt
1471 1592 1646 1665 furtivisque
1661 1592 1718 1650 frui

93 1671 300 1745 ligituriidem
312 1670 448 1728 inefficaci
459 1672 617 1730 latrunculi
630 1676 734 1746 praeda,
746 1688 843 1732 ascen·
896 1681 1039 1739 vehiculis
1050 1683 1085 1739 ad
1102 1684 1218 1754 propria
1233 1682 1405 1753 repedarunt
1420 1682 1566 1754 gressibus
1580 1683 1718 1755 propriis,

93 1773 112 1817 e
134 1774 198 1831 qnae
214 1765 347 1831 ceperant
369 1761 480 1831 procaci
507 1763 666 1819 temeritate
687 1764 838 1837 jumentis,
855 1764 1008 1828 Brelictis
1031 1772 1061 1827 ln
1085 1772 1193 1842 quibus
1208 1778 1291 1828 antea
1316 1772 1407 1844 gavisi
1424 1771 1641 1843 fuerantequls.
1657 1773 1719 1844 Quo

93 1848 117 1906 rd
137 1849 260 1922 patriam
277 1851 420 1906 remeandi
440 1852 589 1923 arripuere
604 1855 769 1926 gaudentes.
785 1855 837 1912 Sed
894 1860 1051 1917 bomiuicar
1061 1860 1264 1916 ostentationis
1272 1861 1519 1933 signoomnesqui
1534 1861 1718 1919 videruntvel

93 1939 147 1997 lae
160 1939 191 1995 ln
202 1941 310 1997 sanctis
322 1941 386 1996 suis
396 1941 552 2013 gloriosum
566 1945 652 2015 atque
664 1944 838 2002 laudabilem
894 1949 1050 2006 audierunt
1065 1949 1161 2005 mirati
1177 1952 1258 2005 suut:
1277 1949 1324 2005 sed
1335 1948 1462 2019 amplius
1473 1949 1502 2004 bi
1519 1949 1570 2020 qui
1580 1950 1666 2019 jussu
1676 1950 1719 2007 di·

93 2027 127 2086 is
140 2029 276 2102 ostendit,
297 2030 434 2103 gandium
454 2033 840 2103 praesumptionariaeavidi-
894 2037 961 2095 vino
973 2038 1102 2108 jumenta
1120 2036 1231 2108 perdita
1246 2037 1373 2108 recipere
1394 2041 1569 2093 meruerunt.
1594 2037 1717 2113 Agentes

93 2118 125 2176 lu
140 2117 273 2175 ruborem
285 2133 488 2192 maeroremque
502 2123 653 2194 convertit,
666 2127 699 2180 ut
708 2125 837 2182 mundia·
893 2141 961 2186 saue
974 2127 1066 2184 unicae
1073 2126 1397 2198 Trinitatigratissimas
1410 2125 1510 2183 laudes
1522 2126 1718 2197 liatisponeu-

93 2208 263 2265 introversla
288 2209 459 2266 stoliditatis
479 2210 571 2282 palam
586 2219 752 2285 agnosceret
767 2214 837 2286 quid
893 2233 939 2275 ser
958 2218 988 2274 bi
1008 2218 1058 2289 qui
1073 2221 1208 2273 venerant
1221 2216 1307 2282 cives,
1325 2221 1383 2272 tam
1404 2230 1455 2287 pro
1470 2215 1614 2288 acquisita
1626 2230 1711 2288 quarn

92 2296 120 2355 ti
141 2296 171 2353 ln
192 2296 275 2355 coelis
295 2302 324 2354 et
343 2298 373 2354 in
390 2300 477 2356 terris
498 2301 705 2372 omnipotentia
721 2303 834 2361 valeret.
893 2307 1067 2379 quaesierant
1088 2305 1216 2362 ecclesiae
1239 2305 1448 2377 benedictione,
1464 2318 1549 2377 quam
1566 2318 1617 2376 pro
1637 2305 1713 2379 signi

95 2399 212 2459 rapaces
225 2387 321 2444 alieno
334 2389 438 2459 portati
455 2390 587 2448 vehiculo
595 2392 745 2464 equitandi
756 2394 838 2466 peri-
892 2394 1074 2453 admirabilis
1087 2408 1214 2464 munere,
1227 2394 1374 2451 redierunt
1386 2394 1421 2450 ad
1437 2393 1554 2466 propria
1565 2399 1714 2452 narrantes

93 2494 123 2553 p,
137 2494 246 2551 omissa
260 2494 357 2552 claudi
374 2497 496 2554 curarit),
892 2484 1055 2543 fideliterde
1069 2483 1260 2541 bisomnibus
1270 2498 1333 2555 qum
1345 2489 1424 2557 gesta
1435 2490 1517 2541 erant
1528 2484 1560 2542 in
1573 2483 1619 2541 ria
1634 2494 1650 2525 ⁸
1666 2524 1673 2539 .

587 2685 753 2695 ————.-

681 2850 806 2920 tinnit
833 2851 1033 2921 nennius

383 3007 613 3092 donrpleetenr
632 3008 805 3076 narrarem
826 3009 950 3075 ibidem
973 3026 1064 3076 neno
1090 3011 1150 3074 895
1171 3015 1337 3094 patratu.

92 3224 178 3281 mate
191 3228 351 3296 temporum
364 3226 536 3284 instantium
544 3226 646 3283 adbuc
655 3226 833 3297 lacrymabili
849 3228 1027 3298 cduosjam
1040 3227 1151 3298 pridem
1170 3227 1378 3284 miraculorum
1394 3240 1505 3298 semper
1519 3230 1612 3284 mente
1625 3231 1655 3284 et
1666 3239 1715 3286 ore

104 3315 254 3372 mriantnr
268 3316 353 3372 etiam
370 3315 478 3386 pariter
493 3318 630 3374 mentium
644 3318 833 3375 humanarum
889 3316 1046 3374 retinenda
1067 3316 1170 3373 matris
1180 3316 1351 3389 walpurgis
1363 3315 1480 3373 libellos
1499 3316 1647 3373 succincto
1660 3330 1716 3388 po-

92 3404 186 3462 ntodar
203 3404 367 3477 qualitates.
381 3406 443 3476 Quo
456 3411 571 3463 constat
585 3421 640 3463 non
654 3420 765 3478 semper
778 3408 834 3464 bo-
889 3405 1010 3478 pularlae
1023 3406 1166 3463 orationis
1181 3404 1335 3476 perstriuxi
1344 3408 1513 3462 commento.
1526 3407 1629 3462 Verum
1644 3407 1715 3463 mul·

130 3506 212 3567 agere
239 3495 332 3550 valere
353 3495 428 3567 qnod
443 3495 470 3550 ei
489 3496 602 3565 adjacet
621 3496 710 3552 velle:
735 3510 832 3553 rerum
888 3493 1032 3565 tipartitls
1056 3491 1238 3551 anfractuum
1260 3493 1443 3549 secularium
1473 3492 1713 3563 occupationibus

92 3580 195 3639 labitur
209 3584 334 3640 exterior
349 3584 485 3656 mundns,
497 3584 656 3641 inclinatur
670 3590 698 3641 et
711 3585 833 3643 interior
888 3572 1020 3656 pressus,¹
1031 3595 1102 3653 pene
1115 3582 1239 3639 duorum
1255 3581 1388 3638 decursis
1412 3580 1638 3639 bebdomadibus
1658 3582 1716 3638 eir·

91 3671 225 3729 aerariis
241 3672 348 3729 ictibus
362 3674 531 3744 terebratus,
547 3678 580 3730 ut
594 3672 629 3729 ab
652 3674 755 3730 affectu
769 3687 834 3730 con·
887 3672 1111 3730 cumrotantium
1133 3671 1353 3743 temporum,ad
1380 3670 1498 3728 initium
1517 3671 1597 3727 tertii
1613 3685 1714 3743 perre-
1791 3729 1798 3740 ,

98 3760 158 3831 lam
172 3761 255 3831 prius
265 3760 447 3833 frequentius
461 3763 594 3819 concidat
609 3763 640 3820 in
653 3777 709 3834 quo
724 3763 832 3820 dudum
889 3762 952 3817 nire
966 3775 1017 3818 occ
1041 3761 1132 3833 quivi,
1155 3773 1206 3817 nee
1222 3760 1323 3816 merui.
1341 3762 1422 3817 Nunc
1437 3766 1532 3817 numm
1552 3761 1622 3832 quia
1638 3766 1711 3819 meta

91 3849 172 3920 rada
197 3850 300 3906 stabat.
317 3851 422 3922 Sicque
437 3851 469 3906 flt
485 3856 516 3907 ut
541 3865 656 3924 corpus,
670 3852 738 3908 dnm
757 3853 832 3923 quod
888 3849 1252 3921 secundljamjaminitium
1265 3848 1711 3919 postulatnertil‚ipsumutinam

91 3938 186 4009 ppetit
197 3940 329 4009 percipit,
346 3938 474 3995 obtineat
484 3941 688 3996 detrimentum
703 3945 733 3996 et
742 3941 832 3999 animi
890 3939 994 3996 babere
1006 3952 1114 3994 merear
1127 3939 1229 3995 ducem
1239 3937 1393 4008 cordisque
1412 3936 1509 4009 exigui
1532 3937 1715 4011 benignissi-

91 4040 126 4084 us
141 4032 291 4098 promptus
307 4027 409 4083 babeat
423 4029 583 4098 premium.
889 4040 966 4083 mum
976 4027 1157 4098 directorem,
1174 4027 1224 4098 qui
1240 4041 1292 4083 sna
1307 4026 1448 4096 sapientia
1463 4040 1496 4082 os
1509 4027 1624 4097 aperuit
1639 4027 1710 4084 mntl

91 4122 179 4188 ‚pente
192 4128 316 4188 namque
333 4122 398 4173 tue.
416 4116 543 4187 pontifex
556 4119 724 4191 venerande,
735 4118 835 4174 domi·
887 4119 916 4171 ct
931 4115 1047 4190 linguas
1061 4114 1218 4173 infantium
1233 4115 1303 4172 facit
1315 4128 1377 4171 esse
1390 4114 1532 4172 disertasl

91 4202 137 4262 nis
150 4205 283 4279 imperio,
301 4220 353 4277 pro
369 4206 534 4264 tenuissimi
549 4207 708 4278 capacitate
721 4205 832 4279 ingenii

755 4333 958 4350 ψ

663 4429 839 4490 INCIPIUNT
855 4426 1049 4488 carnium·

91 4642 128 4700 lie
144 4660 174 4701 co
187 4645 237 4701 abi
252 4645 352 4701 malma·
365 4659 435 4700 ceca
443 4643 601 4698 illuminata
621 4642 669 4694 eat.
845 4637 942 4708 lell.
981 4637 993 4660 ⁶
1010 4635 1051 4689 be
1058 4636 1164 4702 femina
1182 4632 1282 4688 obedo
1292 4636 1318 4688 ct
1328 4635 1436 4688 suante.

91 4715 130 4771 ba
143 4733 219 4789 pone
232 4718 365 4779 mulieres,
380 4718 429 4787 qui
446 4710 677 4782 osiauperditas
697 4716 724 4767 et
734 4716 831 4783 postea
885 4709 953 4764 vill.
1009 4707 1049 4761 De
1061 4706 1149 4760 tribus
1164 4706 1239 4760 caecis
1260 4704 1440 4788 ι’ὶὶμηιιίνιᾳίιέ.Ι

146 4791 331 4843 inuentusrst.
886 4780 934 4836 tx.
1006 4780 1045 4833 De
1055 4781 1130 4850 pisce
1149 4779 1179 4831 ia
1197 4779 1243 4831 nio
1256 4775 1419 4829 mirabiliter
1429 4777 1547 4830 invento.

93 4860 260 4932 Dcmdoillo
270 4860 343 4916 domi
354 4861 593 4931 pcrddoetiania
606 4854 724 4911 favento.
886 4851 923 4906 X.
1013 4852 1065 4906 Udi
1086 4849 1185 4904 mulier
1201 4850 1279 4902 mutu
1297 4850 1394 4930 curato
1412 4851 1460 4930 est.
1521 4919 1527 4931 υ
1553 4885 1559 4894 .

98 4931 150 4987 Uda·
168 4931 245 4986 borno
264 4933 377 5002 quidum
394 4925 634 5001 warnrosprrdtdit.
886 4923 936 4978 Xl.
983 4922 1051 4978 ‘lic
1071 4921 1157 4975 bubus
1172 4922 1289 4989 quotuor
1307 4932 1338 4971 aa
1355 4933 1402 4971 nro
1421 4921 1548 4974 caveatas.

94 5002 147 5058 Ubi
160 5017 209 5057 vos
233 5006 263 5058 in
283 5006 380 5058 itinere
395 5005 596 5057 irroratumest.
887 4994 947 5048 Xll.
987 4994 997 5016 ⁶
1014 4994 1065 5048 Udi
1079 5006 1179 5063 porcus
1193 5007 1211 5044 n
1234 4990 1296 5059 lupo
1308 4988 1431 5059 direptus
1446 4994 1495 5042 est.

94 5074 421 5200 Ummirrtrlcrir‘loffldemque
435 5077 539 5143 semino
551 5076 755 5148 quinquefarie
769 5077 835 5128 sunt

274 5270 383 5327 CAPUT
416 5273 561 5329 PRIMUM·
888 5307 1036 5364 beatorum
1056 5311 1212 5378 martyrum
1229 5304 1369 5361 Gordiani
1389 5308 1417 5360 et
1439 5303 1598 5376 Epimaebi,
1624 5301 1712 5356 Cam-

90 5398 230 5456 norandae
244 5397 400 5454 Dominicae
415 5398 625 5455 incarnationis
644 5411 720 5454 anno
736 5398 834 5454 octin-
890 5395 1062 5467 piduneusis
1081 5395 1193 5451 scilicet
1219 5394 1387 5450 monasterii
1409 5393 1512 5463 puella.
1532 5388 1711 5445 anatiritate

90 5488 163 5546 simo
190 5487 375 5559 nonagesimo
409 5488 521 5559 quinto,
543 5486 704 5558 quadrus
723 5485 835 5542 fanrilia'
890 5497 974 5556 caeca,
995 5485 1111 5541 nomine
1127 5483 1285 5555 Guntrada,
1307 5484 1376 5541 dum
1398 5480 1519 5552 gratiam
1537 5478 1567 5533 in
1592 5477 1654 5532 loco
1668 5487 1711 5529 ce

90 5606 203 5686 apitula
215 5611 364 5670 asteriscis
374 5615 531 5684 praenotata
546 5611 651 5667 desum
663 5610 693 5666 ln
708 5613 797 5668 textu.
