3876 6090
45 277 116 336 ltus

763 274 965 332 BENEDICTIO
984 276 1050 332 but.

1676 281 1746 343 tile

44 403 131 474 quaci
146 403 339 458 instrumento
360 402 493 472 cuiquam
509 400 620 457 musico
634 412 757 456 consona
773 398 910 459 meduA
926 397 1021 454 stinus
1034 412 1127 455 rerum
1151 400 1337 457 obscurarum
1360 404 1571 461 subtilissimus
1586 406 1745 479 indagator,

45 491 154 548 latione
163 492 301 548 sociatur.
314 492 371 547 Hoc
381 494 433 561 est,
447 489 618 562 quodetiam
634 502 711 545 nuuc
724 488 754 543 in
766 484 871 543 divini-

45 580 116 636 tatis
129 579 266 636 laudibus
283 580 390 651 agitur.

225 671 281 724 Vll.
301 668 373 734 Ouid
394 670 429 722 sit
440 667 692 736 psalmocanticum.

81 757 341 813 psalmocanticum
357 760 427 822 erat,
451 769 513 811 cum
542 755 733 810 instrumento
760 742 870 806 musico

45 848 228 917 praecinente,
250 860 355 902 canens
374 846 479 901 chorus
500 843 619 899 sociatis
644 838 872 898 vocibusacela-

47 935 153 1005 mabat,
165 934 275 992 diuinis
290 935 432 990 duntaxat
446 932 565 988 uocibus
576 931 742 987 obsecutus.

62 1024 132 1080 vltt.
145 1023 218 1089 Quid
229 1025 265 1077 sit
275 1024 413 1076 canticum
423 1022 563 1092 psalmum
576 1014 852 1093 lcantt'oepsaimum]⁸

81 1111 374 1181 canticumpsalmum
395 1115 465 1181 erat,
486 1123 561 1179 cum,
578 1109 665 1164 ebore
679 1107 870 1169 antecedente,

44 1213 94 1256 ars
106 1200 290 1256 instrumenti
309 1199 411 1254 musici
428 1199 457 1253 in
474 1211 559 1254 unam
578 1195 805 1252 convenientiam
821 1207 873 1249 co-

46 1288 133 1344 miter
145 1287 306 1357 aptabatur,
318 1286 463 1356 uerbaque
486 1285 584 1356 bymni
599 1284 692 1340 divini
713 1282 810 1339 suauis
821 1295 872 1337 co-

45 1376 115 1447 pula
140 1375 320 1446 personabat.

225 1464 273 1519 tx.
288 1465 327 1517 De
342 1464 538 1533 quinquefaria
551 1462 692 1516 diuisione.

82 1554 160 1608 itanc
172 1557 277 1622 autem,
295 1564 381 1622 quam
395 1551 536 1620 diximus,
552 1547 783 1620 quinquefariam
799 1546 871 1603 divi·

45 1641 168 1711 sionem,
182 1646 265 1710 prout
277 1653 458 1711 unaquaeque
475 1652 572 1695 earum
588 1637 763 1693 Psalmorum
776 1635 872 1690 titulis

927 485 1100 544 interardua
1113 489 1176 544 sine
1191 488 1347 546 offensione
1359 492 1535 566 discurrens,
1552 494 1625 570 banc
1651 497 1746 566 potius

927 582 1032 644 partem
1048 577 1168 648 elegisse
1193 580 1385 648 cognoscitur,
1404 586 1437 636 ut
1454 583 1544 654 magis
1565 583 1672 640 divisio
1686 598 1747 642 esse

925 663 1065 733 uideatur,
1078 665 1204 721 nominis
1218 667 1311 735 ipsius
1327 667 1488 724 discutiens
1500 669 1677 743 qualitatem,
1690 691 1748 743 sap·

925 751 1011 820 ψαλμα
1023 750 1222 824 (sympsalma),
1240 755 1346 824 quippe
1361 756 1472 812 dicitur
1489 758 1586 814 Graeco
1599 759 1745 831 vocabulo,

925 851 1025 894 vocum
1062 840 1184 896 adunata
1219 841 1374 912 copulatio,
1405 844 1534 915 διαψαλμα
1556 844 1747 919 (diapsalma)

927 940 991 983 uero
1006 941 1168 984 sermonum
1185 936 1267 1000 rupta
1282 932 1463 988 continuatio
1482 933 1597 1004 docens,
1622 935 1749 992 ubieun-

927 1029 982 1085 que
1008 1023 1151 1086 repertum
1177 1017 1275 1089 luerit,
1301 1024 1349 1075 aut
1377 1033 1562 1089 personarum
1588 1028 1638 1079 aut
1655 1037 1747 1080 rerum
1787 1060 1789 1065 -

928 1105 988 1160 lueri
1005 1107 1251 1176 permutationem.
1278 1109 1378 1164 blerito
1392 1123 1459 1180 crgo
1483 1110 1540 1165 tale
1565 1125 1669 1187 nomen
1688 1112 1750 1169 illic

928 1194 1130 1263 interponitur,
1142 1195 1242 1252 ubivel
1252 1209 1364 1265 sensus,
1376 1197 1417 1252 vel
1434 1211 1554 1267 persona
1570 1199 1661 1255 diuidi
1676 1215 1751 1257 com·

929 1282 1094 1353 probantur,
1108 1284 1185 1339 Unde
1194 1289 1222 1339 et
1233 1286 1450 1341 nosdivisiones
1460 1300 1585 1357 congrue
1596 1286 1745 1361 lacientus,

929 1369 1092 1442 uibicunque
1103 1372 1132 1427 in
1143 1372 1427 1444 psalmisdiapsalma
1438 1375 1563 1444 potuerit
1577 1376 1712 1432 irrueniri.

962 1459 1211 1533 lieliquasautem,
1224 1472 1308 1532 prout
1318 1464 1416 1519 datum
1428 1462 1525 1535 luerit,
1537 1464 1747 1537 indagabimus,

928 1546 976 1602 ubi
1005 1551 1096 1604 tamen
1112 1551 1270 1606 auctoritas
1297 1551 1384 1621 buius
1408 1552 1535 1608 nominis
1552 1566 1608 1609 non
1624 1555 1751 1625 potuerit

929 1636 1064 1691 inueniri.

47 1726 615 1801 10111111101111111»101151Ρ1155111115
635 1724 802 1796 1111101111)οι
821 1724 870 1780 11111
890 1734 987 1796 ΒΧΙΙ.
1006 1744 1101 1796 Utrum
1115 1744 1145 1796 in
1167 1743 1288 1813 quinque
1313 1744 1497 1801 coturnicibus
1519 1747 1690 1816 paulinorum
1714 1751 1750 1806 sit

44 1817 273 1890 significantiam
293 1818 444 1888 quamdam
460 1813 703 1886 subsequentibus
719 1813 804 1868 rebus
817 1826 872 1882 my-

44 1908 121 1964 stica
143 1907 379 1977 interpretatione
402 1905 583 1961 contradunt.
600 1902 652 1958 Sed
679 1902 749 1972 quia
763 1904 831 1957 sunt
845 1907 873 1954 et

44 1995 112 2051 alim
123 1988 872 2064 multifariaesuperscriptiones,quaspraetereundas

45 2096 183 2140 essenon
204 2083 341 2154 arbitror,
359 2082 484 2137 brevitor
503 2081 533 2135 in
550 2093 635 2135 uuam
657 2078 871 2134 conclusionem

45 2171 351 2244 estimocoltigendus.
360 2176 401 2239 ut,
416 2168 623 2225 neolastidium
633 2166 721 2223 lector
733 2166 871 2232 incurrat,

47 2261 144 2317 necin
170 2261 274 2316 damno
298 2257 498 2329 intelligentie
524 2256 684 2312 necessaria
699 2253 772 2310 torte
798 2267 873 2324 prm*

47 2353 146 2406 tereat.

191 2438 227 2492 X.
241 2438 279 2490 De
293 2437 374 2489 urtice
391 2436 567 2505 inscriptione
578 2433 729 2489 titulorum.

81 2525 224 2594 Quasdam
254 2523 514 2593 superscriptiones
540 2522 713 2594 psalmorum
731 2534 780 2590 per
794 2519 874 2575 allu-

47 2616 159 2671 sionem
174 2612 354 2669 consimilem
368 2617 480 2667 constat
499 2611 693 2687 spiritualiter
707 2609 869 2665 intuendas.

47 2703 130 2774 Quia,
146 2703 171 2757 si
203 2702 330 2756 litteram
347 2713 403 2755 nou
426 2701 599 2768 consideres,
623 2705 790 2753 extraneum
816 2704 869 2766 est,

47 2805 113 2848 curn
127 2803 183 2845 non
198 2802 231 2844 ca
247 2788 377 2844 invenias
393 2786 423 2842 in
439 2787 558 2857 psalmis¹
571 2801 634 2858 quae
647 2787 832 2841 continentur
843 2785 873 2840 iu

48 2878 154 2936 titulis.
170 2879 200 2933 Si
223 2891 289 2933 vero
305 2877 457 2931 tranantur
477 2876 512 2930 ad
529 2875 669 2944 tropicum
684 2873 872 2944 intellectum,

49 2967 138 3024 ui'mis
151 2966 286 3022 uidentur
300 2964 528 3030 accommodatae,
545 2968 578 3018 ut
593 2968 637 3018 est
650 2961 742 3018 illud:
762 2963 813 3016 Uti
830 2978 873 3017 res

961 1813 1080 1896 scrutatio
1096 1816 1289 1878 reiterandae
1304 1821 1373 1870 certe
1387 1831 1459 1870 unus
1472 1817 1540 1870 liber
1557 1818 1653 1874 debeat
1673 1836 1751 1876 nun-

962 1899 1068 1952 cupere.

963 1971 1064 2026 Beatus
1077 1971 1265 2042 Hieronymus
1279 1973 1457 2043 prophetiam
1473 1973 1648 2045 psalmorum
1669 1976 1752 2048 quin·

928 2073 982 2130 que
998 2059 1082 2115 libris
1103 2061 1214 2129 putavit
1237 2075 1298 2117 esse
1319 2061 1513 2132 dividendam,
1530 2064 1599 2133 quia
1626 2065 1751 2122 intentu

927 2148 1022 2217 oqueris
1047 2148 1135 2217 buius
1160 2156 1262 2219 quarto
1288 2150 1409 2222 legitur:
1433 2154 1492 2221 pat,
1519 2155 1578 2221 pat,
1604 2151 1673 2208 dum
1698 2153 1751 2210 boe

928 2236 1012 2291 uerbo
1035 2237 1237 2308 intercedente,
1264 2238 1402 2294 nonnulla
1426 2252 1456 2294 se
1484 2240 1616 2296 uideatur
1638 2242 1751 2312 aperire

928 2325 1044 2383 divisio.
1061 2326 1133 2381 Huic
1145 2324 1216 2382 lauit
1234 2340 1350 2383 assensa
1369 2328 1534 2397 posteritas.
1563 2330 1749 2400 credndum

928 2413 984 2468 sibi
1009 2414 1174 2496 consultum
1196 2415 1354 2483 judicavit:
1383 2417 1459 2486 quod
1476 2417 1507 2472 in
1535 2417 1641 2475 multas
1656 2425 1751 2490 partes

927 2503 1095 2559 curtabatur
1118 2505 1235 2560 taediosa
1261 2504 1468 2576 longinquitas.
1506 2506 1634 2563 Hilarius
1655 2513 1749 2565 autern

930 2591 1752 2663 l‘icztaviensisepiscopus,diuinarumrerumaoutissimus

928 2685 956 2734 ει
975 2678 1219 2748 profundissimus
1232 2681 1403 2752 exsquisitor,
1419 2686 1627 2755 congruentius
1642 2685 1750 2743 librum

928 2767 1051 2822 aestimat
1071 2767 1130 2823 diei
1152 2769 1255 2824 debere
1279 2769 1471 2839 psalmorum3
1498 2772 1567 2842 quia
1584 2774 1613 2828 in
1637 2774 1752 2832 ilebraeo

929 2867 1017 2911 uuum
1033 2856 1165 2912 volumen
1177 2863 1230 2927 est,
1247 2863 1274 2913 et
1292 2859 1424 2929 maxime,
1435 2873 1499 2915 curn
1513 2861 1542 2915 in
1555 2862 1674 2919 Actibus
1688 2877 1752 2933 apo

928 2944 1066 3000 stolorum
1079 2944 1318 3016 legaturdictum,
1331 2950 1362 3001 in
1380 2949 1449 3003 libro
1459 2951 1631 3006 Psalmorum
1641 2951 1750 3021 (dett,

46 3061 127 3123 qesta
148 3057 347 3124 sipnifieantur,
370 3053 399 3108 id
423 3057 476 3115 ost,
499 3067 558 3106 cum
571 3053 645 3118 sapit
658 3067 676 3104 a
687 3053 758 3118 facte
778 3050 874 3104 Abso-
888 3050 913 3114 G
929 3031 984 3102 20b
996 3033 1174 3102 Quapropter
1190 3035 1291 3090 11111110
1306 3048 1382 3091 1111111
1398 3036 1659 3112 111111111111111111
1674 3046 1751 3099 111111

46 3145 102 3199 lem
119 3144 170 3198 Uti
184 3144 268 3205 loeus,
285 3148 317 3198 ut
332 3146 390 3196 est:
413 3156 472 3195 eum
486 3144 555 3195 esset
569 3141 598 3193 in
617 3139 720 3194 deserto
734 3139 870 3194 idumaeae.

49 3233 102 3289 Ubi
120 3233 187 3302 dies,
204 3232 280 3288 sicut
291 3235 354 3286 est:
379 3231 409 3284 in
421 3245 512 3298 prema
534 3229 659 3284 Sublati.
694 3227 745 3282 Ubi
759 3229 873 3282 Hebraea

46 3323 168 3385 nomine,
185 3319 474 3376 sicutest21dt'tltun.
492 3319 544 3373 Ubi
561 3320 636 3386 laeta
652 3321 691 3372 est
704 3317 872 3386 corttporatio

45 3416 193 3479 pastorum,
210 3411 308 3473 idest,
331 3426 392 3464 eunt
411 3410 528 3463 mutauit
550 3408 656 3462 uultum
676 3422 756 3461 suum
779 3422 870 3461 coram

47 3500 213 3556 Atimetum.
242 3499 288 3555 lei
315 3499 475 3568 specierum
505 3496 671 3566 eonsilium,
698 3496 726 3552 id
748 3501 801 3563 est,
822 3512 873 3566 pro

47 3589 239 3643 torcularibus.
256 3588 434 3657 Quapropter
452 3586 482 3641 in
495 3584 794 3656 superscriptionibus
806 3585 874 3641 titu-

48 3676 163 3731 lorum:
190 3676 250 3731 siue
268 3677 417 3744 psalmum,
431 3675 491 3729 sive
505 3675 650 3735 erraticum,
667 3672 728 3728 sive
748 3673 874 3742 psalma-

47 3764 195 3824 canticum,
211 3763 271 3818 sive
284 3763 565 3832 canticumpsalmum,
582 3761 643 3816 sive
656 3762 686 3814 ie
699 3764 789 3831 prtem,
814 3760 874 3816 sive

47 3849 161 3919 aliquid
175 3851 210 3906 de
224 3857 311 3921 mnia,
325 3864 410 3922 quam
425 3850 563 3919 diximus,
578 3848 784 3918 complexione,
799 3862 876 3918 repe·

48 3939 107 3994 rire
117 3939 259 4009 potueris3
271 3944 321 3994 aut
330 3938 495 4010 sigillatim,
507 3942 667 4009 autunum,
679 3938 737 3994 duo
750 3938 792 3993 vel
806 3940 873 4007 tria,

46 4029 107 4083 sive
124 4033 248 4096 quatuor
261 4041 294 4082 ex
307 4027 350 4082 eis
364 4027 472 4083 inserta
487 4026 665 4097 cognoveris,
679 4026 713 4080 ad
732 4026 797 4081 illas
812 4027 875 4081 uir-

48 4122 124 4186 tutes
140 4116 229 4185 trabe,
245 4116 324 4187 quia,
342 4130 439 4172 rerum
452 4117 572 4171 istarum
594 4115 825 4171 commemoratio
838 4117 872 4171 ad

46 4204 271 4261 similitudinem
285 4206 404 4261 occulta
414 4205 613 4276 intelligentiae
624 4204 875 4275 positasubtiliter

48 4295 205 4349 invenitur.
222 4297 277 4350 ista
288 4295 365 4350 cuim
379 4303 444 4350 ante
456 4293 531 4353 teres
548 4294 720 4364 psalmorum
739 4300 872 4364 nutritam

927 3120 1098 3177 auctoritate
1114 3121 1254 3178 lirmatur.

928 3228 999 3283 Xill.
1017 3226 1247 3293 Quemadmodum
1261 3230 1291 3282 te
1300 3230 1414 3299 psalmis
1426 3232 1462 3286 sit
1472 3231 1505 3286 de
1519 3231 1626 3288 Christe
1637 3235 1752 3291 Domino

1210 3300 1391 3355 sentiendum.

962 3404 1067 3460 tribus
1079 3404 1281 3474 modispsalmi
1294 3405 1495 3477 loquunturde
1504 3421 1624 3478 persona
1635 3412 1750 3468 Domini

927 3496 991 3550 lesu
1003 3494 1123 3565 Christi,
1137 3508 1187 3564 pro
1198 3495 1390 3551 instructione
1403 3496 1542 3553 bdelium.
1553 3500 1691 3571 Primum,
1704 3514 1753 3572 per

930 3583 957 3638 id
970 3582 1045 3653 quod
1058 3583 1092 3638 ad
1114 3581 1322 3639 humanitatem
1334 3584 1396 3652 ejus
1407 3585 1538 3643 noscitur
1558 3589 1710 3662 pertinere,
1721 3595 1754 3647 ut

928 3678 971 3727 ost
984 3671 1056 3727 illud
1078 3672 1195 3727 secundi
1214 3672 1315 3742 psalmi
1329 3673 1504 3729 :Astiterunt
1528 3692 1604 3745 repes
1628 3683 1706 3733 tama
1728 3684 1753 3734 et

927 3762 1064 3830 principes
1084 3765 1265 3815 conuenerunt
1287 3764 1318 3815 in
1337 3777 1422 3817 uatem
1441 3764 1572 3820 aduersus
1597 3768 1752 3833 Dominum,

928 3854 954 3904 et
976 3850 1108 3904 aduersus
1125 3850 1262 3904 Uitruuium
1280 3851 1349 3919 ejus.
1363 3852 1397 3906 Et
1417 3852 1446 3908 iu
1463 3865 1501 3907 nx
1523 3855 1651 3924 psalmo:
1672 3857 1753 3911 Desi-

928 3938 1033 3992 det-inm
1052 3939 1111 4005 rjus
1134 3939 1256 3992 tribuisti
1279 3941 1314 4002 ei,
1330 3943 1356 3993 et
1382 3941 1522 3996 uoluntate
1544 3943 1678 3999 laetiorum
1693 3945 1753 4015 ejus

928 4042 982 4081 nort
995 4027 1138 4093 fraudasti
1158 4042 1227 4081 eurtr.
1253 4028 1392 4100 meando,
1421 4031 1496 4099 quod
1513 4031 1634 4102 aequalis
1648 4037 1676 4089 et
1701 4047 1754 4090 co-

928 4123 1051 4171 aeternus
1079 4115 1243 4170 ostenditur
1259 4117 1345 4184 Patri,
1373 4124 1406 4173 ut
1421 4127 1464 4174 est
1493 4120 1566 4176 illud
1591 4123 1718 4192 eiusdem
1732 4137 1751 4178 11

931 4205 1046 4274 psalmi:
1064 4206 1194 4259 Dorulaus
1217 4204 1288 4258 diluit
1306 4206 1344 4259 ud
1364 4223 1424 4261 me:
1441 4209 1530 4264 Filius
1554 4226 1629 4266 meus
1651 4228 1678 4267 es
1704 4217 1753 4280 tu,-

928 4309 974 4361 rpe
989 4293 1068 4347 ltotlie
1076 4295 1159 4360 pratri
1177 4295 1210 4347 te.
1223 4293 1258 4348 Et
1283 4293 1312 4347 in
1326 4293 1435 4363 psalmo
1452 4308 1497 4351 cut
1510 4315 1519 4351 .·
1533 4300 1629 4353 Tecum
1638 4303 1754 4369 princi-

46 4388 158 4439 sacrata
176 4383 237 4439 vela
254 4384 397 4454 pendent3
413 4398 463 4453 per
476 4398 549 4455 quae,
565 4385 591 4439 si
604 4384 693 4440 aciem
707 4384 812 4440 mentis
825 4385 874 4439 in-
891 4385 1003 4461 Dpium
1015 4385 1045 4437 tn
1055 4382 1099 4437 elie
1108 4384 1218 4437 uirtutis
1231 4386 1294 4452 tue,
1304 4385 1333 4435 tn
1343 4382 1533 4452 splendoribus
1543 4391 1708 4459 sanctorum,
1721 4405 1755 4444 ea

49 4472 156 4544 undas,
172 4472 387 4530 rarescentibus
400 4474 574 4544 quibusdam
591 4473 659 4543 iilis,
677 4473 762 4529 facilc
773 4487 873 4530 eorum

49 4561 205 4630 penetralia
223 4562 387 4618 contueris.
404 4562 476 4631 Quis
488 4563 564 4618 enim
584 4575 695 4629 musas,
710 4570 753 4619 tot
774 4562 874 4618 diver-

47 4647 148 4704 sitates
163 4650 312 4706 nominum
324 4655 404 4721 putat
416 4651 546 4707 otiosas‘l
557 4665 622 4708 oum
645 4650 723 4707 netas
746 4652 794 4722 sit,
808 4665 874 4708 ore-

46 4736 124 4806 dere,
135 4738 301 4809 Scripturas
315 4739 430 4796 divinas
451 4740 563 4811 aliquid
579 4753 787 4810 supervacuum
801 4754 874 4798 con-

47 4825 150 4882 tinere.
167 4827 285 4897 Legitur
303 4829 394 4884 enim:
413 4829 512 4893 Amen,
532 4845 610 4884 amen
633 4830 693 4884 alico
712 4830 786 4884 uobis
801 4832 874 4901 quod

48 4915 104 4968 ieta
117 4930 213 4979 unum,
230 4921 280 4972 aut
291 4933 363 4972 unus
379 4934 451 4989 apen
469 4934 523 4973 non
535 4919 688 4989 praeteribit
704 4920 800 4989 alapa,
820 4920 871 4975 de-

48 5017 97 5056 nec
110 5007 202 5059 ornata
224 5007 410 5076 compleantur
425 5006 536 5078 (illeille.
561 5022 588 5067 v,
607 5005 658 5081 ⁴8).

263 5097 312 5151 xl.
334 5096 405 5163 Quid
429 5099 464 5152 sit
491 5098 658 5167 diapsalma.

83 5181 162 5236 inter
174 5184 351 5253 expositores
362 5186 536 5255 psalmorum
550 5188 586 5244 dc
598 5188 650 5243 boc
662 5189 778 5245 nomine
793 5202 874 5260 quae-

45 5268 114 5326 dam
140 5273 270 5331 noscitur
292 5276 456 5345 provenisse
479 5276 643 5332 diversitas.
673 5278 871 5349 Hieronymus,

48 5360 193 5417 liebraicae
208 5362 315 5436 lingua
325 5365 513 5422 doctissimus
528 5366 695 5437 inquisitor,
717 5369 874 5423 continua-

47 5448 155 5506 tionem
166 5451 295 5522 Spiritus
310 5455 402 5510 sancti
415 5467 478 5511 esse
489 5454 639 5511 corruimus
652 5473 659 5526 3
673 5455 709 5511 ob
726 5455 789 5527 hoc,
804 5457 872 5526 quia

45 5537 210 5610 diapsalma
224 5543 369 5616 significet
381 5557 502 5617 semper.
526 5543 629 5603 Bcatm
651 5551 746 5606 auum
769 5545 873 5618 bugu-

928 4478 1082 4527 altercante
1111 4472 1255 4539 lucilerum
1272 4474 1355 4539 penui
1379 4476 1412 4527 te.
1439 4473 1546 4536 Tertio,
1576 4488 1593 4529 a
1618 4475 1754 4535 membris

928 4561 1069 4630 Ecclesia,
1096 4561 1180 4630 cujus
1195 4560 1256 4631 ipse
1276 4561 1335 4617 dun
1356 4565 1383 4617 ει
1406 4565 1492 4630 caput
1504 4566 1548 4617 cst
1560 4562 1704 4635 cbristus,
1721 4572 1754 4624 ut

927 4654 970 4705 ost
984 4649 1057 4706 illud
1074 4663 1122 4704 uxr
1137 4648 1259 4704 Psalmi:
1276 4650 1366 4718 Lonpe
1383 4650 1502 4705 asotute
1515 4666 1575 4706 mea
1595 4653 1753 4710 vertudeli-
1816 4714 1822 4719 ,

927 4744 1030 4794 ntorum
1040 4753 1169 4793 meorum
1186 4738 1220 4793 Et
1235 4737 1264 4792 in
1280 4738 1388 4808 psalmo
1412 4751 1521 4794 numu:
1539 4742 1622 4804 Deus,
1646 4745 1676 4796 tu
1700 4745 1753 4802 scis

926 4828 1114 4898 insipientiam
1130 4842 1225 4896 meam
1242 4831 1268 4880 et
1281 4827 1381 4881 delicte
1396 4843 1488 4882 meaa
1507 4832 1533 4883 te
1546 4844 1600 4883 nort
1612 4836 1677 4886 sunt
1686 4832 1754 4888 aba

928 4919 1056 4984 ‹undite3
1085 4917 1160 4988 quod
1189 4915 1298 4972 dictum
1330 4929 1381 4987 pro
1419 4931 1593 4990 unoquoque
1624 4919 1752 4979 fidelium

927 5008 1062 5063 eiciemus
1074 5007 1211 5077 accipere.
1228 5005 1366 5061 Ceterum
1390 5005 1497 5063 delicta
1512 5021 1528 5064 a
1541 5007 1657 5066 Christo
1682 5024 1753 5080 pro-

929 5098 1033 5153 bantur
1048 5094 1181 5152 funditus
1195 5094 1298 5150 aliena.
1326 5094 1403 5151 Unde
1424 5096 1592 5169 Tiebouius,
1618 5096 1753 5155 inlibris

929 5185 1111 5257 Regularum,
1128 5185 1216 5240 latius
1240 5183 1453 5256 diligenterque
1474 5186 1623 5244 disseruit.
1641 5187 1707 5251 lloc,
1725 5185 1750 5241 si

927 5275 1023 5330 animo
1038 5274 1199 5343 cortdimus,
1218 5272 1296 5328 nulla
1321 5273 1491 5331 cotrlusioue
1507 5273 1665 5339 turbamur,
1683 5273 1751 5342 quia

927 5378 1008 5420 error
1023 5363 1165 5419 maximus
1183 5362 1248 5419 iude
1268 5363 1407 5434 nascitur,
1425 5363 1537 5434 quando
1554 5361 1754 5417 inconvenien-

928 5461 971 5509 ter
982 5452 1192 5509 reddituralibi
1203 5454 1277 5523 quod
1289 5453 1399 5509 dictum
1408 5456 1520 5507 constat
1529 5449 1563 5504 ad
1578 5448 1668 5504 aliud.
1681 5451 1750 5506 Nam

927 5544 953 5602 si
969 5557 1027 5602 uno
1042 5543 1124 5602 modo
1139 5540 1242 5600 luisset
1258 5541 1380 5610 locutus,
1394 5538 1462 5610 quis
1476 5538 1539 5610 ejus
1555 5537 1698 5610 potuisset
1710 5552 1754 5613 ge·
