3876 6090
108 237 166 296 affl

502 243 772 300 nmenrnararro
789 242 913 300 simoni
932 242 980 298 vu
998 243 1199 304 canamus.
1213 281 1250 291 -
1266 252 1366 310 norro
1385 256 1415 309 v.
1507 230 1515 248 '

1767 256 1821 316 354

110 367 360 438 sist11n13quique
369 368 500 424 habitant
512 371 867 440 eaquedlcunturcaslra
873 372 939 440 jux·
955 379 980 434 Α
998 372 1047 441 qui
1066 368 1156 448 [non]
1173 376 1350 444 splendebit:
1368 384 1396 434 et
1408 379 1661 436 anathematizabit
1679 378 1823 455 [calatha

112 462 139 510 ta
168 458 315 512 civitatem
341 459 578 528 Prophyreonem‚
609 461 637 515 in
660 460 817 515 venerabili
845 462 938 530 domo,

113 561 197 616 quarn
211 548 269 601 Deo
293 546 434 615 placabile
451 548 602 617 imperium
623 554 747 605 vestrum
772 551 860 618 Jussit
878 550 940 605 illic

113 635 338 703 edificarl.Quae
353 635 504 691 subtiliter
518 637 590 692 sciet
605 645 696 692 vestra
712 639 855 694 divinitus
868 653 941 693 con-

115 725 250 780 servanda
276 725 477 794 tranquillitas
493 739 541 794 per
562 739 593 781 ea
609 740 672 796 qum
696 727 856 797 significata
872 732 940 782 sunt

115 813 275 868 humilitati
291 813 940 884 nostraeaPaulosanctissimocpiscopoeyus

113 902 170 957 dem
187 902 412 975 Porphyreonis‚
429 909 456 957 el
470 904 555 959 missa
568 910 635 958 sunt
647 904 730 959 nobis
745 919 760 959 a
774 904 939 960 beatissimo

116 991 240 1046 Orientis
255 993 430 1062 patriarcba,
442 992 492 1062 qul
509 993 610 1061 etipse
625 1007 712 1062 super
723 993 776 1048 hoc
786 994 940 1048 veliemen-

117 1080 274 1135 terdoluit·
289 1088 396 1150 quanto
407 1081 731 1151 magismansnetissimi
746 1077 819 1154 lde,
834 1081 936 1151 quidni

118 1169 185 1223 enim
200 1167 314 1242 mansl
330 1169 666 1238 principes‘lPrresertim
676 1184 740 1226 cum
751 1176 779 1224 et
792 1171 939 1226 inanima-

118 1263 156 1314 tos
170 1258 283 1327 lapides
294 1257 460 1326 hujusmodi
477 1258 638 1327 impietates
649 1258 739 1314 lacere
750 1256 868 1332 [facile]
882 1257 939 1314 sui-

120 1347 228 1402 bcerent
247 1347 419 1416 exclamare,
433 1361 505 1416 quas
530 1348 559 1402 ln
577 1349 725 1418 presentia
741 1348 815 1403 vidit
831 1348 939 1416 praedi-

120 1442 175 1490 ctus
187 1435 393 1494 sanctissimus
409 1435 546 1505 pontifex.
560 1438 669 1492 Etenim
683 1451 770 1506 snper
781 1441 898 1493 mortem
909 1440 938 1491 el

121 1525 936 1597 perditionemreputatumcstabhumilitatenostra.qu0d

121 1627 227 1684 quoquo
243 1616 329 1669 modo
340 1615 374 1669 ad
387 1615 505 1670 auditus
517 1621 630 1670 nostros
640 1615 748 1670 venerit
759 1616 826 1670 talis
840 1616 939 1684 impie·

999 461 1165 536 matizabitl
1182 478 1230 520 eos
1244 465 1272 520 in
1286 464 1475 522 inferioribus
1487 467 1582 538 abyssi
1598 469 1783 538 ipsesanctus
1793 480 1822 529 et

996 551 1177 619 omnipotens
1188 553 1315 623 Spiritus
1326 556 1391 610 lesu
1402 556 1510 611 Christi
1522 558 1636 612 Domini
1649 560 1751 628 nostri,
1768 562 1819 631 qui

995 651 1029 693 ex
1045 641 1126 696 Patre
1142 642 1280 714 procedit,
1295 644 1332 703 ad
1354 644 1528 713 perdendum
1549 645 1615 701 illos
1631 646 1660 701 ln
1678 647 1821 704 inllnitam

996 729 1195 795 perditionem.
1213 732 1292 786 llunc
1316 732 1392 786 enim
1416 733 1506 788 zelum
1529 732 1610 789 vobis
1625 740 1752 805 strenue,
1766 738 1822 792 Deo

994 819 1178 873 conservandi
1202 824 1230 873 et
1252 819 1486 890 triumphatores,
1513 821 1542 876 in
1572 821 1666 891 ipsum
1689 824 1821 893 quicum

995 903 1099 972 pietate
1114 911 1205 961 vestra
1227 912 1335 978 regnat,
1353 908 1533 980 unigenitum
1554 910 1822 968 demonstrantibus

993 993 1092 1064 neum,
1110 1009 1196 1064 super
1219 996 1392 1052 sacrillcium
1411 997 1531 1053 Abrabae
1557 999 1759 1069 suscipiemini
1784 1001 1820 1057 ab

993 1082 1056 1149 ejus
1070 1089 1236 1139 cunctorum
1255 1085 1424 1154 inspectrice
1446 1086 1571 1141 deitate:
1588 1088 1689 1144 eterit
1706 1103 1821 1159 peram-

995 1171 1071 1240 plius
1086 1171 1277 1239 benedictum,
1290 1175 1416 1243 potentia
1427 1175 1546 1231 virtutis
1556 1177 1631 1246 ejus,
1647 1181 1675 1232 et
1692 1178 1821 1250 magnill-

993 1265 1087 1314 catum
1108 1261 1223 1316 Christo
1245 1262 1383 1318 dilectum
1412 1264 1565 1332 imperium
1594 1271 1820 1337 restrumsuper

993 1349 1089 1403 omnia
1111 1351 1297 1418 procedentia
1311 1365 1415 1423 regna:
1439 1353 1576 1422 quoniam
1592 1354 1648 1423 ipsi
1664 1360 1709 1410 est
1724 1356 1817 1427 gloria

994 1437 1023 1492 in
1040 1438 1142 1493 saecula
1155 1439 1335 1495 saeculorum.
1352 1440 1450 1496 Amen.

1028 1527 1163 1583 Taraslus
1189 1528 1391 1584 sanctissimus
1418 1530 1579 1598 patriarcha
1601 1531 1695 1587 dixit:
1719 1533 1817 1590 Nostis

994 1615 1105 1684 qualem
1122 1617 1290 1671 sententiam
1304 1618 1469 1674 exhibuerit
1480 1621 1587 1674 Pater‘l

122 1703 568 1772 lasquaesuperexceditomnem
581 1697 979 1774 actionemblasphemam‚B
1028 1705 1152 1759 Basilius
1172 1705 1373 1762 sanctissimus
1394 1708 1547 1777 episcopus
1577 1708 1695 1781 dncyrae
1719 1711 1812 1768 dixit:

124 1797 314 1862 presumptam
332 1793 360 1847 in
378 1793 514 1861 idipsum
536 1793 585 1848 Dei
614 1792 745 1861 Verbum,
768 1794 842 1863 qued
867 1808 936 1862 pro-

125 1886 174 1949 pler
184 1895 237 1936 nos
253 1882 433 1936 incarnatum
447 1886 499 1949 est,
513 1887 541 1935 et
553 1882 582 1936 in
598 1882 808 1937 sanctissimam
825 1896 858 1936 ac
871 1883 937 1953 gle-

125 1970 218 2025 riosam
245 1971 296 2025 Dei
327 1970 504 2041 genitricem,
529 1974 614 2040 atque
644 1971 673 2024 in
697 1970 885 2026 venerabilem
904 1986 936 2026 ac

125 2061 266 2127 pretiosam
280 2073 404 2121 crucem,
422 2073 528 2114 necnon
546 2066 574 2113 et
596 2059 625 2114 in
641 2066 753 2115 sanctos
771 2061 841 2129 ejus.
865 2061 937 2115 Pro-

128 2154 176 2216 pter
190 2148 264 2216 quod
280 2152 533 2203 commemorantes
547 2148 728 2218 suggerimus
741 2149 850 2203 divinis
860 2149 936 2203 auri-

127 2234 289 2306 busxestrls,
303 2236 438 2305 quoniam
453 2236 477 2290 si
493 2235 630 2304 piissima
643 2235 781 2291 bonarum
794 2236 935 2292 victoria·

129 2338 176 2379 mm
197 2332 356 2380 vestrarum
378 2324 455 2395 leges
474 2323 585 2392 iubent,
610 2324 733 2395 imagine
754 2326 935 2393 imperatoris

128 2412 230 2481 injuriis
241 2413 384 2482 lacessita,
399 2413 482 2467 morti
492 2427 671 2482 supremaeac
683 2414 935 2482 perniciosissimae

78 2510 80 2531 ³
128 2501 272 2566 tradendos,
292 2502 342 2572 qui
360 2502 413 2557 hoc
428 2501 524 2556 conari
553 2502 795 2570 presumpserint,
816 2508 932 2572 quanta.

131 2594 204 2661 putas,
214 2590 297 2662 digni
309 2595 378 2645 sunl
392 2589 574 2645 damnatione
588 2589 616 2644 in
629 2590 829 2659 perditionem.
841 2591 889 2660 qui
904 2591 933 2646 in

131 2677 264 2749 imaginem
278 2678 345 2733 Filii
366 2679 415 2733 Dei
432 2685 460 2732 et
473 2678 662 2733 sanctissimae
678 2692 710 2733 ac
733 2679 863 2748 gloriosae
881 2678 932 2734 Dei

131 2765 339 2822 Genitriciscum
351 2767 428 2821 omni
442 2766 580 2821 ineliabili
596 2763 773 2840 [indicibili]
787 2766 934 2835 impuden

132 2852 512 2925 tiaetimpietate,etpropter
523 2855 640 2909 nimiam
651 2855 802 2925 malitiam,
814 2869 869 2910 non
888 2855 933 2909 ha-

132 2939 244 3013 beoqnod
254 2944 360 3014 dicam,
370 2943 439 2998 talia
449 2949 699 3012 presumpserunt,
711 2943 789 2998 nulla
802 2943 831 2999 in
844 2942 933 2998 cisla-

991 1792 1082 1846 Etiam
1095 1793 1273 1863 indulgentia
1288 1809 1336 1849 eos
1352 1795 1486 1867 indignos
1496 1797 1650 1864 judicavit.

1025 1881 1145 1935 loairnes
1170 1883 1424 1938 reverendissimus
1448 1885 1613 1955 monachus,
1637 1890 1664 1941 et
1687 1887 1815 1945 vicarius

990 1969 1180 2025 Orientalium
1196 1971 1469 2040 pontillcumdixit:
1480 1972 1580 2043 Liquet
1591 1974 1815 2047 omnibus,quia

990 2057 1136 2113 Samaritae
1153 2059 1262 2127 pejores
1285 2065 1353 2114 sunt
1376 2058 1445 2114 allis
1460 2059 1619 2116 haereticis:
1645 2070 1674 2117 et
1696 2063 1815 2119 heresis

989 2161 1086 2202 eorum
1108 2147 1196 2202 nimis
1211 2148 1351 2216 ejicienda
1370 2153 1397 2203 et
1412 2162 1495 2216 pram
1510 2153 1564 2220 est,
1580 2154 1607 2204 et
1622 2164 1637 2205 a
1652 2152 1744 2221 gratia
1756 2165 1815 2207 om-

989 2235 1810 2308 ninolonginqua.ltaqueoratiodemonstravitquouiam

990 2324 1018 2379 bi
1031 2325 1080 2394 qui
1089 2325 1266 2380 venerabiles
1278 2326 1376 2380 iconas
1384 2325 1563 2394 subvertunt,
1575 2327 1733 2383 deteriores
1743 2333 1812 2383 suut

990 2412 1066 2467 istis.
1079 2413 1203 2483 Dignum
1219 2427 1285 2483 ergo
1300 2418 1344 2468 est
1356 2409 1430 2485 [dr·.‚
1441 2412 1517 2468 Satis
1534 2417 1628 2469 autem
1641 2412 1700 2488 cst]
1714 2414 1812 2471 nomi-

990 2513 1056 2554 nare
1068 2500 1134 2554 illos
1153 2500 1316 2556 samaritas.

1023 2588 1227 2643 Constantinus
1256 2588 1459 2644 sanctissimus
1481 2588 1618 2657 epicopus
1638 2588 1813 2646 Constantia

987 2676 1156 2745 Cypridixit
1167 2695 1173 2730 :
1184 2678 1241 2747 Ego
1251 2676 1367 2745 quidem
1380 2675 1537 2747 imaginum
1553 2675 1723 2732 infractores
1733 2681 1813 2734 tanto

989 2765 1264 2833 pejoresSamaritis
1284 2764 1421 2826 arbitror,
1447 2769 1554 2834 quanto
1582 2764 1626 2819 illi
1648 2765 1813 2836 ignoranter

987 2857 1116 2923 egerunt,
1140 2867 1206 2907 cum
1234 2857 1329 2908 essent
1349 2852 1438 2907 alieni
1461 2866 1477 2906 a
1503 2853 1735 2908 christianismo.
1761 2854 1812 2909 Isti

987 2954 1052 2994 vero
1067 2941 1190 2995 scienter
1205 2939 1343 3003 lecerunt,
1364 2946 1392 2996 et
1409 2940 1502 2996 idciro
1518 2940 1631 3012 indigni
1647 2946 1716 2996 sunt
1730 2942 1812 2998 satis

133 3031 648 3087 clamisricordiaiUndeobsecramus
659 3031 930 3087 victoriosissimum
947 3033 971 3098 c
987 3026 1129 3098 lactione3
1143 3030 1310 3084 sicutenim
1325 3030 1465 3099 scriptum
1483 3034 1546 3085 est:
1564 3029 1616 3095 Qui
1630 3035 1704 3084 novit
1716 3031 1813 3085 volun-

134 3118 262 3190 inperium
278 3127 414 3190 vestrum,
439 3134 472 3176 ne
494 3120 580 3176 saciat
596 3120 822 3175 misericordiam
839 3121 869 3175 in
883 3134 932 3176 eos

135 3207 167 3276 qui
175 3208 222 3264 hoc
229 3223 313 3281 agere
323 3209 386 3265 ausi
399 3214 476 3273 sunt,
489 3223 579 3278 neque
589 3214 686 3277 parcat
698 3209 750 3279 eis,
764 3222 854 3279 neque
866 3222 932 3280 qna-

134 3291 278 3368 lemcunque
299 3298 521 3368 postulationem
546 3297 588 3352 vel
615 3298 752 3353 rationem
768 3311 854 3367 snper
870 3297 931 3352 illis

134 3385 238 3456 arripiat,
257 3400 292 3441 ne
304 3386 333 3440 in
348 3385 428 3441 aliud
443 3386 512 3455 quid
524 3390 680 3447 vertantur,
699 3386 785 3441 siculi
797 3387 855 3454 jam
865 3386 929 3440 visu

133 3470 241 3544 riderem,
263 3474 396 3530 indicans
417 3474 545 3545 Augusto
566 3488 661 3529 mense
677 3474 860 3530 sanctissimo
872 3477 930 3529 eta

132 3556 424 3617 hohonorabilissimo
443 3561 798 3633 patriarchae,slgnilrca1ls
813 3562 929 3617 interim

133 3643 248 3720 lmapud
273 3664 303 3706 sc
324 3651 511 3706 servandum:
530 3663 620 3721 neque
645 3651 721 3705 enim
748 3649 930 3706 abscondita

133 3736 191 3792 nobis
205 3741 278 3795 Deus
299 3739 489 3810 cogitationes
503 3752 611 3794 eorum.
629 3736 708 3793 Unde
731 3745 827 3795 certus
853 3753 926 3808 sum,

132 3836 215 3896 anyer
228 3828 351 3901 Augusti
369 3828 565 3898 imperatores,
580 3827 655 3896 quod
672 3841 727 3882 non
743 3827 860 3883 suderat
872 3830 928 3883 Deo

131 3908 303 3973 confirmation
319 3931 368 3971 cor
383 3920 519 3984 vertrum,
534 3917 608 3986 quod
624 3916 717 3984 ipsios
731 3922 774 3971 est
788 3916 927 3986 magnitu-

131 3997 481 4073 lineilluslratum,tantam
498 4004 925 4074 inhorrerentiaeprnmclmtem

131 4091 927 4163 loamnunquamhucusqucaudiyimus,lortassisautcm

131 4181 246 4238 paralius
259 4182 412 4252 quisquam
431 4181 657 4237 chritianorum.
672 4182 724 4237 Sed
744 4182 846 4250 adjuro
866 4195 925 4252 vos,

130 4263 227 4340 domine,
242 4285 293 4341 per
306 4272 469 4326 Emmanuel
483 4273 569 4325 Deum
585 4271 739 4341 excelsum,
755 4284 789 4325 nc
804 4270 927 4326 sudera-

131 4449 197 4518 tam:
211 4451 257 4506 sed
270 4448 398 4519 y'ubcatis
412 4448 526 4518 exquiri
540 4448 626 4504 etiam
648 4448 698 4503 illa
723 4462 787 4518 quae
798 4448 826 4503 in
841 4453 926 4518 puteo

131 4528 181 4591 lacta
192 4543 256 4594 sunt
278 4553 296 4594 a
313 4538 403 4593 nimia
418 4551 515 4594 eorum
530 4544 558 4594 et
574 4538 696 4607 pessima
713 4538 858 4608 nequitia,
878 4551 928 4592 se-

130 4627 228 4683 eundum
243 4633 369 4684 tenorem
381 4626 508 4695 epistolae
520 4641 582 4697 quaa
594 4627 628 4681 ad
642 4632 766 4681 nostram
779 4623 926 4681 mediocri·

131 4713 190 4770 beu
204 4715 372 4771 transmissa
388 4720 448 4770 est:
467 4715 584 4770 minime
603 4715 782 4780 permittente
798 4727 926 4769 mansue

131 4799 216 4860 lissima
226 4803 423 4861 dominatione
433 4807 535 4858 vestra.
553 4803 577 4858 si
590 4802 662 4858 sorte
678 4803 840 4872 putaverint
855 4801 926 4872 qui-

128 4887 172 4946 lam
183 4893 376 4950 subseminare
393 4893 573 4962 importunos
586 4907 740 4959 sermones,
760 4907 824 4948 cum
841 4895 922 4965 quasi

126 4972 256 5038 bomine-e
271 4983 331 5038 sint
347 4981 496 5052 potestatis
511 4979 584 5054 lde,
597 4996 623 5051 q.
641 4981 676 5036 ad
692 4982 817 5037 domine
831 4985 849 5038 i.
862 4986 925 5039 hu-

125 5079 192 5137 ynslae
207 5077 372 5142 potestatem
395 5068 586 5145 pertineant]‚
603 5073 659 5127 Deo
675 5072 724 5141 qui
742 5072 822 5127 dedit
843 5073 924 5129 vobis

123 5153 371 5230 inperiumtaliter
383 5173 469 5228 super
483 5172 593 5214 omnem
611 5159 784 5229 impietatem
805 5160 924 5230 iniuriis
945 5216 953 5230 ,

121 5245 216 5308 alato:
235 5256 266 5305 ut
278 5256 306 5304 et
317 5248 413 5304 caeteri
426 5261 525 5304 eorum
535 5248 665 5303 timorem
681 5248 802 5304 habeant
811 5250 925 5305 curactis

118 5332 201 5394 liebus
219 5338 379 5394 maledictae
393 5350 426 5391 ac
441 5337 672 5407 segregatarum
688 5337 833 5405 ipsorum:
852 5352 924 5407 ques

115 5428 297 5499 etsuscipient
309 5430 437 5497 cognate
453 5425 574 5480 tenebra:
589 5440 649 5481 suae
670 5426 699 5480 in
712 5426 923 5482 damnationem

113 5517 202 5573 remis
213 5512 361 5591 [cineris]
379 5515 430 5585 qui
453 5520 633 5572 comesturus
649 5519 693 5571 est
705 5514 781 5586 illos,
806 5519 834 5571 et
847 5515 924 5588 ignis

987 3122 1068 3171 totana
1100 3119 1203 3172 domini
1230 3120 1283 3179 sui,
1310 3123 1335 3171 et
1360 3133 1415 3171 oon
1442 3119 1521 3184 facit,
1548 3119 1692 3187 oapadobit
1716 3120 1812 3173 multis

985 3206 1064 3277 (Luc.
1082 3207 1127 3278 11).

1020 3296 1156 3351 Nicolaus
1184 3295 1386 3351 sanctissimus
1412 3295 1564 3365 episcopus
1593 3295 1688 3366 Cyzici
1712 3295 1808 3351 dixit:

985 3383 1055 3438 Ecce
1069 3396 1120 3453 ego
1144 3397 1242 3438 servus
1266 3383 1404 3438 minimus
1419 3383 1558 3438 sanctatis
1577 3388 1677 3438 vestrae
1698 3383 1806 3438 librum

985 3470 1080 3527 desero
1096 3471 1186 3526 sancti
1200 3471 1293 3526 Patris
1308 3470 1399 3525 nostrl
1414 3469 1533 3526 loannis
1547 3470 1673 3539 episcopi
1693 3471 1809 3525 Thessa-

985 3559 1096 3629 lonicae,
1112 3564 1140 3614 et
1153 3559 1266 3629 postulo
1280 3558 1406 3613 recitari.

1019 3649 1120 3704 Sancta
1136 3648 1262 3718 synodus
1276 3646 1367 3702 dixit:
1387 3646 1542 3702 lleeitetur.

1019 3739 1054 3792 Et
1065 3737 1211 3805 accipiens
1221 3736 1382 3791 Demetrius
1400 3735 1806 3792 reverendissimusdiaconus

983 3830 1011 3881 et
1025 3824 1224 3895 sceuophylas,
1235 3824 1315 3895 legit.

982 3971 1096 4024 loannis
1113 3970 1230 4039 episcopi
1255 3969 1448 4022 Thessalonica
1462 3968 1495 4021 dc
1510 3969 1730 4040 sermonemque
1747 3970 1808 4023 ini-

1327 4042 1396 4093 tium
1408 4045 1464 4092 cst:

994 4175 1112 4251 'Usque
1137 4195 1212 4236 nunc
1240 4179 1392 4236 Dominum
1416 4183 1544 4236 nostrum
1559 4184 1587 4235 et
1605 4180 1699 4237 lesum
1726 4179 1806 4236 Chri·

983 4274 1059 4325 stum
1073 4273 1184 4325 tentans
1199 4270 1358 4338 perseverat
1377 4266 1515 4322 inimicus
1532 4267 1561 4322 ln
1576 4281 1678 4323 eremo.
1696 4268 1730 4323 Et
1742 4272 1805 4337 post

130 4353 254 4415 tissaltem
268 4361 303 4416 ad
321 4360 464 4415 modicum
489 4360 559 4429 quid
582 4359 644 4414 lieri
659 4360 802 4415 decentem
827 4359 928 4414 vindi-
942 4371 968 4431 y)
983 4372 1089 4429 pauca:
1106 4357 1230 4413 Gentilis
1243 4356 1337 4412 dixit:
1361 4357 1415 4410 Vos
1430 4368 1497 4425 erga
1514 4355 1544 4410 iu
1559 4354 1690 4410 ecclesiis
1707 4355 1806 4426 imagi·

982 4461 1032 4503 nes
1050 4461 1105 4503 non
1121 4446 1243 4517 pingitis
1265 4444 1373 4500 sanetis
1387 4442 1500 4513 vestris,
1524 4447 1553 4498 et
1573 4443 1701 4499 adoratis
1714 4442 1805 4499 illas‘l

981 4542 1009 4592 et
1024 4550 1079 4592 raon
1091 4536 1183 4591 solum
1197 4534 1316 4605 sanctis,
1332 4533 1380 4589 sed
1393 4539 1422 4588 et
1433 4533 1489 4602 ipsi
1499 4534 1556 4587 Deo
1568 4536 1680 4587 vestro:
1698 4531 1740 4587 sic
1752 4545 1804 4586 er-

981 4640 1016 4697 go
1028 4625 1137 4680 aestima
1152 4629 1179 4679 et
1195 4638 1246 4678 nos
1257 4622 1410 4678 simulacra
1435 4618 1560 4677 circumi
1576 4625 1682 4690 ventes,
1699 4634 1755 4676 uun
1768 4633 1800 4676 ea

980 4716 1107 4785 adorare,
1124 4713 1171 4768 sed
1188 4711 1381 4780 incorporales
1393 4712 1524 4766 virtutes.
1539 4725 1601 4781 que
1616 4724 1665 4780 per
1679 4709 1729 4766 illa
1746 4709 1802 4779 pla·

979 4810 1090 4858 cantur.
1105 4804 1225 4857 Sanctus
1244 4800 1337 4855 dixit:
1352 4800 1404 4855 Sed
1420 4814 1471 4855 nos
1488 4799 1627 4870 imagines
1650 4798 1799 4856 hominum

981 4892 1130 4960 laetorum,
1142 4896 1304 4945 sanctorum
1320 4889 1454 4944 videlicet
1466 4902 1611 4944 servorum
1627 4891 1676 4943 Der
1691 4892 1719 4943 et
1730 4902 1800 4944 cor-

981 4996 1049 5052 pora
1065 4981 1217 5036 serentium
1240 4976 1362 5034 lucianus
1385 4977 1419 5032 ad
1444 4977 1650 5033 recordandum
1665 4983 1692 5034 et
1709 4978 1802 5034 bono·

981 5071 1175 5126 randumeos:
1191 5074 1218 5123 el
1229 5066 1304 5122 nihil
1320 5067 1509 5137 incongruum
1521 5078 1673 5134 operamur
1687 5065 1801 5137 pingen-

980 5165 1079 5215 tcscos
1090 5157 1188 5228 quales
1203 5163 1230 5212 et
1246 5155 1381 5211 luerunt:
1397 5154 1575 5224 nequeenim
1591 5155 1705 5227 agimus
1719 5150 1797 5227 [de.

981 5244 1133 5321 fingimus]
1149 5246 1304 5302 secundum
1319 5259 1378 5313 aas,
1391 5257 1482 5315 raeque
1494 5242 1720 5314 incorporalium
1732 5257 1801 5312 quo

980 5339 1109 5393 rumdam
1139 5335 1302 5405 corporales
1340 5333 1519 5388 characteres
1551 5333 1795 5388 demonstramus:

979 5426 1027 5483 sed
1042 5431 1070 5480 el
1084 5425 1244 5493 adorantes,
1271 5436 1326 5479 non
1355 5422 1504 5493 imagines,
1522 5424 1553 5476 ut
1576 5421 1662 5475 etiam
1676 5423 1707 5473 tu
1732 5431 1798 5486 prae

978 5514 1092 5584 dixisti,
1106 5514 1154 5570 sed
1169 5512 1282 5584 eosqui
1300 5525 1350 5582 per
1362 5511 1502 5581 picturam
1525 5507 1701 5576 indicantur,
1712 5502 1798 5575 glori·
