3876 6090
428 217 560 275 PSEUDO
579 219 786 281 ltilTrulNul
804 227 867 282 ltu.
888 230 933 284 DE
953 230 1039 285 vlits
1059 231 1143 286 ROM.
1164 234 1263 289 roal.

340 556 1365 706 pssum-mirrensium

792 786 913 855 liliata

92 947 192 1058 ult
261 950 751 1069 Poullltcttll
816 961 1310 1078 ROMANORUM
1380 967 1615 1077 lillis

748 1164 956 1183 Μ

735 1300 973 1372 paullulo.

593 1455 650 1516 (Es
666 1457 778 1508 editione
793 1459 947 1521 Mogontina
964 1463 1025 1512 nani
1040 1463 1123 1527 lita.)

740 1610 943 1624 ----....

92 1726 157 1800 dlit,
170 1730 261 1787 amice
274 1733 381 1816 lector,
396 1736 560 1794 vernalibus
570 1738 658 1807 nujus
673 1738 742 1794 anui
754 1735 824 1794 4609
839 1739 865 1798 Α
879 1743 992 1812 rantur,
1012 1756 1075 1812 qna
1096 1756 1152 1798 non
1169 1743 1305 1799 ridentur
1329 1741 1455 1814 prolecta
1474 1743 1532 1799 nisi
1553 1742 1637 1800 abeo
1655 1741 1706 1812 qni

95 1798 153 1864 nis,
166 1803 428 1887 lloguntrnistypis
450 1810 825 1879 expressaperretustisori·
877 1812 1005 1868 Formcsi
1020 1813 1262 1884 decessorumque
1276 1815 1339 1883 ejus
1363 1814 1542 1884 temporibus
1563 1813 1706 1879 duruerit,

92 1869 256 1929 ,anasum
275 1877 302 1931 S.
322 1879 353 1932 lt.
373 1879 403 1933 E.
423 1879 649 1950 bibliothecarii,
667 1882 703 1937 de
724 1894 822 1937 norem
878 1881 935 1937 imo
960 1882 995 1938 ab
1018 1896 1051 1939 en
1088 1885 1117 1939 ui
1150 1886 1178 1938 in
1207 1885 1396 1954 Westplralia,
1415 1885 1458 1940 vel
1479 1886 1614 1953 saxonia,
1628 1888 1661 1940 ut
1675 1883 1707 1938 in

96 1949 211 2026 centnm
224 1948 390 2031 pontillcum
403 1951 593 2007 Romanorum
603 1953 675 2008 Vitis
685 1951 821 2020 Historia,
878 1954 1049 2009 monasterio
1067 1899 1246 2024 corbeiensi,
1276 1954 1476 2025 llirsleldensi,
1495 1955 1538 2011 vel
1566 1948 1705 2011 fuldensi

105 2025 197 2096 rarus
217 2031 275 2073 mss
308 2021 440 2076 codicum
460 2022 634 2079 lectionibus
654 2022 820 2092 illustrata,
877 2025 1182 2093 tunctorentissimis,
1194 2026 1309 2081 viserit.
1324 2028 1393 2082 Nam
1411 2026 1439 2081 in
1454 2026 1580 2081 Adriano
1593 2027 1604 2079 l
1618 2023 1706 2080 refert

99 2098 168 2154 quia
180 2086 266 2142 aliam
290 2092 415 2159 ejusdem
439 2094 611 2165 argumenti,
632 2100 660 2149 et
674 2108 754 2165 aeque
772 2107 823 2149 re-
876 2095 1010 2151 carolum
1023 2097 1155 2166 Magnum
1170 2097 1264 2151 Romae
1279 2097 1307 2151 in
1329 2097 1393 2152 Divi
1410 2097 1485 2152 Petri
1509 2096 1630 2151 basilica
1653 2107 1707 2150 vo-

92 2167 116 2225 a,
132 2168 166 2211 ac
181 2171 321 2244 nusquam
336 2162 472 2219 hactenus
483 2178 626 2236 excusam,
639 2166 823 2220 clarissimo·
877 2165 952 2222 risse
971 2167 1038 2235 Dea,
1057 2181 1087 2222 se
1105 2167 1266 2293 Osnaburffii
1290 2167 1322 2222 in
1338 2167 1485 2237 provincia
1506 2165 1703 2238 Westpbatiae,

92 2229 273 2296 quorumdam
295 2247 425 2289 vivorum
448 2235 586 2291 banetcio
609 2236 686 2291 nacti
709 2249 820 2307 sumus,
878 2249 963 2306 quam
979 2250 1078 2293 recem
1089 2239 1124 2296 ad
1145 2239 1227 2294 tidem
1264 2239 1350 2295 bristi
1367 2240 1544 2307 traduxerat,
1560 2237 1707 2307 episcopa-

92 2322 93 2345 1
108 2300 297 2383 pretiumnos
309 2301 435 2361 tacturos
447 2308 619 2375 putavimus.
631 2308 657 2363 si
670 2321 731 2363 earn
743 2307 824 2362 tina-
879 2313 938 2363 tum
947 2312 1125 2377 erecturum
1137 2311 1409 2380 quemadmodumet
1421 2307 1499 2377 iecit,
1514 2306 1706 2365 testealberto

91 2380 178 2452 neoc
199 2386 242 2453 ,ιι
275 2386 351 2430 nunc
384 2377 613 2449 adjungeremus.
647 2378 823 2449 luitprando
878 2379 1014 2435 llrantzio
1047 2379 1122 2435 libro
1145 2394 1153 2435 ι
1177 2381 1337 2450 metropol..
1365 2394 1427 2450 cap.
1459 2376 1503 2450 tl,
1528 2385 1557 2435 et
1584 2378 1658 2434 libra
1683 2390 1704 2432 ιι

92 2451 146 2495 ensi
198 2455 308 2513 racana,
333 2446 384 2516 qui
411 2448 465 2503 sub
489 2462 595 2506 annum
617 2450 731 2505 Domini
757 2446 821 2518 950,
877 2450 992 2521 Saron,
1009 2447 1704 2520 cap.tl.ucinueinaarran011aitludovicum

92 2509 191 2567 loanne
212 2514 380 2586 Tritbemio,
400 2519 822 2591 claruit,inscripsimus;non
879 2521 1078 2589 imperatorem
1098 2521 1134 2592 (is
1160 2521 1217 2578 tuit
1243 2523 1405 2579 ludovicus
1427 2524 1461 2591 ΙΙ,
1483 2520 1611 2577 lotharii
1634 2520 1703 2588 imp.

94 2583 259 2667 ms3c0dex,
272 2599 307 2641 ex
327 2601 384 2657 quo
403 2603 463 2644 eam
486 2592 703 2661 descripsimus,
720 2596 823 2646 aucto-
879 2591 967 2661 illius)
986 2592 1101 2648 dedisse
1121 2593 1249 2649 ecclesiae
1269 2592 1435 2650 corbeiensi
1459 2597 1488 2648 et
1509 2589 1705 2647 llerilordensi

92 2653 233 2710 rodiderrt
245 2655 366 2726 (nullum
378 2661 454 2716 enirn
467 2664 735 2732 numenascriptum
749 2663 824 2717 inve·
879 2663 1017 2733 quasdam
1032 2664 1186 2719 decimales
1207 2663 1343 2720 ecclesias
1362 2678 1426 2719 curn
1442 2663 1516 2734 ipsis
1532 2661 1654 2719 decimis
1671 2660 1702 2716 in

92 2721 120 2796 ι),
149 2730 200 2780 aut
223 2729 297 2796 qnod
329 2730 416 2786 llrmae
442 2733 599 2804 solidoque
619 2747 712 2789 causae
737 2733 824 2801 buius
880 2732 1024 2804 paroecbia
1051 2734 1265 2806 osnaburgensi
1303 2735 1485 2803 constitutas,
1511 2732 1707 2789 consentiente

92 2793 222 2851 relaturae
253 2807 456 2872 suppeterent,
481 2805 528 2859 sed
560 2805 634 2876 quod
658 2817 713 2859 non
739 2804 822 2874 pauci
878 2806 1246 2874 episcopoetomniclero.
1269 2806 1339 2861 Turn
1363 2805 1495 2861 carolum
1514 2806 1706 2861 Romanorum

92 2865 469 2950 raudo,tanqrramgermano
485 2876 548 2944 ejus
563 2875 684 2942 auctori,
695 2880 824 2930 constan·
881 2876 1080 2946 imperatorem
1106 2876 1301 2932 honorificate
1323 2877 1452 2933 ecclesiae
1468 2885 1496 2932 et
1509 2889 1526 2930 a
1540 2876 1598 2932 lieo
1613 2875 1707 2930 bono-

92 2934 251 2994 :rtbuerrnt
269 2941 382 3009 Quibus
402 2952 494 3000 autern
509 2953 742 3016 argumentorum
761 2959 825 3000 mc-
880 2946 1025 3001 riticandae
1042 2947 1240 3002 llersrcldensi
1258 2947 1396 3016 quasdam
1415 2947 1543 3003 decimas
1561 2946 1592 3002 in
1607 2945 1708 3001 Friso-

92 3006 228 3065 stnducli
241 3011 270 3067 id
284 3012 414 3085 iecerint,
431 3017 488 3085 ipsi
500 3017 633 3072 viderint.
647 3016 735 3071 Nobis
748 3021 824 3071 certe
880 3016 975 3072 novelt
989 3021 1017 3070 et
1030 3018 1151 3087 llassega
1165 3016 1396 3072 Halberstadensi
1414 3015 1704 3086 adjacentesdioecesi

92 3078 140 3137 uis
156 3080 268 3138 subolet
280 3086 420 3154 suspicio,
432 3087 555 3157 primum
578 3086 825 3158 historiographos
837 3106 864 3166 Β
878 3087 1003 3156 dedisse,
1019 3100 1091 3156 quas
1109 3087 1257 3213 Sosianus
1279 3099 1350 3156 papa
1367 3086 1420 3156 (ΙΙ,
1436 3087 1533 3142 dictus
1549 3086 1593 3155 Ill)
1608 3087 1637 3140 in
1654 3085 1707 3140 ba·

92 3147 130 3206 llo
146 3165 214 3207 usos
229 3167 281 3209 ms.
300 3158 466 3227 exemplari,
481 3171 566 3228 qnam
584 3157 635 3213 boc
649 3159 712 3227 ipso
733 3171 825 3212 mem-
880 3158 964 3214 silica
985 3158 1014 3212 u.
1040 3158 1116 3213 Petri
1158 3157 1184 3212 ie
1203 3165 1301 3213 sancto
1322 3157 1434 3213 Pascha
1455 3171 1507 3214 sua
1523 3156 1704 3225 auctoritate,

92 3232 151 3293 oea,
162 3235 261 3293 exquo
269 3233 432 3295 presentem
442 3229 822 3298 Historiamdescripsimus.
880 3234 908 3284 et
924 3229 1106 3298 imperatoris
1121 3228 1344 3299 subscriptione,
1360 3227 1565 3299 etllildegrino
1583 3224 1707 3280 llatber-

93 3303 174 3349 enon
185 3294 245 3351 alio
254 3310 404 3364 persuasos
415 3305 593 3371 argumento,
606 3306 639 3356 ut
648 3299 824 3369 luitprando
880 3299 1007 3356 stadensi
1021 3300 1155 3370 episcopo
1169 3307 1305 3369 presente
1320 3297 1507 3355 confirmarit.
1523 3299 1659 3352 Praeterea
1674 3295 1705 3351 in

92 3362 201 3431 iterent,
223 3380 305 3449 quam
331 3371 407 3439 quod
430 3371 527 3441 negari
546 3385 602 3427 non
622 3371 714 3440 possit
727 3374 826 3426 extre·
879 3371 1020 3441 Stephano
1066 3372 1099 3425 vl
1125 3370 1238 3439 scribit,
1275 3371 1468 3425 llermannum
1507 3367 1704 3423 coloniensem

95 3436 254 3512 .pontitiors
282 3439 400 3496 Romani
434 3443 561 3498 Formosi
597 3443 698 3513 Vitam,
730 3441 825 3496 verbis
879 3441 1139 3512 arehiepiscopum,
1171 3447 1199 3496 et
1226 3440 1428 3513 lladatgarium
1463 3438 1705 3511 llamburgensem

92 3505 183 3572 randi,
196 3522 258 3577 qua
270 3515 382 3566 exstant
398 3512 426 3567 in
440 3514 533 3582 capite
543 3517 641 3568 octavo
654 3513 723 3568 libri
738 3512 823 3583 primi
879 3513 1128 3582 archiepiscopum
1142 3512 1177 3567 de
1192 3512 1335 3567 Bremensl
1348 3510 1474 3567 Ecclesia
1489 3509 1702 3576 contendentes,

92 3589 98 3630 ι
118 3588 169 3646 per
183 3578 324 3649 Europam
343 3588 486 3653 gestarum
509 3583 602 3654 (cujus
617 3590 728 3641 constat
741 3583 824 3639 luit·
878 3583 1067 3639 wormatiam
1084 3583 1181 3638 venire
1193 3596 1330 3638 asumma
1345 3581 1592 3652 pontidcejusscs,
1606 3579 1705 3650 ibique

96 3660 144 3703 um
172 3649 350 3707 Ticinensem
380 3668 441 3710 esse
469 3657 624 3726 auctorem)
650 3660 738 3710 totam
762 3667 823 3710 csse
878 3654 997 3711 Falconi
1011 3654 1307 3723 llbemensiepiscopo
1324 3654 1452 3709 incausa
1471 3666 1570 3709 eorum
1592 3649 1706 3706 exami-

92 3717 245 3776 rebonsam.
258 3723 395 3780 ceterum
412 3725 642 3796 bocarqumento
658 3725 822 3782 labefactari
879 3726 981 3781 manda
1000 3725 1077 3780 vices
1098 3738 1165 3780 suas
1187 3725 1375 3780 commisisse.
1398 3724 1488 3793 Qiram
1504 3735 1561 3778 rem
1574 3725 1706 3776 accurate

92 3802 102 3843 s
124 3804 210 3861 qnam
231 3793 359 3850 stabiliri
388 3797 503 3852 ridetur
530 3796 653 3852 istorum
681 3796 821 3866 opinatio.
879 3794 1491 3865 tractatllrantziustib.11,lletropol,cap.
1507 3790 1550 3863 ts,
1561 3790 1596 3848 90
1609 3797 1638 3846 et
1649 3787 1706 3847 ct:

92 3860 166 3916 enim
185 3862 304 3934 liqueat.
317 3872 403 3921 totam
425 3867 616 3922 narrationem
638 3868 674 3922 de
691 3869 824 3924 Formosa
878 3868 1064 3937 eiusdemque
1080 3867 1234 3922 meminere
1247 3865 1380 3922 libertus
1393 3865 1541 3921 stadensis
1552 3863 1583 3918 lu
1599 3862 1705 3918 claron.

92 3934 172 3990 tenus
185 3936 357 4005 exscriptam
371 3951 432 3993 esse
447 3952 480 3993 ex
492 3939 566 3994 libro
582 3939 752 4008 luitprandi
765 3939 823 4007 iarn
879 3939 913 3994 ad
929 3951 1036 3993 annum
1050 3935 1105 3992 896
1116 3937 1280 3993 etlritbem
1295 3937 1324 3993 in
1337 3936 1480 3992 chronico
1493 3933 1704 4005 llirsangiensi.

92 4043 100 4071 ‚
133 4016 189 4060 non
204 4007 307 4064 omisis
320 4009 435 4079 quidem
451 4010 512 4065 illis
531 4009 636 4079 verbis,
660 4012 741 4065 Pater
755 4026 826 4064 sun·
879 4009 1009 4078 lienique
1025 4009 1055 4064 in
1070 4013 1280 4077 postremorum
1292 4007 1460 4079 pontitlcum
1472 4007 1557 4090 Vitis²
1573 4005 1709 4087 nomina-

92 4087 131 4137 re,
155 4091 218 4147 quae
240 4093 359 4148 prorsus
378 4078 487 4137 turtum
511 4080 665 4152 lucumque
689 4081 823 4151 produnt,
880 4080 932 4137 tim
947 4082 1041 4133 autern
1057 4077 1215 4147 l‘ascbalis,
1233 4079 1377 4135 Benedicti
1391 4080 1436 4147 ΙΙΙ,
1448 4077 1559 4133 Nicolar
1575 4075 1709 4139 ladria-

94 4143 216 4204 dubium
233 4156 277 4206 cst
299 4152 369 4222 quin
384 4152 419 4206 ab
436 4152 535 4223 aliquo
548 4152 648 4222 sciolo,
664 4156 726 4222 post
741 4150 826 4205 rerba
879 4149 910 4205 nl
930 4151 964 4216 ΙΙ,
982 4150 1102 4204 loannis
1119 4149 1186 4217 Vlll,
1209 4162 1265 4204 non
1290 4163 1378 4219 pauca
1412 4149 1575 4204 eorumdem
1595 4146 1708 4202 decreta

92 4216 228 4274 conrasas
248 4223 404 4277 Porturnst's
424 4226 562 4293 spiscopus
583 4224 654 4278 sedit
686 4238 772 4276 annos
796 4235 824 4289 v,
881 4220 993 4292 prolixe
1007 4221 1118 4288 recitat,
1132 4234 1195 4289 quae
1214 4220 1245 4275 in
1259 4220 1356 4275 Tomis
1369 4219 1568 4275 conciliorum
1583 4231 1640 4274 lton
1654 4230 1708 4272 ex-

92 4299 157 4359 eri,
173 4290 285 4363 reliqua
309 4294 435 4350 narratio
450 4293 538 4350 luerit
550 4299 656 4349 assuta.
669 4294 826 4363 Usurparat
881 4298 968 4361 stant,
976 4304 1041 4347 oum
1054 4297 1147 4346 umen
1160 4296 1273 4346 exstent
1288 4290 1423 4360 pleraque
1435 4291 1532 4357 omnia
1548 4303 1612 4358 quae
1626 4286 1700 4359 anti·

92 4358 348 4431 lluitprandusin
362 4364 457 4420 iliade
473 4366 557 4420 rebus
570 4366 601 4421 in
613 4367 724 4435 Europa
737 4363 826 4435 gestis
882 4362 1036 4434 quiaribus
1063 4361 1250 4432 pontificibus
1281 4359 1329 4415 bic
1360 4360 1540 4416 tribuuntur.
1561 4360 1593 4413 ln
1617 4359 1707 4411 leone

92 4429 131 4486 ria
152 4432 236 4489 rerba
251 4434 312 4504 illa,
328 4437 410 4490 Pater
428 4439 596 4490 sanctissime
608 4455 616 4500 ;
628 4438 703 4507 qnod
717 4448 778 4491 eam
791 4434 825 4490 ad
882 4448 948 4490 vero
966 4433 1001 4489 ΙΙ
1023 4433 1213 4504 qnadraginta
1228 4431 1286 4487 duo
1306 4429 1464 4513 capitulae
1481 4430 1588 4512 synodo
1600 4426 1708 4481 Roma-

92 4502 213 4559 rundum
233 4505 404 4562 tiberitanae
418 4507 551 4564 Ecclesiae
571 4508 601 4562 in
614 4506 750 4577 Hispania
762 4480 866 4576 epi-C
884 4520 928 4573 na,
964 4504 1088 4560 consilio
1116 4504 1204 4573 impp.
1230 4501 1358 4557 lotharii
1382 4507 1410 4556 et
1436 4499 1585 4581 ludoruci⁸
1599 4499 1706 4578 coacta,

93 4582 121 4626 m
139 4575 369 4646 conscripsisset.
396 4579 472 4633 llanc
495 4592 561 4633 vero
582 4578 617 4633 de
639 4576 827 4648 portioribus
882 4575 1037 4644 descripsit
1052 4593 1060 4636 ;
1077 4589 1199 4644 quorum
1232 4571 1312 4629 nulla
1326 4585 1439 4655 quoque
1456 4575 1562 4625 mentio
1578 4582 1607 4624 ιιι
1619 4567 1709 4623 dictis

92 4640 158 4698 riam
174 4645 247 4701 nulli
260 4648 402 4718 episcopo,
420 4648 463 4704 vel
478 4648 530 4704 alii
547 4649 622 4703 Patri
634 4649 826 4717 sanctissimo,
883 4646 979 4702 tomis.
996 4645 1075 4701 Unde
1089 4646 1283 4713 conjecturam
1307 4643 1425 4698 minime
1446 4641 1597 4698 obscuram
1617 4636 1708 4693 tacere

92 4717 175 4796 cpiam
207 4717 250 4772 vel
281 4718 439 4775 dedicatam
465 4733 527 4775 csse
561 4719 744 4775 manifestum
774 4726 825 4773 est.
884 4709 1707 4841 licet,hulusoplusrullanctoremultimorumpontiticuru

95 4787 130 4856 tt,
153 4788 229 4855 qnod
253 4802 303 4844 nec
327 4791 402 4860 apud
426 4790 615 4862 Sigebertum,
639 4804 689 4846 uec
712 4789 829 4844 Tritbe-
884 4786 1070 4857 temporibus,
1109 4793 1208 4846 orest.
1224 4785 1399 4842 subannum
1413 4786 1529 4841 Domina
1545 4781 1710 4840 maman-

92 4876 107 4918 ι.
127 4868 179 4913 aec
199 4859 367 4931 Gesnerum,
391 4862 469 4917 ullus
496 4863 531 4917 de
554 4861 628 4916 Vitis
658 4860 828 4917 l‘ontiticum
884 4872 928 4914 me
949 4856 1091 4924 ltoruisse,
1114 4865 1142 4911 et
1168 4868 1224 4911 nan
1244 4854 1298 4911 sub
1318 4854 1382 4926 950,
1405 4869 1461 4927 quc
1483 4852 1708 4936 luitprandus,

93 4938 195 4984 aarum
221 4929 295 4986 liber
313 4933 476 4988 ascribatur
499 4932 683 5002 luitprando.
710 4931 827 5000 Deinde,
883 4935 1085 4997 auctoremque
1106 4940 1167 4982 esse
1191 4940 1247 4982 non
1270 4924 1383 4997 italum,
1409 4928 1456 4982 sed
1478 4926 1651 4982 Germanum
1679 4937 1709 4979 an

98 4997 277 5056 tritbemius
309 5004 412 5059 scribit
435 5004 646 5074 luitprandum
673 5002 752 5074 (licet
778 5002 828 5057 ille
883 4999 1048 5057 corbeiensi
1078 5012 1113 5053 ex
1133 5011 1189 5068 quo
1212 4997 1305 5068 aliqui
1329 4998 1363 5053 ad
1379 4995 1624 5070 Osnaburgensem
1644 4994 1711 5077 epi7

113 5071 300 5146 Butrandum)
323 5075 463 5131 claruisse
488 5075 542 5130 suli
574 5088 680 5130 annum
713 5072 828 5130 Domini
884 5076 1028 5141 scopatum
1046 5069 1222 5125 ilosareulo
1242 5067 1331 5125 erecti
1354 5069 1432 5138 sunt)
1453 5068 1497 5124 rel
1521 5067 1709 5126 lttrsieldeusr

92 5139 251 5212 imperante
269 5145 379 5201 Othone
398 5148 538 5201 lcaesare.
558 5148 592 5201 Et
611 5154 705 5201 recte:
723 5152 830 5200 namet
886 5141 1056 5199 monasterio
1068 5142 1224 5212 degentem.
1240 5139 1315 5210 Quid
1331 5139 1357 5194 si
1368 5145 1468 5196 auctor
1486 5140 1526 5197 sit
1540 5138 1709 5197 Paschasius

92 5212 160 5268 riam
173 5228 253 5270 snam
273 5217 421 5286 Euopaeam
443 5217 578 5287 usquead
604 5215 742 5272 Othonem
763 5229 831 5285 per·
884 5213 1037 5270 llatbertus
1046 5212 1133 5268 abbas
1151 5210 1343 5279 corbeiensis,
1359 5224 1443 5282 quem
1457 5211 1634 5267 tritbemius
1646 5219 1709 5262 asse

92 5283 150 5340 .llt
162 5285 325 5358 Formosus,
341 5289 370 5343 in
391 5303 447 5358 quo
461 5293 558 5343 nostra
579 5287 635 5342 baec
659 5286 830 5342 terminatur
886 5292 962 5341 verat
976 5284 1077 5340 canoni
1097 5283 1195 5338 cnassl
1218 5282 1351 5338 duruisse
1373 5282 1550 5352 temporibus
1563 5280 1578 5333 i
1590 5275 1709 5332 carolus
1730 5296 1732 5299 ·

92 5354 143 5425 ria,
159 5356 189 5412 iu
208 5358 283 5414 viris
295 5373 357 5414 esse
374 5360 462 5415 desiit
480 5373 554 5414 anno
568 5356 631 5429 895,
648 5371 734 5427 aquo
756 5371 830 5413 anno
884 5357 961 5412 enim
986 5356 1107 5411 crassus
1131 5354 1283 5424 imperavit
1303 5354 1357 5410 snb
1378 5354 1485 5409 toaune
1501 5351 1569 5417 lllll,
1587 5345 1705 5430 ltartno,

92 5426 144 5484 aad
155 5428 266 5485 dictum
279 5428 332 5486 950
346 5431 449 5502 viginti
471 5431 589 5486 circiter
602 5429 752 5499 pontitices
771 5429 831 5483 lto-
884 5427 1012 5483 Adriano
1029 5428 1062 5482 ΙΙΙ
1075 5432 1103 5482 et
1123 5425 1266 5496 Stepbano
1287 5427 1330 5496 Vl,
1348 5423 1496 5494 inquibus
1509 5421 1568 5475 baec
1580 5419 1706 5473 tlrstcrre

104 5505 305 5569 numerantur,
325 5503 360 5558 de
385 5501 492 5571 quibus
509 5501 620 5556 nullum
644 5500 674 5555 in
698 5499 829 5569 prasenti
885 5497 1079 5555 concluditur.
1564 5559 1571 5572 ,

92 5568 175 5626 lcum
199 5571 328 5627 llistoria
350 5572 477 5628 verbum.
500 5571 542 5627 Ad
562 5572 630 5639 baeo,
650 5571 680 5626 in
695 5570 832 5626 extremis
921 5568 1001 5638 Quod
1012 5569 1127 5625 demum
1142 5569 1177 5625 ad
1193 5580 1307 5639 operam
1323 5569 1449 5621 nostram
1473 5561 1502 5617 la
1521 5559 1610 5628 buras
1630 5570 1708 5642 anpu-

92 5641 323 5711 topusculilitis
331 5643 519 5713 particularia
528 5643 656 5712 quadam
666 5654 834 5698 commemo·
886 5640 961 5697 sculi
970 5639 1098 5696 editione
1111 5639 1267 5709 prestitam
1276 5635 1389 5704 attinet,
1402 5645 1458 5689 uon
1467 5628 1705 5700 babemasatrnd,
