3876 6090
58 236 109 298 m
446 234 723 297 muniendarum
742 236 868 297 Sinoni
890 238 937 299 ill
957 239 1205 298 bunnensis-
1222 242 1323 301 herro
1347 244 1394 300 111.
1718 241 1774 305 ἢ

56 373 119 416 rum
134 361 166 416 nt
177 356 293 415 dudum
314 357 345 414 in
359 355 583 429 apostolicarum
598 360 627 413 et
647 356 888 430 magisterialium
902 357 932 421 Α
944 356 1008 414 sinc
1022 358 1168 430 principio
1184 361 1300 432 penitus
1313 365 1342 418 et
1353 361 1570 432 sempiternum,
1588 360 1717 418 omnium
1731 360 1772 418 vi·

56 448 246 506 traditionum
259 446 485 519 depositionem,
500 452 586 518 atquo
601 459 747 504 sacrarum
762 461 795 503 ac
809 460 888 505 vena-
944 445 1077 504 sibilium
1089 455 1118 506 et
1129 449 1324 508 invisibilium
1336 448 1485 506 factorem:
1496 453 1524 506 et
1536 449 1566 504 in
1579 462 1666 506 unum
1676 448 1772 506 bomi-

55 537 190 595 vahifium
208 536 372 609 imaginum
389 535 636 607 interemptionem
649 539 677 591 et
689 535 887 608 abolitionem,
945 549 1013 592 uum
1035 538 1130 594 lesum
1149 538 1295 596 Christum
1318 538 1422 594 Filium
1447 538 1496 595 bei
1519 537 1711 611 unigenitum,
1735 550 1770 595 ex

54 626 211 684 mileciam.
233 627 401 683 vosautem
417 624 606 697 sanctissimi,
624 625 724 682 divino
747 624 888 682 illustrati
946 625 1008 696 ipso
1022 626 1079 682 beo
1098 635 1126 683 et
1145 628 1227 683 Patro
1243 627 1415 697 sempiterne
1433 640 1466 683 ac
1487 624 1707 696 impassibiliter
1722 638 1769 681 na-

54 715 120 787 reio,
139 720 353 773 consentaneos
371 728 486 788 quoque
505 713 641 771 habentes
660 713 805 771 divinitus
825 728 890 771 con-
945 719 1016 786 tum,
1036 728 1087 770 nec
1100 715 1179 772 aliud
1198 716 1375 786 principium
1390 728 1475 786 quam
1495 716 1604 770 Patrem
1619 713 1767 785 scientem,

54 804 207 864 sanandos
226 804 375 877 dominos,
392 803 443 876 qui
459 803 539 875 iusto
555 803 669 859 decreto
688 802 739 859 bei
761 803 792 859 in
807 803 888 860 vobis
943 808 972 858 et
991 816 1025 859 ex
1049 804 1113 874 ipso
1136 804 1327 862 substantiam
1356 804 1503 861 habentem
1523 821 1531 874 ;
1552 803 1648 859 famen
1670 816 1705 858 ex
1726 800 1769 859 iu·

54 896 194 965 imperare
216 893 406 965 praeordinati
428 896 507 964 sunt,
529 892 617 949 simul
640 892 727 949 etiam
750 897 779 948 et
796 906 813 948 a
831 893 888 949 beo
944 891 1030 962 mine,
1055 894 1142 950 Deum
1164 907 1262 950 verum
1283 907 1318 949 ex
1339 894 1395 950 Deo
1416 906 1492 950 vero.
1516 893 1552 948 Et
1573 892 1603 948 in
1626 891 1767 962 Spiritum

55 983 259 1057 protegendum
279 987 310 1039 et
324 981 512 1039 muniendum
533 986 674 1053 senatum,
699 980 845 1051 prevaleto
860 985 888 1037 et
943 987 1072 1039 sanctum
1101 997 1135 1039 ex
1159 984 1239 1040 Patre
1266 983 1474 1056 procedentem,
1502 982 1598 1038 lumen
1624 986 1653 1037 et
1678 983 1767 1038 benm

53 1072 177 1129 viriiiter
197 1072 286 1144 agite,
306 1074 335 1127 et
353 1068 531 1127 confortetur
549 1083 599 1126 cur
619 1073 755 1141 vestrum,
775 1083 886 1126 omnem
944 1083 992 1141 per
1011 1084 1042 1128 se
1064 1068 1102 1146 [et
1125 1073 1219 1143 ipsum
1240 1086 1288 1143 per
1307 1069 1347 1147 se]
1371 1073 1529 1144 cognitum,
1550 1077 1578 1126 et
1598 1071 1767 1129 existentem

56 1160 281 1219 inobedientiam
300 1158 457 1231 apostolice
476 1158 657 1232 ulciscentes,
678 1162 707 1214 et
722 1160 757 1216 ad
776 1158 885 1215 Christi
943 1162 1081 1217 veraciter
1102 1162 1178 1217 Patri
1203 1167 1231 1217 et
1254 1161 1329 1217 Tifio
1352 1168 1525 1218 coaeternum
1549 1159 1719 1217 homousion
1739 1163 1768 1216 el

56 1250 247 1308 obedientiam
259 1253 434 1320 coaptantes.
450 1248 632 1305 titubantem
646 1252 780 1320 unquam
793 1262 886 1305 neces
942 1250 1133 1307 contribulem
1152 1255 1181 1306 ot
1194 1250 1321 1322 ejusdem
1335 1249 1468 1307 essentis
1479 1263 1512 1306 ac
1523 1252 1643 1321 natura,
1665 1246 1769 1305 simili·

57 1340 158 1397 urium
175 1352 266 1410 penes
280 1336 472 1410 pontificalem
486 1337 597 1409 apicem
612 1340 749 1409 vestrum,
765 1351 886 1394 comuro
944 1344 987 1396 ter
1013 1347 1108 1397 autem
1133 1345 1161 1396 et
1183 1340 1311 1396 deitatis.
1340 1340 1510 1396 Trinitatem
1541 1338 1713 1396 homousion
1734 1350 1768 1393 ac

57 1427 417 1499 nondumducimus3utsi
429 1425 786 1508 beneplacitoounctorum
798 1427 884 1499 regis,
942 1427 1031 1485 unius
1062 1428 1180 1485 honoris
1208 1433 1237 1484 et
1267 1429 1389 1499 throni,
1421 1441 1485 1499 qum
1512 1428 1543 1484 in
1573 1440 1659 1484 unam
1683 1439 1768 1483 reca-

56 1518 157 1574 coristi
179 1517 319 1575 videlicet
337 1516 389 1573 Dei
406 1516 509 1588 nostri,
525 1521 554 1572 et
575 1529 674 1574 eorum
699 1515 750 1587 aot
765 1530 831 1573 cum
852 1530 885 1574 eo
940 1516 1083 1588 pitulatur
1095 1522 1123 1572 et
1135 1517 1285 1590 colligitur
1298 1517 1434 1573 deitatem
1443 1522 1472 1572 et
1481 1529 1660 1573 communem
1674 1515 1766 1572 domi·

57 1620 168 1682 regnare
182 1610 363 1680 meruerunt,
378 1606 429 1663 bet
444 1605 558 1663 scilicet
568 1605 726 1663 amicorum
742 1608 771 1662 et
785 1606 886 1663 trium·
940 1606 1095 1678 nationem,
1111 1606 1175 1663 sine
1190 1606 1332 1676 personali
1349 1612 1377 1662 et
1390 1605 1602 1662 subsistentiali
1619 1602 1765 1661 refusione

58 1698 205 1768 pistorum
235 1695 421 1754 dominorum
443 1701 617 1767 nostrorum,
641 1695 793 1752 volueritis
815 1696 885 1752 cele·
898 1678 925 1742 Β
939 1694 982 1751 vel
1001 1695 1145 1752 divisione
1163 1692 1234 1771 [hm
1257 1691 1474 1770 contractionel.
1496 1693 1665 1750 Trinitatem
1687 1693 1765 1750 enim

57 1786 130 1843 lrrre
151 1785 317 1858 synodum:
333 1798 368 1841 ne
391 1784 509 1841 molesta
532 1783 613 1841 vobis
635 1790 770 1856 appareat
794 1785 884 1841 trium
941 1784 970 1841 in
985 1785 1096 1842 unitate
1109 1784 1263 1853 credimus¹
1280 1788 1310 1842 et
1323 1786 1462 1842 unitatem
1479 1783 1509 1840 in
1523 1783 1665 1840 Trinitate
1681 1781 1768 1857 glori·

56 1874 277 1946 apostolicarum
296 1872 410 1931 sedium
431 1872 573 1929 almorum
594 1873 834 1944 patriarcharum,
856 1877 886 1930 et
940 1872 1058 1931 beamus
1074 1892 1080 1928 ι
1097 1874 1266 1930 Trinitatem
1294 1873 1409 1945 quidem
1433 1873 1529 1929 tribus
1552 1871 1763 1937 subsistentiis,

57 1964 303 2021 ancdssimorum
319 1963 529 2034 episcoporum,
546 1962 597 2033 qui
610 1961 664 2018 snb
678 1961 751 2033 ipsis
765 1961 882 2034 degunt,
941 1964 1079 2019 unimtem
1108 1977 1174 2019 vero
1204 1963 1407 2036 singularitate
1435 1962 1574 2019 deitatis:
1588 1975 1652 2033 quas
1673 1973 1765 2033 neque

56 2053 195 2126 absentia,
212 2064 271 2109 non
283 2066 318 2109 ex
333 2052 450 2124 proprio
463 2065 562 2108 eornm
577 2051 710 2107 accidens
725 2051 883 2122 proposito,
941 2066 1028 2107 uorum
1041 2052 1115 2123 quod
1128 2052 1275 2123 proprium
1286 2053 1422 2122 possidet,
1433 2049 1584 2107 confusum
1595 2046 1764 2123 hahetlfori.

57 2143 97 2200 sod
109 2157 147 2200 ex
159 2142 324 2199 tenentium
335 2155 386 2198 seu
397 2140 610 2198 dominantium
622 2139 683 2197 illis
702 2139 884 2196 terribilibus
941 2156 1004 2215 quoe
1019 2155 1110 2212 neque
1127 2156 1215 2198 urium
1234 2138 1385 2197 confusum
1402 2139 1496 2210 liabeo,
1513 2136 1592 2214 ete.],
1609 2152 1699 2210 neque
1716 2139 1767 2210 ip-

57 2233 138 2291 ninis
152 2237 184 2288 et
200 2229 360 2288 mortiferis
375 2231 477 2303 poenis.
498 2233 556 2288 iloc
570 2234 665 2287 autem
684 2229 826 2286 subtilius
842 2234 885 2286 est
940 2245 1004 2286 sum
1017 2231 1126 2286 trinum
1142 2244 1191 2300 per
1204 2236 1295 2286 totum
1310 2230 1448 2303 divisum,
1464 2229 1512 2285 sed
1530 2231 1627 2299 potins
1644 2229 1673 2283 in
1690 2231 1766 2286 utro

55 2321 294 2379 considerandum
317 2320 404 2377 etiam
429 2321 464 2377 ab
489 2320 552 2392 ipsa
572 2333 653 2376 sacra
675 2324 703 2375 et
725 2319 883 2376 universali
942 2333 995 2390 que
1004 2323 1202 2375 conservatum
1216 2324 1371 2389 utrumque
1382 2318 1452 2392 itia,
1466 2319 1514 2374 sed
1526 2318 1624 2388 potius
1634 2317 1665 2373 in
1675 2316 1766 2374 allero

57 2416 127 2467 exta
149 2409 274 2481 synodo,
299 2409 405 2480 inqua
426 2408 526 2465 nulfus
547 2421 645 2465 eorum
666 2408 716 2480 qui
737 2420 786 2478 per
809 2407 883 2464 idem
939 2407 1091 2484 alteruml:
1109 2410 1203 2466 divisa
1218 2414 1261 2465 est
1274 2410 1352 2464 enim
1372 2410 1532 2465 numeratis
1552 2407 1764 2479 subsistentiis,

57 2505 164 2572 tempus
186 2500 220 2555 ln
239 2499 287 2556 his
306 2498 438 2570 partibus
459 2498 586 2570 episcopi
606 2504 697 2570 erant,
717 2497 883 2555 convenisse
939 2502 968 2554 ct
987 2503 1135 2555 numerata
1154 2511 1340 2570 personarum
1362 2497 1591 2568 diversitatibus,
1615 2497 1765 2551 identitate

40 2596 181 2662 repertus
200 2591 247 2645 est
264 2593 380 2659 propter
397 2587 596 2645 obscoenorum
613 2587 812 2644 obtinentiam.
830 2586 882 2642 Sed
939 2592 1033 2643 autem
1047 2587 1216 2645 substantiae
1228 2592 1257 2644 et
1269 2593 1379 2643 nature
1394 2593 1486 2658 unita,
1502 2586 1620 2642 omniuo
1635 2585 1767 2656 partitio

58 2678 163 2735 unlfnm
176 2691 215 2734 ex
227 2677 282 2734 hoc
294 2682 399 2734 sanctae
410 2677 531 2733 adhaesit
541 2676 649 2747 synodo
662 2675 880 2746 prejudicium:
939 2690 1002 2734 nem
1022 2690 1079 2734 non
1098 2678 1212 2748 recipit.
1234 2677 1312 2734 Unus
1326 2677 1403 2732 enirn
1422 2679 1498 2733 bens
1514 2681 1566 2747 est,
1589 2676 1657 2746 quia
1673 2674 1767 2731 deitas

58 2781 139 2840 oeque
164 2766 246 2824 vires
269 2767 371 2823 habuit
392 2765 551 2838 prohibitio
570 2766 670 2838 aliqua
690 2766 835 2822 statuendi
854 2767 884 2820 ct
939 2782 995 2826 una
1010 2766 1202 2825 famosissime
1221 2768 1404 2840 praedicatur,
1420 2772 1448 2823 et
1468 2766 1497 2821 in
1516 2765 1657 2821 Trinimte
1672 2777 1766 2834 perso

58 2855 203 2913 manifesta
217 2853 344 2914 faciendi
360 2861 436 2914 recta
447 2856 581 2928 dogmata
595 2855 722 2927 pietatis,
739 2854 883 2925 praecipue
939 2857 1040 2915 narum
1055 2857 1239 2929 cognoscitur
1253 2874 1261 2926 ;
1274 2862 1301 2913 et
1317 2868 1408 2927 neque
1422 2853 1579 2912 secundum
1596 2853 1671 2925 quod
1688 2865 1765 2908 unus

57 2945 330 3003 oomsanctissimns
342 2950 371 3002 et
383 2945 561 3017 apostolicus
572 2957 644 3016 papa
659 2945 804 3000 Romanus
817 2956 883 3000 con·
938 2948 1014 3003 beus
1029 2953 1057 3002 et
1071 2960 1126 3003 una
1144 2947 1238 3003 deitas
1256 2952 1310 3016 est,
1332 2944 1506 3001 dividendus
1521 2948 1550 2999 et
1570 2944 1599 2999 in
1613 2948 1671 2999 tres
1692 2943 1765 2999 ileos

58 3035 224 3109 cordaverit,
247 3039 276 3091 et
290 3035 321 3091 in
336 3049 368 3091 ea
391 3035 524 3092 inventus
544 3034 585 3091 sit
606 3047 655 3106 per
676 3032 882 3105 apocrisiarios
899 3036 1152 3121 Cdispertiendus
1166 3035 1358 3092 :arianorum
1377 3034 1454 3090 enim
1474 3037 1517 3090 est
1537 3033 1592 3090 ista
1608 3031 1762 3104 impietas,

57 3138 128 3182 suos.
141 3125 179 3182 lit
194 3138 283 3197 nunc,
298 3124 488 3197 sanctissimi,
506 3126 559 3182 hoc
572 3138 638 3181 cum
653 3123 765 3180 auxilio
779 3122 830 3179 bei
846 3122 883 3179 si·
939 3139 1030 3197 neque
1044 3126 1201 3182 secundum
1217 3124 1292 3197 quod
1309 3130 1366 3180 tres
1382 3137 1457 3181 unus
1469 3125 1544 3180 beus
1560 3126 1604 3178 est
1620 3128 1648 3178 et
1662 3135 1765 3195 cogno·

58 3211 883 3271 militerdat.Namsicuttnncilliusddesinorbisterrae
937 3213 1764 3284 scitur,etiamsubsistentiaetrespraedicantur,etrater

59 3304 203 3373 personuit
224 3302 306 3376 fines,
329 3303 370 3359 ita
390 3308 418 3359 et
441 3302 543 3375 synodi
565 3316 628 3374 qnae
647 3315 723 3359 nunc
745 3315 795 3373 per
813 3315 883 3374 gra·
937 3309 966 3359 et
977 3304 1070 3359 filius
1079 3308 1107 3358 et
1116 3303 1244 3372 spiritns
1253 3302 1584 3372 sanctissimusdioitur,
1596 3305 1763 3356 contractus

59 3392 120 3450 tiam
140 3393 195 3449 bei
218 3393 416 3466 congreganda
436 3397 480 3448 est
501 3405 551 3463 per
572 3390 809 3448 interventionem
831 3404 884 3447 ve-
937 3391 981 3448 vel
1002 3395 1177 3462 compactus,
1197 3397 1225 3447 et
1243 3392 1272 3446 iu
1297 3405 1381 3447 unam
1406 3403 1468 3446 sese
1486 3388 1675 3445 commiscens
1698 3388 1765 3444 sub-

59 3486 150 3556 stram,
162 3489 193 3539 et
205 3483 269 3553 elus
282 3482 332 3554 qui
350 3482 512 3539 moderatur
526 3483 721 3552 apostolorum
737 3479 882 3552 Principis
938 3481 1100 3539 sistentiam
1113 3480 1359 3538 :sabellianorum
1380 3481 1457 3535 euim
1475 3484 1520 3534 est
1536 3478 1592 3534 ista
1612 3477 1762 3549 nequitia,

58 3571 156 3644 aedem
172 3571 382 3643 pmdicabitur
396 3570 518 3628 inomni
533 3571 595 3628 loco
611 3571 661 3642 qui
676 3569 802 3628 subsofe
817 3575 881 3643 est,
937 3576 966 3627 et
990 3570 1054 3629 ideo
1075 3572 1146 3627 beue
1163 3584 1180 3626 a
1198 3570 1344 3642 deiloquis
1369 3569 1513 3626 sancitum
1535 3572 1588 3640 est,
1615 3567 1763 3624 monadem

58 3661 187 3718 videficet
207 3674 271 3732 qna
288 3661 436 3732 tyrannice
453 3661 598 3718 destructa
615 3664 693 3732 sunt,
714 3660 837 3735 erigens,
855 3666 883 3718 et
938 3663 1055 3735 quidem
1078 3676 1130 3719 uos
1150 3661 1252 3719 debere
1272 3674 1373 3733 mpero
1391 3661 1420 3716 in
1442 3672 1500 3717 una
1518 3665 1548 3715 ct
1566 3660 1597 3715 in
1619 3658 1763 3729 singulari

60 3749 87 3806 in
100 3751 252 3825 antiquam
266 3755 295 3807 et
308 3749 495 3821 apostolicam
512 3748 670 3807 reformans
685 3751 881 3808 traditionem.
937 3754 1054 3825 deitate,
1067 3753 1199 3811 Triadem
1211 3766 1276 3809 vero
1287 3753 1317 3808 in
1328 3748 1491 3809 inconfusis
1501 3750 1596 3808 tribus
1605 3750 1764 3807 subsisten-

61 3839 145 3899 Porro
157 3841 195 3899 ad
210 3839 403 3898 munitionem
418 3839 574 3897 humilium
594 3839 758 3897 litterarum
775 3845 882 3898 nostra·
938 3843 1000 3916 tiis,
1018 3856 1074 3900 non
1089 3849 1184 3899 autern
1198 3842 1289 3900 alium
1305 3855 1394 3899 unum
1408 3843 1498 3898 Deum
1513 3848 1614 3911 prater
1630 3845 1688 3895 tres
1703 3854 1764 3910 per·

62 3943 130 4003 mm,
153 3928 440 4002 satisfactionemque
460 3929 651 3988 beatitudinis
673 3930 883 3988 dominationis
938 3946 1024 3991 sonas
1034 3933 1237 4006 agnoscimus,
1251 3945 1342 4004 neque
1355 3935 1414 3988 tres
1427 3931 1580 3988 Trinitatis
1594 3930 1683 3986 unius
1698 3929 1766 3985 sub-

62 4025 164 4095 verm,
183 4025 272 4094 atoue
288 4021 431 4078 victorum
447 4024 476 4077 et
492 4021 736 4092 triumphatorum
757 4021 886 4093 impera·
938 4022 1052 4080 stantiae
1070 4034 1215 4093 personas,
1234 4036 1297 4093 quae
1310 4027 1378 4079 sunt
1390 4023 1471 4078 Pater
1482 4025 1512 4077 et
1523 4020 1617 4077 Filius
1633 4026 1662 4076 et
1674 4019 1767 4092 Spiri-

64 4111 150 4167 tomm
180 4116 356 4184 nostrorum,
389 4111 592 4182 conspeximus
622 4111 709 4168 etiam
739 4111 884 4182 exemplar
940 4116 987 4169 tus
1008 4114 1135 4184 sanctus,
1156 4111 1230 4167 alias
1249 4118 1351 4182 prater
1369 4124 1457 4167 unum
1480 4111 1568 4167 boum
1590 4109 1709 4166 scimus.
1731 4109 1767 4166 lit

64 4198 260 4270 synodicorum
278 4199 420 4258 Theodori
435 4205 539 4258 sanotae
556 4200 700 4272 memoriae
719 4200 812 4258 Patris
827 4214 883 4257 no-
939 4205 1088 4272 propterea
1107 4213 1197 4257 unum
1219 4201 1293 4271 tria,
1304 4201 1335 4257 in
1355 4200 1463 4272 quibus
1481 4200 1574 4256 deitas
1596 4203 1648 4273 est,
1664 4197 1766 4270 pradi-

65 4288 328 4362 strietpatriarchae
336 4289 599 4362 Hierosolymorum
611 4289 824 4360 subjiciendum
837 4289 884 4346 his
940 4305 1038 4348 camus
1050 4307 1059 4362 3
1072 4293 1102 4346 et
1116 4290 1172 4347 tria
1187 4303 1285 4362 unum,
1300 4303 1421 4363 quorum
1436 4289 1530 4346 deitas
1542 4294 1596 4361 cst,
1612 4289 1766 4346 annuntia·

67 4391 122 4448 oua
134 4379 242 4450 scripta
257 4382 326 4436 sunt
339 4392 356 4436 a
370 4377 463 4436 nohis.
483 4380 563 4436 llunc
584 4383 679 4436 autem
694 4377 825 4437 fibellum
845 4386 927 4453 son
942 4394 1022 4438 mus:
1033 4379 1100 4452 imo,
1114 4386 1146 4436 ut
1157 4381 1255 4437 verius
1265 4381 1389 4451 dicatur,
1401 4392 1464 4451 qnae
1478 4378 1534 4436 tria
1544 4379 1637 4435 deitas
1646 4384 1675 4434 et
1684 4384 1767 4436 estet

67 4468 183 4526 cundum
194 4468 313 4525 solitum
324 4467 460 4525 Ecclesia
474 4467 573 4542 ritum,
590 4468 665 4525 idem
678 4472 783 4527 sancta
795 4482 890 4526 recor.
940 4469 1117 4543 agnoscitur.

69 4552 185 4615 dationis
198 4556 318 4628 scripsit
328 4557 421 4616 beatis
432 4563 461 4616 et
474 4557 544 4617 almi
559 4558 676 4616 termini
692 4558 887 4617 sanctissimis

71 4646 233 4713 patriarchis
244 4648 351 4705 cosmae
365 4646 479 4704 scilicet
490 4646 680 4721 morandus,
692 4662 726 4706 ac
737 4648 886 4708 Theodoro
976 4654 1126 4711 credimus
1139 4658 1234 4711 autem
1247 4658 1276 4710 et
1288 4653 1318 4709 in
1335 4666 1424 4710 unum
1438 4652 1566 4724 eiusdem
1583 4656 1770 4711 masmana

71 4731 217 4793 Antiochia
244 4735 437 4808 Theopoloos;
450 4735 500 4810 qui
524 4740 553 4795 et
576 4737 721 4809 reciproca
750 4737 888 4810 synodica
942 4744 1144 4804 substantialis
1169 4744 1322 4801 Trinitatis
1342 4743 1495 4800 bominum
1520 4749 1651 4802 nostrum
1671 4745 1767 4803 lesum

10 4824 14 4935 Ἰ
72 4834 167 4899 mmm,
186 4825 257 4884 dum
275 4826 370 4883 adbuc
391 4827 507 4901 viveret,
531 4827 672 4900 recepisse
691 4827 884 4903 dignoscitur.
941 4836 1106 4895 christum:
1123 4836 1172 4906 qui
1190 4836 1292 4890 oemio
1305 4836 1395 4902 (omno
1409 4836 1459 4890 Dei
1473 4839 1551 4907 esset,
1572 4838 1770 4908 aaaropinom

10 4946 12 4953 ·
73 4910 217 4973 beolumes
226 4914 278 4973 vos
287 4928 339 4986 pro
353 4915 438 4973 nobis
449 4919 564 4974 orantes
575 4917 716 4976 Dominus
727 4923 886 4994 conservet,
942 4928 1092 4985 arbitratus
1106 4930 1156 4990 est,
1170 4929 1203 4983 ut
1213 4924 1428 4996 aithpostolus,
1444 4940 1500 4981 esse
1511 4939 1539 4980 oe
1552 4927 1684 4996 oquahm
1697 4929 1752 4981 beo
1759 4942 1769 4993 ς

74 5004 235 5063 ‘willalmi
257 5011 286 5061 ⁰²
305 5003 450 5063 (stimuli
474 5006 618 5064 Ῑὶθῦθιᾶῑῑ·
941 5018 990 5076 sed
1014 5017 1184 5087 semetipsum
1211 5016 1373 5078 mauricii,
1398 5018 1516 5083 smmum
1536 5017 1608 5071 serui
1634 5017 1770 5085 occipiens

10 5096 14 5161 l
942 5107 1051 5181 (Philip.
1062 5106 1103 5182 rr).
1113 5105 1188 5162 Patri
1197 5104 1274 5161 enim
1285 5118 1349 5161 cum
1360 5103 1401 5160 sit
1410 5104 1671 5162 consubstantialis
1683 5108 1770 5176 atque

10 5168 14 5207 ¹
78 5181 205 5260 harpias
222 5187 416 5275 synodicorum
436 5188 568 5247 Theodori
584 5193 751 5250 sanctissimi
765 5196 889 5267 patrior-
942 5212 1101 5270 consessor,
1127 5197 1156 5254 in
1181 5195 1349 5254 novissimis
1371 5195 1550 5266 temporibus
1573 5209 1629 5253 uon
1651 5199 1695 5251 est
1715 5195 1771 5250 do-

309 5260 365 5317 m
378 5262 634 5332 Hm⁰⁸⁰²⁹m⁰m
942 5290 1079 5364 diguatus
1089 5289 1167 5345 nasci
1176 5300 1211 5343 ex
1219 5292 1316 5344 sancta
1326 5290 1354 5343 et
1364 5285 1533 5343 intemerata
1542 5285 1659 5343 domina
1670 5288 1769 5340 nostra

942 5381 992 5439 Dei
1016 5380 1172 5451 Genitrico,
1205 5390 1318 5434 caruem
1345 5390 1379 5433 ex
1403 5389 1434 5433 ea
1459 5389 1577 5434 sumens
1609 5374 1766 5431 animatam

103 5454 244 5519 fredimns
264 5460 367 5533 igitur,
382 5459 555 5539 beatissimi,
576 5467 815 5538 quemadmodum
830 5484 889 5530 cro·
942 5471 1039 5529 anima
1058 5467 1225 5526 rationabili
1241 5472 1270 5525 et
1287 5464 1479 5538 intelligibili,
1499 5464 1647 5536 primitias
1667 5471 1766 5517 massa

80 5541 353 5610 dhinmdesursum
363 5550 399 5609 ab
411 5550 508 5626 initio,
523 5553 652 5614 inunum
663 5557 752 5618 mum
763 5560 885 5637 Patrem,
944 5565 1058 5635 nostroe,
1074 5573 1131 5618 non
1145 5557 1323 5630 seminatam,
1337 5557 1385 5614 sod
1400 5554 1546 5611 conditam
1560 5549 1766 5627 perspiritum
