3876 6090
270 227 522 284 COLLECTANEA.
544 260 578 268 —
606 229 889 285 llt'PbtlntEleton*
917 232 960 285 DE
979 232 1096 287 Gestis
1114 234 1141 287 S.
1163 233 1303 305 ilhllllll,
1328 233 1400 290 nic.
1600 192 1605 199 ἱ
1635 232 1690 299 682

84 354 234 411 tilrmatam
266 355 405 424 probavit.
436 358 468 410 Et
496 371 611 411 rursus:
642 354 848 426 llysteriumA
866 355 1689 435 illicaroejusdcmacipsevirtutisseuoperationisiacta

101 444 320 514 incarnationis,
346 444 494 513 apostolis,
514 450 542 499 et
563 446 708 515 prophetis
722 451 808 516 atque
863 450 915 513 est,
943 445 1024 515 plane
1052 446 1137 501 etiam
1164 447 1289 516 eiusdem
1319 449 1391 505 iacta
1416 459 1459 507 est
1479 458 1596 527 nature,
1623 473 1688 514 cum

84 532 150 591 ihus
164 533 280 602 duplam
298 546 330 588 ac
350 533 491 588 diversam
508 534 536 588 ln
557 534 691 589 omuibus
708 534 809 590 habore
865 534 971 603 quibus
983 533 1117 591 omnibus
1134 540 1233 591 natura
1252 540 1305 607 est,
1329 539 1402 607 quod
1420 539 1557 610 principii
1577 556 1687 614 expers,

84 626 157 678 rium
190 627 233 676 est
258 621 415 677 naturalem
441 621 696 678 considerationem
710 642 717 687 ;
743 636 807 677 cnm
864 621 938 691 quod
952 622 1089 694 ingenita,
1104 624 1178 693 quod
1192 623 1316 694 inlicita,
1333 626 1406 695 quod
1419 628 1600 696 sempiterna,
1612 633 1688 700 quod

85 724 111 768 ω
129 710 248 767 deitatis
269 715 297 765 et
321 709 410 779 plenae
425 710 481 764 vim
505 710 605 765 habeat
629 710 809 766 ostendendae
865 710 1108 780 incomprehensa,
1122 712 1185 767 etsl
1201 726 1257 783 qua
1271 712 1413 782 eiusmodi
1429 716 1584 772 secundum
1597 718 1689 773 excel·

89 798 181 855 itatis.
211 799 245 853 Et
268 799 391 853 lterum:
415 798 526 867 Quibus
547 798 644 854 divine
660 800 767 869 pariter
781 804 809 854 et
863 797 978 854 lentiam
990 799 1169 871 theologicus
1184 814 1276 856 sermo
1288 800 1393 857 eximie
1408 802 1437 857 in
1450 804 1556 859 deitate
1568 810 1692 861 contem·

85 901 105 945 e
119 893 255 958 operatus
266 891 319 953 est,
337 884 458 956 periente
472 893 592 957 utroque
608 888 653 943 sui
668 888 806 944 rationem
863 888 974 957 platur:
988 895 1017 944 et
1029 888 1261 945 vicissitudinem
1273 894 1394 961 utraque
1405 905 1487 961 passa
1498 897 1575 962 sunt,
1588 899 1690 951 neutro

93 990 211 1035 servans
224 975 444 1032 immutabilem.
459 977 491 1031 Et
503 976 622 1031 iterum:
638 975 717 1031 Nihil
735 976 808 1031 divi·
862 975 1079 1032 substantialem
1090 981 1198 1032 nature
1210 991 1269 1034 sua
1279 977 1417 1033 rationem
1430 980 1505 1035 ultra
1517 980 1689 1037 incolumem

85 1065 168 1122 udum
181 1077 299 1133 corpore
314 1069 456 1133 operatus,
472 1063 545 1119 nihil
563 1063 719 1119 humanum
731 1063 806 1119 idem
862 1069 1000 1120 servante.
1017 1066 1051 1120 Et
1067 1079 1181 1121 rursus:
1197 1066 1251 1135 Qui
1272 1066 1347 1121 enim
1362 1080 1461 1123 corum
1480 1081 1543 1139 que
1558 1075 1626 1124 sunt
1639 1069 1691 1124 di-

85 1167 154 1211 rens
167 1154 242 1224 quod
253 1167 354 1222 expers
364 1160 438 1209 esset
449 1151 582 1209 deitatis:
596 1166 651 1224 qua
663 1153 723 1222 ipsa
737 1166 807 1210 nova
862 1166 949 1208 versa
964 1157 1073 1209 nature
1088 1155 1213 1211 eamdem
1227 1155 1315 1210 sentit
1327 1156 1531 1228 operationem,
1546 1155 1692 1213 conlusio·

85 1243 149 1315 ique
171 1243 280 1298 ratione
296 1246 416 1311 utraque
453 1246 568 1310 peratus
581 1247 634 1311 est,
654 1242 806 1312 utriusque
862 1254 925 1296 nem
946 1241 1054 1309 pariter
1072 1242 1230 1298 naturalem
1245 1243 1474 1315 divisionemque
1496 1244 1623 1314 ipsorum
1639 1245 1690 1300 irr-

85 1329 258 1386 rimmuncm
275 1342 304 1384 se
319 1342 334 1383 a
349 1327 506 1383 mutatione
530 1341 655 1398 servans,
680 1328 714 1383 ad
740 1342 807 1397 per·
861 1329 943 1385 ducit
960 1330 1135 1387 naturalem:
1161 1331 1257 1401 ignota
1282 1346 1399 1402 prorsus
1420 1345 1453 1388 ac
1474 1331 1625 1388 obscurata
1640 1346 1690 1402 per

85 1431 133 1476 nae
149 1416 338 1473 humanitatis
354 1430 416 1486 que
438 1415 520 1485 plane
536 1430 601 1471 vcra
617 1416 657 1471 sit
675 1415 806 1486 nihilque
864 1417 1033 1473 idiomatum
1044 1419 1296 1475 commutationem
1312 1420 1436 1476 naturali
1452 1433 1549 1476 corum
1561 1419 1692 1476 substan·

85 1506 109 1563 ii
130 1513 181 1561 aut
204 1505 277 1560 labis
291 1503 435 1573 admittat,
452 1504 533 1559 lidum
557 1504 768 1560 adstruendam.
862 1506 904 1560 tia
926 1505 1146 1577 existentiaque.
1175 1509 1259 1563 ltem:
1283 1507 1311 1563 Si
1336 1521 1401 1563 vero
1426 1520 1481 1564 non
1509 1507 1635 1578 ejusdem
1656 1521 1689 1564 ac

85 1595 123 1651 iis
149 1610 212 1649 urvo
243 1596 291 1663 qui
325 1610 408 1647 aaaron
441 1594 550 1648 ‹lnitutts
582 1599 607 1648 ct
628 1594 807 1648 terrenitatis
861 1592 1249 1666 illelactaestnaturae,nec
1268 1596 1394 1665 ejusdcm
1413 1609 1540 1666 unquam
1556 1594 1603 1651 det
1619 1608 1690 1665 ope-

85 1686 252 1752 mationem,
279 1686 304 1735 ct
333 1687 462 1735 ntrtrtrnrn
495 1681 687 1747 rlcqrrvnh'znnt,
722 1682 804 1737 elicit:
823 1667 1174 1740 Brattonls.Ettterurn:
1191 1664 1691 1757 inhuncautemetroremimpege-

85 1770 138 1829 tim
158 1766 356 1825 circumscribi
373 1774 475 1824 natura
494 1768 590 1840 genita
611 1775 805 1838 comparatum
861 1777 940 1843 runt,
971 1773 1118 1828 credentes
1149 1772 1220 1828 male
1249 1773 1393 1843 propriam
1429 1773 1527 1829 carnis
1562 1770 1689 1829 ellectum

85 1859 289 1919 adsecundurn
307 1863 437 1914 naturam
450 1857 609 1929 ingenitum
623 1863 675 1928 est,
691 1858 804 1913 tametsi
860 1860 988 1916 divinam
1012 1861 1204 1931 operationem
1228 1874 1291 1931 quae
1307 1875 1356 1931 per
1377 1860 1466 1931 ipsam
1494 1862 1523 1916 in
1540 1861 1691 1929 miraculis

85 1948 132 2005 uit
146 1962 196 2018 per
210 1945 434 2015 conceptionem,
449 1960 512 2009 quae
522 1945 578 2000 vim
594 1958 705 2000 omnem
725 1959 807 2001 men·
862 1945 1011 2004 manifesta
1034 1953 1089 2017 cst,
1108 1962 1163 2019 qua
1181 1948 1324 2016 Christus,
1353 1961 1447 2003 rerum
1468 1948 1520 2004 hac
1542 1949 1690 2005 universi-

85 2036 265 2095 :nmscribitz
282 2049 314 2090 ac
331 2048 381 2090 nec
397 2047 521 2104 unquam
539 2033 567 2087 in
581 2033 704 2089 eamdem
720 2040 808 2089 natu·
863 2039 919 2090 tate
929 2036 1054 2106 condita,
1068 2036 1224 2092 secundum
1236 2037 1310 2106 quod
1327 2036 1503 2107 intelligitur
1516 2037 1600 2106 Deus,
1612 2036 1688 2106 quod

85 2125 276 2194 rtnmlemque
298 2124 432 2178 virtutem
458 2136 507 2177 scu
530 2121 721 2190 operationem
741 2135 809 2176 ver·
864 2125 904 2179 ita
916 2125 1063 2180 conditum
1079 2128 1121 2180 est
1139 2130 1214 2180 tenet
1226 2137 1259 2179 ac
1273 2128 1430 2179 conservat.
1448 2124 1482 2178 Et
1495 2124 1614 2179 ilerum:
1626 2125 1688 2178 Nou

109 2213 199 2270 donec
219 2218 373 2281 utrumque
389 2210 464 2264 intra
486 2209 628 2278 propriam
650 2208 807 2264 naturalem
863 2213 938 2268 enim
954 2217 1145 2284 cognoverunt
1168 2212 1229 2267 lieri
1243 2225 1298 2268 non
1312 2225 1404 2282 posse,
1416 2217 1447 2268 ut
1459 2211 1564 2267 divinae
1580 2216 1689 2266 naturae

86 2301 280 2358 ertibilitatem
304 2303 406 2354 manet.
436 2299 470 2351 Et
495 2297 577 2352 item:
605 2298 709 2353 Eorum
731 2296 807 2351 enim
863 2301 990 2371 operatio
1004 2299 1126 2357 alterius
1146 2300 1322 2371 diverseque
1341 2299 1509 2356 substantie
1529 2298 1689 2369 proprietas

86 2394 118 2447 et
132 2387 333 2461 quaeejusdem
353 2391 461 2442 naturae
477 2391 554 2456 sunt,
573 2391 667 2441 motus
679 2384 806 2455 ejusdem
863 2390 942 2445 lieret
962 2388 1070 2459 absque
1087 2387 1337 2444 convertibilitate.
1356 2388 1390 2443 Et
1411 2387 1530 2442 iterum:
1555 2384 1689 2456 Quandiu

85 2491 142 2536 sac
152 2476 279 2533 efficaciae
289 2480 342 2546 est,
357 2473 546 2530 substantiam
557 2472 711 2544 designans
724 2475 808 2543 cujus
863 2490 918 2532 non
935 2490 1023 2533 unum
1039 2476 1195 2533 secundum
1209 2475 1362 2531 essentiam
1379 2475 1467 2530 unius
1480 2473 1610 2530 noscitur
1621 2486 1690 2530 vcr-

86 2565 287 2634 nralisvirtus,
304 2577 367 2619 cum
390 2561 551 2618 substantia
563 2561 682 2617 diversae
698 2566 807 2617 naturae
862 2564 930 2621 bum
941 2563 1126 2635 operationis,
1148 2563 1228 2619 nulla
1241 2575 1367 2633 unquam
1382 2561 1492 2617 ratione
1505 2560 1562 2631 liat,
1577 2564 1609 2617 ut
1625 2573 1691 2615 am-

86 2655 165 2711 ttatis
175 2653 255 2709 nulla
266 2651 375 2707 ratione
387 2665 448 2707 esse
460 2649 550 2719 possit
562 2654 612 2704 aut
622 2649 683 2705 deri
700 2649 807 2721 absque
862 2651 963 2708 borum
975 2657 1069 2708 motus
1087 2654 1286 2723 cognoscatur.
1299 2651 1333 2705 lit
1348 2649 1469 2705 iterum:
1486 2650 1593 2719 ltaque,
1610 2649 1690 2720 Bere,

86 2740 230 2799 tibilitate
254 2742 338 2796 ltem:
363 2739 484 2809 Etenim,
502 2751 564 2807 quae
583 2738 709 2807 ejusdem
732 2738 807 2794 inter
862 2739 1091 2811 quisichabeat,
1108 2742 1140 2795 ut
1163 2738 1302 2808 dicebam,
1326 2750 1383 2793 una
1395 2736 1558 2806 operatione
1580 2734 1689 2791 Christi

86 2830 140 2889 rtis
154 2834 231 2900 sunt,
247 2833 275 2884 et
289 2827 475 2898 operationis,
493 2826 677 2897 ejusdemque
689 2841 806 2897 prorsus
863 2829 971 2898 pariter
979 2829 1115 2884 deitatem
1130 2830 1159 2882 et
1175 2825 1379 2881 humanitatem
1395 2828 1495 2879 natura
1513 2821 1691 2879 coniundens

87 2917 317 2976 caecarumdem
332 2914 507 2985 passionum,
524 2926 555 2968 ca
574 2917 682 2969 naturae
696 2914 808 2971 distin·
861 2929 893 2971 ac
921 2915 1051 2986 personis
1070 2914 1213 2984 dividens,
1239 2913 1326 2968 vitam
1343 2910 1491 2981 dissolvit,
1516 2909 1565 2981 qui
1590 2922 1691 2979 nempe

86 3021 102 3063 rr
129 3020 185 3062 non
201 3004 369 3071 admittunt,
384 3000 570 3072 conlustsque
585 3015 680 3058 secum
695 2986 980 3074 naturisssncsciat,
1009 3003 1135 3058 eamdem
1170 3000 1374 3071 operationem,
1414 3010 1598 3069 personarum
1628 3009 1691 3068 quae

86 3094 177 3152 metus
192 3092 328 3162 dualitas,
348 3091 535 3162 personisque
553 3090 658 3146 divisis
671 3090 718 3146 det
733 3105 808 3161 qua·
861 3091 988 3161 ejusdem
1017 3094 1125 3145 naturae
1149 3088 1218 3158 sint,
1242 3087 1419 3142 identitatem
1453 3085 1594 3141 duntaxat
1617 3084 1692 3140 desi·

86 3198 118 3241 n:
131 3182 207 3254 quod
226 3181 354 3236 omnium
375 3179 498 3235 maxime
512 3179 677 3235 cavendum.
701 3180 735 3233 Et
751 3179 808 3234 ite-
862 3192 957 3250 gnare.

86 3271 229 3345 liquidem
243 3270 341 3342 igitur,
354 3272 387 3324 ut
401 3272 502 3325 auctor
513 3269 583 3324 Bero
595 3271 648 3329 est,
660 3271 807 3337 assumpta

86 3423 1674 3452 Μ

392 3559 664 3631 SCIIOLION
694 3559 770 3630 sine
806 3557 849 3628 H
855 3555 1279 3640 YPOMNESTICUM,

87 3738 125 3803 rei
139 3738 305 3801 desiderio
320 3754 359 3801 ec
374 3737 443 3801 cele
455 3737 573 3801 ntntno
586 3736 696 3819 tepere
708 3735 883 3800 notuerint
898 3734 1044 3799 breviter
1056 3733 1237 3798 meternes
1252 3749 1323 3815 que
1333 3730 1455 3813 poecis
1468 3733 1552 3793 rent
1566 3730 1690 3811 equite

87 3819 248 3901 agitate),
263 3819 361 3881 idest
371 3816 630 3882 cremettteticis
645 3817 900 3895 certaminibus,
915 3819 994 3898 quot
1008 3814 1146 3891 cecilie,
1158 3819 1190 3876 et
1202 3814 1242 3877 in
1256 3812 1378 3894 quites
1392 3810 1475 3874 locis
1489 3826 1528 3872 ec
1543 3813 1690 3890 tempore

86 3897 229 3963 reveren
243 3899 461 3976 vvrertgeiern,
471 3898 622 3978 diemque
633 3898 703 3977 side
717 3898 762 3959 ed
776 3899 884 3959 Deum
892 3892 1130 3977 profectionis,
1148 3897 1180 3956 et
1199 3891 1429 3967 exhibitionis,
1448 3892 1643 3952 sanctornm
1656 3893 1690 3953 et

87 3975 225 4041 horrere
233 3980 378 4040 Petrum
390 3981 580 4038 reosteorrtrn
589 3993 628 4040 ec
639 3977 891 4069 vrreqistrerenr,
903 3991 1064 4036 eeomctm
1073 3989 1191 4036 renero
1200 3971 1437 4053 consenserent,
1448 3973 1481 4032 et
1490 3983 1690 4048 magnetem

87 4061 235 4137 'ternam
245 4058 417 4138 precipue
432 4055 535 4119 illies
574 4057 610 4118 ei
620 4060 770 4137 positam
784 4055 838 4118 tic
862 4052 1041 4136 epistolem
1061 4053 1170 4132 dieite
1191 4052 1255 4114 Dei
1282 4050 1437 4130 scripsit,
1459 4066 1495 4111 eo
1510 4049 1599 4141 qnod
1615 4048 1689 4129 ipse

87 4138 153 4201 tem
166 4154 289 4214 eornm,
303 4138 362 4217 qni
372 4139 452 4198 ente
462 4153 496 4197 ae
505 4074 660 4216 &farneti
671 4138 766 4212 seret,
775 4134 921 4197 Muciani
929 4132 1061 4196 scilicet
1071 4130 1293 4194 etAncstosii
1308 4129 1394 4192 disci
1419 4127 1473 4190 eti
1485 4144 1572 4208 eyes,
1583 4128 1615 4189 si
1640 4128 1691 4190 ei

87 4218 176 4281 ecrit
189 4219 286 4293 dieve
300 4219 340 4278 et
347 4216 532 4296 prelature
543 4218 592 4275 est
607 4239 617 4275 .·
631 4216 670 4275 de
683 4231 718 4276 se
730 4217 853 4291 caetere,
868 4217 900 4276 et
910 4212 1083 4306 gereretis
1094 4209 1267 4292 factrices
1278 4209 1365 4287 ejes,
1407 4207 1544 4270 teodoro
1558 4144 1691 4270 scilqicet

87 4298 259 4378 teprepio,
278 4314 380 4358 vrevrre.
393 4298 543 4376 Irvcreper
553 4296 586 4356 et
595 4294 746 4356 Martini
756 4292 968 4356 sanctissimi
978 4295 1011 4354 et
1021 4291 1144 4354 semoti
1156 4287 1443 4370 apostotieipnpor
1457 4302 1496 4349 ec
1505 4285 1685 4364 martyris,

89 4377 192 4454 omni,
205 4393 276 4457 qne
286 4375 346 4438 arth
358 4374 427 4436 sole
441 4377 502 4451 est,
517 4372 687 4466 precellit
701 4372 873 4436 tiereticor
895 4372 1075 4451 dignitati,
1090 4373 1191 4451 etque
1213 4367 1434 4450 quorumdem
1448 4365 1598 4429 eliorum
1612 4381 1689 4445 qen-

87 4473 256 4538 rprnrsens
265 4455 410 4537 epistole
423 4458 623 4517 rverrtrcnern
636 4470 703 4515 non
716 4450 815 4533 feeit,
829 4469 887 4515 nec
902 4466 1116 4532 quaestioque,
1131 4447 1356 4527 cavenolio
1369 4445 1499 4524 cterte,
1516 4444 1571 4508 eet
1580 4443 1685 4505 temo.

87 4621 188 4674 teteos
204 4617 251 4687 qui
266 4617 325 4673 haec
337 4615 458 4687 legerint
472 4612 644 4684 exemplaria
656 4609 804 4682 presentis
817 4608 844 4670 D
860 4608 891 4664 in
906 4607 1050 4679 Byzantio,
1071 4620 1128 4663 una
1147 4620 1212 4664 cum
1231 4608 1424 4662 concertatore
1439 4616 1491 4659 suo
1504 4604 1533 4658 et
1547 4612 1611 4656 vere
1627 4596 1690 4668 plri-

87 4704 248 4763 liliussacri
264 4705 467 4776 epistolae,heo
480 4702 656 4772 parentibus,
667 4699 716 4771 qui
727 4713 806 4756 scru·
861 4697 990 4769 losopho,
1022 4697 1080 4752 imo
1121 4695 1266 4776 deosopho
1300 4705 1468 4765 magnopere
1501 4691 1687 4758 commartyre

87 4798 190 4851 eneset
205 4796 300 4864 corda,
316 4793 479 4848 llrmissime
494 4790 618 4857 credere,
635 4789 704 4858 quia
719 4787 748 4842 in
761 4800 803 4857 ea,
859 4785 968 4841 christi
982 4783 1042 4841 veri
1057 4783 1107 4838 nei
1123 4788 1151 4838 ct
1174 4781 1326 4838 salvatoris
1342 4780 1433 4837 nostri
1453 4777 1586 4847 Maximo,
1601 4774 1630 4831 id
1645 4779 1688 4831 est

88 4887 131 4939 ste
153 4882 294 4951 veritatis,
316 4894 350 4935 ex
377 4880 438 4951 ipsa
458 4878 588 4949 epistola,
606 4890 668 4946 quac
690 4875 806 4945 propria
860 4886 924 4929 cum
939 4870 1068 4928 abintus
1084 4860 1218 4926 abscisse
1238 4867 1347 4924 luerint
1366 4866 1498 4937 pretiosae
1516 4864 1688 4934 ipsorumac
1778 4898 1782 4902 κ

87 4972 153 5042 slus,
168 4971 225 5026 imo
239 4978 271 5026 ut
284 4971 379 5027 verius
395 4975 510 5040 propter
522 4965 656 5023 miraculi
674 4965 805 5020 dicamus
860 4975 957 5026 sacrae,
981 4959 1181 5032 divinitusque
1208 4956 1348 5012 veraciter
1380 4954 1500 5011 mobiles
1523 4952 1628 5025 linguar
1654 4964 1688 5006 ac

87 5077 102 5132 v,
120 5060 215 5132 digito
231 5061 280 5114 liei
295 5060 402 5128 scripta
414 5063 467 5126 est,
484 5056 575 5112 sancti
599 5054 732 5109 videlicet
750 5054 805 5108 Pn—
861 5064 972 5120 manus,
984 5062 1049 5104 cum
1060 5044 1226 5103 verberibus
1234 5050 1262 5100 ct
1271 5042 1422 5100 tormentis
1435 5039 1636 5111 amarissimis,
1652 5052 1687 5094 ex

109 5149 241 5222 magistri
265 5149 355 5205 nostri
384 5147 482 5204 domni
507 5144 620 5201 abbatis
647 5141 803 5211 Anastasii,
861 5137 967 5209 quihus
981 5135 1132 5207 sanguinis
1151 5133 1269 5191 liuorem
1280 5136 1307 5187 et
1321 5143 1451 5200 pompam
1472 5143 1521 5200 per
1531 5133 1619 5185 totam
1640 5140 1688 5183 ur·

87 5237 177 5296 eriet
195 5238 377 5307 apocrisiarii
401 5235 525 5292 senioris
546 5239 575 5289 et
597 5231 805 5302 opinatissime
860 5227 922 5281 bem
948 5225 1073 5296 perpessi
1094 5229 1172 5294 sunt,
1195 5220 1270 5293 quod
1293 5233 1344 5276 nec
1368 5219 1448 5275 malsc
1476 5230 1601 5288 unquam
1621 5212 1687 5269 vite

87 5328 188 5395 homae,
217 5327 396 5397 multumque
416 5324 554 5380 certantis
578 5319 672 5392 magni
697 5324 725 5374 et
740 5317 803 5374 novi
861 5328 956 5370 revera
967 5314 1119 5385 quisquam
1135 5309 1286 5367 sustinuit.
1300 5308 1334 5363 lit
1345 5307 1402 5364 nisi
1413 5308 1493 5364 solus
1504 5307 1580 5361 heus
1590 5302 1639 5374 qui
1650 5315 1685 5358 ex

89 5414 363 5486 martyrisverltatis
373 5412 545 5481 transcripta
556 5413 634 5476 sunt,
651 5406 757 5476 scripta
769 5403 804 5460 ab
861 5403 955 5459 nihilo
969 5407 1002 5459 ut
1015 5405 1219 5459 essentcuncta
1236 5397 1408 5468 produxitet
1416 5399 1543 5452 mortuos
1552 5389 1682 5458 suscitat,

88 5518 170 5579 qaam
184 5507 349 5575 passusest,
366 5500 604 5573 quemadmodum
619 5495 728 5552 dictum
750 5499 804 5558 cst,
860 5505 894 5547 ex
905 5489 1103 5561 hujuscemodi
1113 5486 1283 5544 crudelitate
1298 5485 1425 5555 ipsorum
1438 5486 1467 5538 et
1477 5483 1556 5535 tanto
1570 5472 1684 5545 saugui-

191 5611 300 5666 Pnrnot
329 5608 456 5665 cxxix.
1467 5581 1505 5640 Ἠ
