3876 6090
60 258 106 317 ⁴29
432 265 702 326 INTERPRETATIO
720 269 844 327 simoni
863 272 922 329 vili
940 271 1190 331 semermis-
1201 277 1302 336 ACTIO
1322 281 1369 336 IX.
1710 282 1763 344 430

58 391 191 448 sissimus
204 393 543 467 presbyteretsyocellus
564 399 687 457 orientis
707 400 804 457 throni
818 401 881 458 iiie
893 400 923 460 li
938 401 1099 475 crithinus,
1116 407 1285 464 anathema!
1305 409 1344 465 lis
1361 410 1411 480 qui
1431 409 1626 469 adhucdubio
1646 413 1761 483 quidem

58 479 263 550 mwlymorun
274 482 352 540 dixit
365 501 373 538 ι
385 485 744 561 blagnobeneliciodiguos
754 503 801 547 eos
814 489 883 546 iecit
938 497 1005 549 sunt
1015 506 1118 550 sensu:
1139 495 1277 552 insensati
1296 510 1363 553 vero
1375 501 1444 553 sunt
1460 496 1660 570 ambiguitate,
1673 509 1702 556 et
1716 501 1763 558 ob·

57 569 228 627 interventio
245 572 342 628 sancti
356 572 472 644 imperii
497 576 540 632 tui
558 577 653 646 hodie,
665 578 774 635 Christi
791 580 882 635 amice
936 580 1008 637 sessi
1022 581 1136 652 quidem
1147 597 1163 639 a
1175 584 1300 642 tenebris
1317 585 1476 655 impietatis
1487 600 1557 660 suae,
1572 588 1758 658 suspicantur

55 655 177 727 dominc,
191 664 223 714 et
232 658 394 728 plurimum
408 662 560 721 laetlticasti
577 678 638 736 nos,
654 667 711 724 imo
722 665 880 738 Christum,
937 668 1136 739 aquibusdam
1151 673 1286 744 consequi
1305 674 1506 744 reversionem,
1525 675 1676 732 anathema
1695 676 1762 732 ila-

55 745 97 814 qui
111 745 321 806 tibitdonavit
343 751 510 824 imperium,
525 752 576 824 qui
600 759 628 811 et
648 761 795 813 conservet
807 763 835 814 te
848 756 878 813 in
938 757 1029 830 ludio,
1039 759 1136 830 Leoni,
1148 767 1175 817 et
1187 761 1321 832 quisquis
1331 763 1399 820 hinc
1408 763 1546 820 similiter
1556 764 1642 835 sapit,
1656 769 1714 821 taor
1730 765 1761 821 in

55 832 335 904 relopietatisnune
350 845 380 895 et
393 838 423 896 in
443 840 556 899 secula.
570 842 753 900 sanctissimi
778 845 880 901 vicarii
935 847 1089 918 episcopis,
1114 853 1143 904 et
1161 849 1389 921 presbyterique
1410 852 1558 909 monacbis
1571 866 1656 924 qnam
1670 853 1700 908 io
1723 854 1761 910 iis

56 922 175 981 senioris
188 924 458 986 benedixerunt:
474 929 621 1000 Sapientia
635 931 791 990 inellabilis
802 932 882 989 Chri·
936 934 986 1004 qui
1003 936 1258 1009 quomodocunque
1268 939 1375 997 attonsi
1393 941 1566 1013 consistunt,
1585 942 1756 998 anathema!

56 1012 592 1076 uusbeusnosterordinatmundnm
607 1034 712 1092 revera,
732 1022 802 1093 quia
814 1029 842 1078 et
854 1027 881 1079 te
935 1023 1037 1080 Photio
1058 1025 1163 1081 curiali
1190 1032 1218 1083 et
1240 1027 1365 1084 invasori
1389 1029 1560 1086 anathemat
1587 1030 1689 1088 Photio
1712 1046 1764 1088 soe·

57 1098 221 1171 piissimum
245 1110 276 1160 et
293 1105 444 1164 dominum
468 1106 667 1178 imperatorem
691 1111 820 1181 provenit
844 1113 878 1168 ad
935 1112 1027 1168 culari
1042 1118 1070 1169 et
1086 1112 1193 1170 lorensi
1210 1118 1361 1172 anathema·
1377 1117 1383 1170 i
1402 1117 1504 1174 Photio
1518 1118 1659 1190 neophyto
1671 1125 1700 1176 et
1722 1124 1761 1191 ty-

57 1190 262 1248 oorrectiouem
275 1193 406 1251 omnium
418 1196 468 1267 qui
483 1202 659 1269 erraverunt,
679 1204 708 1254 et
719 1200 878 1257 custodiam
936 1214 1025 1258 mono
1051 1204 1223 1260 acaciana!
1248 1205 1348 1262 Photio
1369 1207 1554 1265 schismatico
1578 1215 1607 1265 et
1626 1209 1762 1266 damnato

59 1281 343 1338 elcouservationem
356 1296 455 1341 eorum
466 1284 516 1356 qul
531 1291 606 1343 recta
619 1286 737 1356 sapiunt
752 1305 758 1341 :
774 1294 802 1345 et
814 1303 881 1361 gau-
934 1290 1084 1346 anathema
1101 1291 1107 1344 l
1130 1292 1232 1349 Photio
1249 1293 1358 1351 moecbo
1373 1302 1400 1350 et
1413 1295 1565 1365 parricidae
1585 1297 1735 1354 anathema
1753 1297 1759 1351 l

59 1367 142 1424 detio
158 1372 189 1426 te
214 1376 315 1427 sancta
338 1372 464 1429 liomaoa
486 1374 623 1446 Ecclesia,
649 1375 814 1446 hujusmodi
839 1392 881 1436 zo
934 1376 1110 1435 Fabricatori
1124 1381 1337 1438 mendaciorum
1349 1384 1520 1440 anathemal
1543 1386 1685 1442 inventori
1700 1400 1762 1456 per·

60 1458 107 1514 lum
120 1463 209 1515 tuum
227 1473 281 1530 pro
293 1460 398 1531 pietate
410 1463 611 1535 conspiciens,
636 1479 713 1522 nuuc
734 1480 800 1539 ergo
813 1481 878 1524 eum
934 1479 1080 1523 versorum
1101 1468 1264 1541 dogmatum
1284 1459 1434 1528 anathema
1451 1473 1457 1526 i
1477 1473 1579 1531 Photio
1593 1487 1664 1530 novo
1675 1475 1761 1530 liari-
1797 1533 1801 1537 ,

60 1547 98 1617 qui
120 1548 224 1605 noluit
238 1549 411 1623 intelligere,
439 1557 470 1609 ut
495 1552 566 1610 bene
588 1561 693 1627 ageret,
719 1569 810 1626 neque
826 1571 880 1627 poe·
935 1567 979 1610 mo
1000 1554 1104 1624 Cynico
1127 1558 1296 1615 anathemat
1324 1561 1400 1616 Novo
1429 1560 1566 1618 Dioscoro
1590 1561 1759 1618 anathemal

59 1636 151 1707 nitere,
177 1644 210 1695 et
238 1638 387 1697 discedere
408 1639 444 1696 ab
473 1640 620 1713 impietate
645 1645 761 1714 propria
792 1645 879 1703 ibeo
933 1643 1071 1714 Gregorio
1096 1644 1206 1702 dudum
1232 1647 1366 1719 episcopo
1391 1647 1567 1718 Syracusano
1589 1650 1759 1707 anathemal

60 1725 153 1782 lorum
181 1726 333 1800 videlicet,
359 1729 410 1801 qui
435 1730 601 1788 nominatur
627 1733 789 1802 crithinus,
814 1747 880 1791 ana·
895 1748 921 1808 Β
935 1730 1225 1802 Eulampiodeposito
1238 1734 1388 1792 anathema
1403 1736 1409 1790 i
1426 1737 1567 1794 Omnibus
1586 1737 1761 1809 sequacibus

60 1813 220 1872 thematizel
231 1821 331 1873 sancta
341 1817 401 1874 baec
411 1822 440 1874 et
450 1819 621 1877 universalis
638 1821 774 1894 synodus,
785 1828 814 1878 et
823 1837 881 1879 om-
934 1824 962 1874 et
972 1816 1135 1878 fautoribus
1150 1824 1212 1891 ejus
1226 1822 1376 1880 anathema
1393 1825 1517 1881 trinitas
1531 1839 1622 1884 annos
1641 1826 1762 1898 impera·

61 1916 100 1959 uos
114 1909 330 1962 consentaneos
348 1907 420 1976 ejus.
439 1914 496 1964 tam
516 1908 567 1980 qui
587 1922 663 1966 nunc
676 1909 771 1967 adbuc
783 1923 882 1981 super·
935 1912 1029 1964 torum
1048 1909 1159 1980 Basilii,
1181 1911 1373 1984 constantini,
1391 1917 1418 1969 et
1438 1914 1569 1970 Leonis·
1590 1916 1759 1987 Magnorum

60 1998 129 2060 sunt,
147 2006 239 2064 quam
255 1994 350 2066 quiin
370 1995 466 2056 eodem
481 2010 568 2054 sensu
582 1997 824 2067 etopinionevita
836 2013 881 2055 ex·
936 1995 1098 2066 principum
1114 2004 1142 2053 et
1157 1999 1361 2069 imperatorum
1379 2001 1485 2058 multos
1500 2015 1590 2059 annos
1603 2002 1608 2055 l
1621 2002 1760 2060 Orthodo

60 2087 213 2139 cesserunt.
229 2082 429 2141 litascendeus
440 2085 668 2156 Stephanusiteo
684 2086 880 2143 amicissimus
934 2098 1035 2140 rorum
1054 2084 1258 2155 imperatorum
1275 2088 1380 2145 multos
1397 2089 1506 2145 annosl
1526 2089 1707 2160 Erigentiuru
1718 2104 1762 2147 ec

59 2167 195 2227 diaconus
206 2175 240 2227 et
252 2172 394 2239 notarius,
409 2173 880 2232 anathematizavitita:Omnibus
933 2171 1037 2230 clesias
1054 2174 1159 2230 multos
1177 2175 1287 2231 annosl
1311 2174 1511 2233 liberatorum
1528 2177 1760 2235 Christianorum

61 2255 201 2315 hereticis
220 2259 390 2317 anathemat
408 2260 548 2333 concilio,
571 2262 646 2333 qnod
671 2262 765 2319 adbuc
783 2262 880 2320 fremit
935 2261 1040 2318 multos
1054 2275 1144 2319 annos
1161 2262 1454 2321 iNovoConstantino
1465 2266 1693 2323 multosannosl
1709 2268 1762 2324 No-

60 2352 151 2404 centra
165 2347 347 2405 venerabiles
365 2349 513 2422 imagines,
532 2350 700 2409 anathemat
717 2353 752 2408 llt
768 2352 819 2423 qui
840 2366 880 2408 re-
933 2365 968 2407 vo
982 2350 1141 2409 Theodosio
1151 2352 1376 2409 multosaunosl
1393 2354 1471 2410 Novo
1486 2353 1630 2410 llarciano
1653 2353 1762 2412 multos

59 2435 124 2506 cipit
139 2435 250 2507 impias
267 2436 407 2495 hereseos
426 2438 555 2509 ipsorum
572 2440 746 2512 ratiuncula,
765 2440 880 2497 anatho·
933 2437 1042 2495 annosi
1062 2439 1199 2496 Eudoxio
1218 2440 1357 2512 piissimae
1375 2439 1512 2512 Augustae
1528 2441 1635 2499 multos
1645 2454 1736 2498 annos
1753 2443 1760 2496 l
1775 2431 1778 2436 ’

59 2524 114 2581 mal
137 2525 181 2582 lis
207 2525 390 2597 quisumunt
409 2527 516 2585 divlnae
537 2529 693 2601 Scripturas
709 2529 797 2599 dicta,
816 2543 879 2600 qnae
933 2530 1017 2584 Novae
1031 2527 1132 2584 iudith
1155 2527 1260 2586 multos
1280 2528 1396 2586 annosl
1420 2530 1504 2585 Novae
1522 2529 1633 2587 lielenae
1655 2529 1763 2589 multos

59 2620 119 2671 srot
139 2614 283 2673 adversus
307 2615 384 2674 idola
405 2622 503 2674 contra
533 2618 707 2675 venerandas
728 2618 878 2690 imagines,
934 2628 1024 2672 annos
1040 2615 1047 2670 l
1063 2617 1147 2673 Novae
1159 2616 1319 2675 Pulcheriao
1328 2618 1434 2675 multos
1448 2630 1540 2675 annos
1552 2618 1558 2672 l
1572 2618 1684 2676 Nicolal
1700 2619 1764 2677 bea-

59 2702 226 2760 amtbomal
246 2703 288 2762 lis
301 2704 352 2776 qui
368 2718 425 2762 nou
440 2705 654 2777 amplectuutur
668 2712 781 2764 sancus
797 2713 881 2763 etvo
936 2704 1042 2761 tissimi
1063 2719 1141 2777 pepon
1157 2707 1277 2763 Romani
1298 2712 1403 2764 aterna
1425 2707 1576 2765 memorial
1600 2707 1672 2764 Novi
1691 2707 1763 2764 Phi-

60 2791 196 2850 rerandas
213 2793 364 2866 imagines,
379 2793 542 2851 anathema!
558 2793 597 2851 lis
608 2796 657 2864 qui
671 2800 773 2851 vocant
784 2807 880 2852 sacras
935 2807 1001 2849 nees
1011 2799 1116 2851 aeterrm
1126 2795 1277 2852 memorial
1289 2796 1359 2852 Novi
1370 2795 1470 2852 Daniel
1482 2796 1589 2853 multos
1603 2808 1696 2853 anuos
1706 2796 1712 2851 l
1723 2797 1765 2852 ln·

60 2882 152 2939 iconas
171 2880 265 2953 idola,
284 2883 436 2940 anathema
450 2881 456 2936 l
475 2883 515 2940 lis
531 2883 582 2956 qui
597 2883 700 2940 dicunt
715 2883 782 2954 quia
800 2888 830 2939 ut
844 2881 878 2939 ad
935 2882 1116 2953 teremptoris
1132 2883 1196 2940 novi
1211 2883 1337 2940 Simonis
1352 2883 1459 2941 multos
1468 2897 1558 2941 annos
1573 2883 1579 2937 l
1593 2883 1764 2940 Percutien-

59 2972 123 3028 ileos
135 2970 302 3028 Christiani
314 2971 349 3028 ad
362 2970 501 3045 imagines
510 2976 700 3043 accesserunt,
711 2970 879 3029 anathema!
937 2969 975 3026 tis
997 2983 1100 3027 novum
1124 2969 1253 3028 fallacem
1271 2970 1413 3029 Ananiam
1434 2973 1540 3029 multos
1556 2972 1668 3030 annosi
1691 2973 1763 3029 Novi

59 3062 92 3118 lis
114 3060 166 3131 qui
185 3059 404 3118 communicant
424 3060 557 3133 scienter,
582 3060 749 3118 anathemat
768 3060 808 3117 lis
829 3060 879 3131 qui
896 3057 1081 3174 GCaelestini
1099 3059 1205 3116 multos
1227 3072 1318 3117 annos
1334 3061 1340 3115 l
1357 3061 1428 3118 Novi
1444 3061 1561 3118 llartinl
1578 3067 1765 3125 sternamu-

59 3148 258 3207 oonviciaulur
268 3155 297 3205 et
309 3149 485 3207 inhonorant
501 3148 677 3206 venerabiles
690 3149 797 3220 iconas,
817 3163 882 3207 ana·
937 3149 1043 3206 morial
1057 3148 1177 3205 Adriani
1191 3149 1365 3206 sanctissimi
1381 3164 1460 3220 papae
1469 3151 1589 3207 Romani
1601 3150 1764 3207 multosau-

60 3238 150 3295 bema
166 3239 174 3293 l
190 3237 294 3309 lisqui
305 3237 419 3309 dicunt,
431 3239 506 3311 quod
519 3237 778 3310 praeteerristum
788 3239 882 3296 borni-
937 3251 988 3294 nos
1005 3237 1127 3309 lignatii
1143 3238 1319 3294 sanctissimi
1335 3239 1504 3309 patriarcha
1518 3239 1764 3309 Constantinopo-

60 3339 121 3383 rum
132 3330 269 3385 nostrum
279 3325 356 3384 allus
369 3326 513 3398 quispiam
524 3338 576 3384 nos
586 3325 720 3383 liberavit
733 3327 769 3383 ab
782 3328 882 3395 idolis,
938 3325 996 3383 leos
1012 3325 1118 3381 multos
1140 3324 1248 3382 annosl
1269 3325 1339 3382 Novi
1362 3324 1514 3382 Athanasii
1531 3326 1638 3384 multos
1652 3327 1760 3384 anuos!

59 3414 207 3472 anathema
220 3414 226 3469 l
238 3414 279 3472 iis
300 3415 350 3487 qui
368 3415 474 3472 audent
489 3416 586 3472 dicere
602 3416 772 3472 catholicam
790 3417 881 3473 liccle·
936 3413 1007 3470 Novi
1022 3411 1195 3468 contessoris
1209 3412 1290 3468 Pauli
1305 3413 1411 3469 multos
1424 3413 1536 3470 annosl
1552 3414 1624 3470 Novi
1635 3414 1762 3470 Flaviani

60 3503 125 3560 siam
146 3503 229 3561 idola
244 3502 402 3575 aliquando
421 3504 591 3576 suscepisse,
616 3505 788 3562 anathemat
811 3503 883 3561 bna·
937 3500 1380 3574 multosannoslNovibnatolii
1398 3500 1504 3558 multos
1516 3514 1624 3572 annosi
1641 3503 1765 3560 Sanctis·

60 3593 154 3664 stasio,
179 3592 382 3663 Constantino,
404 3596 432 3648 et
455 3591 570 3664 Nicetae,
596 3593 646 3664 qui
667 3592 721 3649 sub
744 3593 882 3650 isauricis
936 3591 1074 3647 simorum
1097 3594 1126 3644 et
1148 3589 1372 3646 orthodoxorum
1395 3589 1624 3660 patriarcharum
1641 3590 1764 3647 orientis

61 3679 236 3751 protuerunt
244 3679 413 3750 heresibus,
421 3685 453 3738 ut
461 3680 636 3752 inepiscopis
645 3681 807 3753 insacratis,
817 3696 883 3739 ana·
937 3679 1043 3735 multos
1057 3676 1273 3749 annosllllonati
1288 3682 1317 3734 et
1329 3678 1477 3750 Stephani,
1488 3684 1516 3734 et
1528 3679 1631 3735 hiarini
1645 3679 1765 3736 sanctis·

61 3768 170 3825 the-al
187 3768 348 3839 Theodoro,
361 3768 496 3839 domnio,
510 3769 660 3841 otloanni,
672 3769 721 3841 qui
741 3769 798 3827 sibi
811 3770 882 3826 invi·
936 3767 1075 3824 simorum
1095 3766 1269 3823 vicariorum
1293 3766 1418 3823 senioris
1439 3767 1544 3838 iiomae,
1560 3767 1674 3824 Thomae
1690 3782 1763 3825 san-

62 3872 116 3914 eem
138 3857 283 3915 malorum
295 3858 424 3915 omnium
435 3858 621 3915 exsititerunt
631 3858 841 3930 conciliatores,
854 3863 883 3914 et
936 3855 1060 3912 ctissimi
1075 3854 1261 3924 metropolitae
1273 3854 1340 3925 Tyri
1351 3859 1379 3911 et
1388 3854 1492 3912 vicarii
1507 3854 1669 3912 Antiocbiae
1685 3856 1764 3914 mul-

63 3947 129 4003 alter
136 3946 263 4003 alteritm
272 3945 330 4002 sibi
344 3945 486 4016 impietati
498 3952 706 4017 successerunt,
715 3946 879 4004 anathema!
937 3950 981 4000 tos
995 3943 1101 4000 annosl
1118 3943 1205 3999 ileliae
1224 3943 1402 4000 sancussimi
1414 3943 1534 4013 syncelli
1550 3949 1578 3999 et
1588 3943 1692 4001 vicarii
1703 3944 1766 4001 ilie

64 4034 145 4093 Paulo
154 4034 208 4107 qui
222 4034 254 4091 ln
265 4034 384 4092 &ulum
404 4047 557 4092 conversus
567 4041 621 4107 est,
633 4040 661 4091 et
672 4035 819 4093 Theodoro
831 4036 882 4107 qui
938 4032 1145 4104 rosoiymorum
1169 4032 1276 4088 multos
1298 4045 1389 4088 annos
1405 4031 1412 4085 i
1427 4031 1506 4088 Sacri
1525 4037 1642 4089 senatus
1657 4031 1765 4090 multos

65 4123 209 4180 dicebatur
216 4123 623 4194 Gartaeetstepbanobiolatae,
632 4128 660 4180 et
669 4123 715 4179 bis
724 4123 881 4195 similibus,
938 4134 1027 4177 annos
1045 4120 1051 4174 l
1067 4121 1178 4177 Sanctae
1192 4133 1226 4176 ac
1241 4118 1528 4191 universalissynodi
1542 4127 1648 4177 aeterna
1665 4134 1766 4178 memo

66 4212 230 4270 amthernal
249 4211 408 4283 Theodoro,
432 4211 482 4283 qui
504 4226 569 4270 cum
588 4213 652 4269 sine
666 4212 777 4270 ratione
791 4212 885 4269 consi·
939 4212 982 4269 ria
999 4211 1005 4265 l
1022 4209 1128 4267 hiultos
1136 4221 1229 4269 annos
1245 4208 1450 4280 imperatorum
1467 4214 1641 4281 nostrorum,
1657 4209 1764 4266 multos

67 4306 125 4370 stat,
149 4301 231 4373 loqui
257 4314 288 4358 se
304 4298 518 4358 rationabiliter
535 4300 628 4373 dogit,
649 4301 700 4372 qui
722 4304 751 4357 et
767 4305 885 4358 vocatur
938 4299 1046 4357 annosl

81 4438 111 4551 ι·
121 4427 192 4553 {aar
206 4426 487 4568 cufflgaectageretur
498 4425 583 4497 actio,
597 4425 627 4482 in
641 4423 713 4495 ipsis
727 4424 921 4496 Theophaoiis
931 4428 1084 4480 coronatus
1092 4427 1134 4480 est
1146 4423 1174 4479 in
1184 4422 1384 4494 imperatorem
1396 4422 1450 4478 iste
1462 4423 1515 4479 Leo
1525 4422 1604 4479 illius
1615 4435 1635 4478 a
1646 4423 1763 4480 vicariis

68 4509 82 4552 e
103 4510 134 4566 pa
148 4511 224 4554 rrarc
304 4510 341 4553 na
357 4509 397 4552 ro.

762 4777 888 4850 acilo
925 4778 1059 4848 nolti.

853 4916 962 4932 ἡ

97 5019 124 5074 ln
141 5019 261 5077 nomine
274 5018 393 5077 Domini
410 5023 439 5076 et
460 5020 650 5078 dominatoris
672 5019 800 5076 omnium
819 5020 885 5075 lesu
901 5017 1005 5079 Dstrae
1028 5015 1206 5088 Evangeliis:
1236 5015 1265 5070 in
1287 5013 1397 5070 dextris
1423 5011 1554 5083 partibus
1574 5010 1761 5068 famosissimi

68 5103 241 5165 Christireri
257 5107 521 5166 beietSalratoris
547 5109 649 5181 nostri,
669 5108 885 5179 imperiiaileo
941 5106 1040 5176 templi
1057 5110 1161 5161 sanctae
1187 5118 1219 5160 ac
1238 5102 1334 5175 magni
1352 5101 1478 5158 nominis
1496 5100 1626 5171 Sophiae:
1658 5113 1764 5156 couve-

69 5204 260 5256 ooronatorum
273 5204 302 5256 et
316 5197 626 5270 tranquillissimorum
641 5199 823 5256 dominorum
839 5211 888 5255 uo
942 5195 1089 5253 nientibus
1109 5199 1202 5251 autem
1221 5193 1332 5249 Donato
1349 5193 1407 5248 Deo
1427 5189 1604 5248 amicissimo
1629 5189 1762 5259 episcopo

69 5295 196 5363 morum,
207 5289 309 5348 Basilii
319 5287 440 5360 quidem
455 5301 488 5347 ac
507 5288 687 5346 Constantini
703 5300 779 5345 anno
789 5287 886 5358 tertio,
939 5284 1037 5356 ostia,
1055 5289 1083 5341 et
1101 5283 1243 5353 Stephano
1257 5283 1314 5338 beo
1330 5280 1507 5337 amicissimo
1522 5279 1655 5350 episcopo
1668 5279 1761 5348 Nepae,

70 5378 240 5438 lunmrero
252 5391 330 5437 auno
342 5377 447 5449 primo,
463 5384 664 5449 perpetuorum
679 5376 886 5450 angustorum,
941 5390 974 5434 ac
989 5375 1099 5432 hiarino
1116 5373 1174 5430 ileo
1187 5371 1366 5429 amicissimo
1377 5370 1499 5427 diacono
1513 5373 1617 5426 sanctae
1631 5368 1764 5423 itomanae

71 5469 220 5528 indictione
235 5469 332 5538 tertia,
350 5465 446 5537 pridie
459 5464 527 5524 idus
546 5465 713 5522 Februarii:
731 5466 887 5536 propositis
940 5464 1084 5535 Ecclesia,
1107 5462 1200 5519 locum
1223 5459 1421 5517 obtinentibus
1441 5456 1562 5515 Adriani
1586 5452 1762 5512 sanctissimi

73 5561 235 5629 nrmoaiset
242 5554 371 5617 rirideis
380 5554 480 5628 lignis,
490 5559 519 5614 et
527 5554 706 5615 intemeratis
719 5554 823 5613 salutis
833 5568 889 5613 no-
943 5568 1021 5627 papae
1032 5552 1162 5621 Romani,
1177 5555 1206 5607 et
1218 5548 1329 5622 ignatio
1350 5547 1532 5605 sanctissimo
1547 5543 1764 5614 archiepiscopo
