<?xml version="1.0" encoding="UTF-8"?>
<!DOCTYPE html PUBLIC "-//W3C//DTD XHTML 1.0 Transitional//EN"
    "http://www.w3.org/TR/xhtml1/DTD/xhtml1-transitional.dtd">
<html xmlns="http://www.w3.org/1999/xhtml" xml:lang="en" lang="en">
 <head>
  <title>
</title>
<meta http-equiv="Content-Type" content="text/html;charset=utf-8" />
  <meta name='ocr-system' content='tesseract 3.04.00' />
  <meta name='ocr-capabilities' content='ocr_page ocr_carea ocr_par ocr_line ocrx_word'/>
</head>
<body>
  <div class='ocr_page' id='page_1' title='image "./patrologiaecurs06migngoog_0496.png"; bbox 0 0 3876 6090; ppageno 0'>
   <div class='ocr_carea' id='block_1_1' title="bbox 53 282 1760 350">
    <p class='ocr_par' dir='ltr' id='par_1_1' title="bbox 53 282 1760 350">
     <span class='ocr_line' id='line_1_1' title="bbox 53 282 1760 350; baseline -0.001 -8"><span class='ocrx_word' id='word_1_1' title='bbox 53 282 107 342; x_wconf 76' lang='lat' dir='ltr'><strong>98l</strong></span> <span class='ocrx_word' id='word_1_2' title='bbox 798 283 981 343; x_wconf 62' lang='lat' dir='ltr'><strong>effluatis</strong></span> <span class='ocrx_word' id='word_1_3' title='bbox 998 286 1019 341; x_wconf 93' lang='grc' dir='ltr'><strong>Ι.</strong></span> <span class='ocrx_word' id='word_1_4' title='bbox 1706 288 1760 350; x_wconf 69' lang='lat'><strong>982</strong></span> 
     </span>
    </p>
   </div>
   <div class='ocr_carea' id='block_1_2' title="bbox 51 404 1765 3077">
    <p class='ocr_par' dir='ltr' id='par_1_2' title="bbox 51 404 1765 3077">
     <span class='ocr_line' id='line_1_2' title="bbox 55 404 1756 485; baseline 0.003 -19"><span class='ocrx_word' id='word_1_5' title='bbox 55 408 87 466; x_wconf 90' lang='lat' dir='ltr'><strong>ln</strong></span> <span class='ocrx_word' id='word_1_6' title='bbox 102 408 218 481; x_wconf 84' lang='lat' dir='ltr'><strong>Vipera,</strong></span> <span class='ocrx_word' id='word_1_7' title='bbox 234 408 336 466; x_wconf 92' lang='lat' dir='ltr'><strong>cellam</strong></span> <span class='ocrx_word' id='word_1_8' title='bbox 359 410 450 467; x_wconf 90' lang='lat' dir='ltr'><strong>sancti</strong></span> <span class='ocrx_word' id='word_1_9' title='bbox 472 408 548 465; x_wconf 89' lang='lat' dir='ltr'><strong>Petri</strong></span> <span class='ocrx_word' id='word_1_10' title='bbox 576 410 605 466; x_wconf 93' lang='lat' dir='ltr'><strong>in</strong></span> <span class='ocrx_word' id='word_1_11' title='bbox 627 408 760 479; x_wconf 80' lang='lat' dir='ltr'>vairano,</span> <span class='ocrx_word' id='word_1_12' title='bbox 780 406 880 464; x_wconf 91' lang='lat' dir='ltr'><strong>cellam</strong></span> <span class='ocrx_word' id='word_1_13' title='bbox 894 404 1040 470; x_wconf 84' lang='lat' dir='ltr'><strong>Aibldem</strong></span> <span class='ocrx_word' id='word_1_14' title='bbox 1051 408 1251 480; x_wconf 84' lang='lat' dir='ltr'><strong>quoquomodo</strong></span> <span class='ocrx_word' id='word_1_15' title='bbox 1266 407 1383 481; x_wconf 81' lang='lat' dir='ltr'><strong>inferre,</strong></span> <span class='ocrx_word' id='word_1_16' title='bbox 1399 424 1465 469; x_wconf 90' lang='lat' dir='ltr'><strong>cnm</strong></span> <span class='ocrx_word' id='word_1_17' title='bbox 1482 411 1631 485; x_wconf 77' lang='lat' dir='ltr'><strong>prelatum</strong></span> <span class='ocrx_word' id='word_1_18' title='bbox 1651 428 1756 484; x_wconf 90' lang='lat' dir='ltr'><strong>peren-</strong></span> 
     </span>
     <span class='ocr_line' id='line_1_3' title="bbox 53 496 1756 572; baseline 0.002 -14"><span class='ocrx_word' id='word_1_19' title='bbox 53 501 151 558; x_wconf 90' lang='lat' dir='ltr'><strong>sancti</strong></span> <span class='ocrx_word' id='word_1_20' title='bbox 167 500 242 556; x_wconf 86' lang='lat' dir='ltr'><strong>Petri</strong></span> <span class='ocrx_word' id='word_1_21' title='bbox 261 500 291 556; x_wconf 90' lang='lat' dir='ltr'><strong>in</strong></span> <span class='ocrx_word' id='word_1_22' title='bbox 306 500 431 557; x_wconf 87' lang='lat' dir='ltr'><strong>Tontole.</strong></span> <span class='ocrx_word' id='word_1_23' title='bbox 455 502 523 557; x_wconf 89' lang='lat' dir='ltr'><strong>ltem</strong></span> <span class='ocrx_word' id='word_1_24' title='bbox 548 498 751 557; x_wconf 87' lang='lat' dir='ltr'><strong>monasterium</strong></span> <span class='ocrx_word' id='word_1_25' title='bbox 767 496 882 555; x_wconf 85' lang='lat' dir='ltr'><strong>Domini</strong></span> <span class='ocrx_word' id='word_1_26' title='bbox 934 497 1019 570; x_wconf 87' lang='lat' dir='ltr'><strong>niter,</strong></span> <span class='ocrx_word' id='word_1_27' title='bbox 1033 498 1187 556; x_wconf 91' lang='lat' dir='ltr'><strong>utdictnm</strong></span> <span class='ocrx_word' id='word_1_28' title='bbox 1202 503 1256 572; x_wconf 90' lang='lat' dir='ltr'><strong>est,</strong></span> <span class='ocrx_word' id='word_1_29' title='bbox 1270 503 1475 559; x_wconf 80' lang='lat' dir='ltr'><strong>monasterium</strong></span> <span class='ocrx_word' id='word_1_30' title='bbox 1498 503 1579 560; x_wconf 79' lang='lat' dir='ltr'><strong>lirina</strong></span> <span class='ocrx_word' id='word_1_31' title='bbox 1598 504 1756 561; x_wconf 74' lang='lat' dir='ltr'><strong>stabilitate</strong></span> 
     </span>
     <span class='ocr_line' id='line_1_4' title="bbox 53 586 1756 662; baseline 0.001 -14"><span class='ocrx_word' id='word_1_32' title='bbox 53 590 215 648; x_wconf 77' lang='lat' dir='ltr'><strong>salvatoris</strong></span> <span class='ocrx_word' id='word_1_33' title='bbox 230 590 261 646; x_wconf 92' lang='grc' dir='ltr'><strong>ιι</strong></span> <span class='ocrx_word' id='word_1_34' title='bbox 282 589 383 662; x_wconf 82' lang='grc' dir='ltr'>Αιιιιι,</span> <span class='ocrx_word' id='word_1_35' title='bbox 399 589 500 646; x_wconf 90' lang='lat' dir='ltr'><strong>cellam</strong></span> <span class='ocrx_word' id='word_1_36' title='bbox 519 589 611 647; x_wconf 91' lang='lat' dir='ltr'><strong>sancti</strong></span> <span class='ocrx_word' id='word_1_37' title='bbox 633 588 772 645; x_wconf 83' lang='lat' dir='ltr'><strong>lobannis</strong></span> <span class='ocrx_word' id='word_1_38' title='bbox 786 587 816 642; x_wconf 92' lang='lat' dir='ltr'><strong>in</strong></span> <span class='ocrx_word' id='word_1_39' title='bbox 832 587 884 642; x_wconf 86' lang='lat' dir='ltr'><strong>Li·</strong></span> <span class='ocrx_word' id='word_1_40' title='bbox 932 586 1143 646; x_wconf 81' lang='lat' dir='ltr'><strong>decreverimus</strong></span> <span class='ocrx_word' id='word_1_41' title='bbox 1164 588 1218 646; x_wconf 90' lang='lat' dir='ltr'><strong>sub</strong></span> <span class='ocrx_word' id='word_1_42' title='bbox 1235 590 1440 660; x_wconf 86' lang='lat' dir='ltr'><strong>jurisdictione</strong></span> <span class='ocrx_word' id='word_1_43' title='bbox 1463 599 1492 648; x_wconf 90' lang='lat' dir='ltr'><strong>et</strong></span> <span class='ocrx_word' id='word_1_44' title='bbox 1504 593 1627 650; x_wconf 90' lang='lat' dir='ltr'><strong>tuitione</strong></span> <span class='ocrx_word' id='word_1_45' title='bbox 1651 601 1756 650; x_wconf 77' lang='lat' dir='ltr'><strong>sanctae</strong></span> 
     </span>
     <span class='ocr_line' id='line_1_5' title="bbox 53 677 1755 755; baseline 0.001 -17"><span class='ocrx_word' id='word_1_46' title='bbox 53 682 131 753; x_wconf 88' lang='lat' dir='ltr'><strong>sine,</strong></span> <span class='ocrx_word' id='word_1_47' title='bbox 159 685 187 736; x_wconf 89' lang='lat' dir='ltr'><strong>et</strong></span> <span class='ocrx_word' id='word_1_48' title='bbox 217 679 308 736; x_wconf 91' lang='lat' dir='ltr'><strong>sancti</strong></span> <span class='ocrx_word' id='word_1_49' title='bbox 335 680 441 750; x_wconf 84' lang='lat' dir='ltr'><strong>Focati,</strong></span> <span class='ocrx_word' id='word_1_50' title='bbox 469 681 569 737; x_wconf 89' lang='lat' dir='ltr'><strong>cellam</strong></span> <span class='ocrx_word' id='word_1_51' title='bbox 595 680 686 738; x_wconf 88' lang='lat' dir='ltr'><strong>sancti</strong></span> <span class='ocrx_word' id='word_1_52' title='bbox 715 677 833 736; x_wconf 86' lang='lat' dir='ltr'><strong>loannis</strong></span> <span class='ocrx_word' id='word_1_53' title='bbox 855 680 884 733; x_wconf 91' lang='lat' dir='ltr'><strong>et</strong></span> <span class='ocrx_word' id='word_1_54' title='bbox 933 680 1037 734; x_wconf 82' lang='lat' dir='ltr'><strong>nostrae</strong></span> <span class='ocrx_word' id='word_1_55' title='bbox 1051 678 1184 735; x_wconf 84' lang='lat' dir='ltr'><strong>Ecclesiae</strong></span> <span class='ocrx_word' id='word_1_56' title='bbox 1200 681 1431 751; x_wconf 89' lang='lat' dir='ltr'><strong>permanendum.</strong></span> <span class='ocrx_word' id='word_1_57' title='bbox 1450 681 1666 755; x_wconf 87' lang='lat' dir='ltr'><strong>Promulgantes</strong></span> <span class='ocrx_word' id='word_1_58' title='bbox 1681 696 1755 754; x_wconf 86' lang='lat' dir='ltr'><strong>quo-</strong></span> 
     </span>
     <span class='ocr_line' id='line_1_6' title="bbox 54 764 1755 842; baseline -0.001 -14"><span class='ocrx_word' id='word_1_59' title='bbox 54 769 150 828; x_wconf 88' lang='lat' dir='ltr'><strong>sancti</strong></span> <span class='ocrx_word' id='word_1_60' title='bbox 166 769 284 827; x_wconf 90' lang='lat' dir='ltr'><strong>llartini</strong></span> <span class='ocrx_word' id='word_1_61' title='bbox 305 770 335 826; x_wconf 91' lang='lat' dir='ltr'><strong>in</strong></span> <span class='ocrx_word' id='word_1_62' title='bbox 361 770 489 842; x_wconf 80' lang='lat' dir='ltr'><strong>Luceria,</strong></span> <span class='ocrx_word' id='word_1_63' title='bbox 505 770 605 827; x_wconf 91' lang='lat' dir='ltr'><strong>cellam</strong></span> <span class='ocrx_word' id='word_1_64' title='bbox 627 768 719 826; x_wconf 90' lang='lat' dir='ltr'><strong>sancti</strong></span> <span class='ocrx_word' id='word_1_65' title='bbox 738 764 883 824; x_wconf 83' lang='lat' dir='ltr'><strong>vincentii</strong></span> <span class='ocrx_word' id='word_1_66' title='bbox 933 780 998 837; x_wconf 92' lang='lat' dir='ltr'><strong>que,</strong></span> <span class='ocrx_word' id='word_1_67' title='bbox 1026 772 1054 822; x_wconf 89' lang='lat' dir='ltr'><strong>et</strong></span> <span class='ocrx_word' id='word_1_68' title='bbox 1076 769 1248 826; x_wconf 91' lang='lat' dir='ltr'><strong>anctoritate</strong></span> <span class='ocrx_word' id='word_1_69' title='bbox 1271 768 1348 827; x_wconf 90' lang='lat' dir='ltr'><strong>beati</strong></span> <span class='ocrx_word' id='word_1_70' title='bbox 1385 771 1580 842; x_wconf 89' lang='lat' dir='ltr'><strong>apostolorum</strong></span> <span class='ocrx_word' id='word_1_71' title='bbox 1602 771 1755 842; x_wconf 90' lang='lat' dir='ltr'><strong>principis,</strong></span> 
     </span>
     <span class='ocr_line' id='line_1_7' title="bbox 55 856 1758 932; baseline 0 -16"><span class='ocrx_word' id='word_1_72' title='bbox 55 859 88 916; x_wconf 94' lang='lat' dir='ltr'><strong>in</strong></span> <span class='ocrx_word' id='word_1_73' title='bbox 103 860 239 932; x_wconf 91' lang='lat' dir='ltr'><strong>canusia,</strong></span> <span class='ocrx_word' id='word_1_74' title='bbox 251 858 352 917; x_wconf 90' lang='lat' dir='ltr'><strong>cellam</strong></span> <span class='ocrx_word' id='word_1_75' title='bbox 372 860 464 917; x_wconf 90' lang='lat' dir='ltr'><strong>sancti</strong></span> <span class='ocrx_word' id='word_1_76' title='bbox 486 859 631 916; x_wconf 80' lang='lat' dir='ltr'><strong>vincentii</strong></span> <span class='ocrx_word' id='word_1_77' title='bbox 643 859 673 916; x_wconf 95' lang='lat' dir='ltr'><strong>in</strong></span> <span class='ocrx_word' id='word_1_78' title='bbox 699 856 884 924; x_wconf 85' lang='lat' dir='ltr'><strong>Tranis,cel-</strong></span> <span class='ocrx_word' id='word_1_79' title='bbox 932 866 1028 911; x_wconf 88' lang='lat' dir='ltr'><strong>coram</strong></span> <span class='ocrx_word' id='word_1_80' title='bbox 1051 857 1108 913; x_wconf 86' lang='lat' dir='ltr'><strong>beo</strong></span> <span class='ocrx_word' id='word_1_81' title='bbox 1133 861 1161 913; x_wconf 90' lang='lat' dir='ltr'><strong>et</strong></span> <span class='ocrx_word' id='word_1_82' title='bbox 1191 858 1254 929; x_wconf 82' lang='lat' dir='ltr'><strong>elus</strong></span> <span class='ocrx_word' id='word_1_83' title='bbox 1276 858 1402 917; x_wconf 85' lang='lat' dir='ltr'><strong>terribili</strong></span> <span class='ocrx_word' id='word_1_84' title='bbox 1426 861 1557 918; x_wconf 83' lang='lat' dir='ltr'><strong>examine</strong></span> <span class='ocrx_word' id='word_1_85' title='bbox 1584 859 1682 917; x_wconf 87' lang='lat' dir='ltr'><strong>lutuno</strong></span> <span class='ocrx_word' id='word_1_86' title='bbox 1707 873 1758 931; x_wconf 91' lang='lat' dir='ltr'><strong>per</strong></span> 
     </span>
     <span class='ocr_line' id='line_1_8' title="bbox 51 943 1758 1023; baseline 0 -18"><span class='ocrx_word' id='word_1_87' title='bbox 51 948 112 1005; x_wconf 89' lang='lat' dir='ltr'><strong>lam</strong></span> <span class='ocrx_word' id='word_1_88' title='bbox 141 950 233 1006; x_wconf 92' lang='lat' dir='ltr'><strong>sancti</strong></span> <span class='ocrx_word' id='word_1_89' title='bbox 252 949 394 1006; x_wconf 81' lang='lat' dir='ltr'><strong>vincentii</strong></span> <span class='ocrx_word' id='word_1_90' title='bbox 426 947 707 1020; x_wconf 89' lang='lat' dir='ltr'><strong>inSlponto,cellam</strong></span> <span class='ocrx_word' id='word_1_91' title='bbox 717 944 884 1002; x_wconf 86' lang='lat' dir='ltr'><strong>sanctlllin·</strong></span> <span class='ocrx_word' id='word_1_92' title='bbox 934 943 1021 1015; x_wconf 80' lang='lat' dir='ltr'><strong>buius</strong></span> <span class='ocrx_word' id='word_1_93' title='bbox 1031 947 1281 1018; x_wconf 92' lang='lat' dir='ltr'><strong>nostrlapostolici</strong></span> <span class='ocrx_word' id='word_1_94' title='bbox 1291 950 1531 1023; x_wconf 83' lang='lat' dir='ltr'><strong>privilegiiatque</strong></span> <span class='ocrx_word' id='word_1_95' title='bbox 1547 950 1699 1008; x_wconf 89' lang='lat' dir='ltr'><strong>constituti</strong></span> <span class='ocrx_word' id='word_1_96' title='bbox 1709 961 1758 1021; x_wconf 91' lang='lat' dir='ltr'><strong>pa·</strong></span> 
     </span>
     <span class='ocr_line' id='line_1_9' title="bbox 53 1034 1756 1113; baseline 0.001 -18"><span class='ocrx_word' id='word_1_97' title='bbox 53 1039 147 1096; x_wconf 85' lang='lat' dir='ltr'><strong>centii</strong></span> <span class='ocrx_word' id='word_1_98' title='bbox 174 1045 202 1096; x_wconf 91' lang='lat' dir='ltr'><strong>et</strong></span> <span class='ocrx_word' id='word_1_99' title='bbox 225 1040 318 1096; x_wconf 89' lang='lat' dir='ltr'><strong>sancti</strong></span> <span class='ocrx_word' id='word_1_100' title='bbox 340 1038 441 1112; x_wconf 82' lang='lat' dir='ltr'><strong>lngeli</strong></span> <span class='ocrx_word' id='word_1_101' title='bbox 464 1039 494 1096; x_wconf 93' lang='lat' dir='ltr'><strong>in</strong></span> <span class='ocrx_word' id='word_1_102' title='bbox 512 1038 632 1109; x_wconf 79' lang='lat' dir='ltr'><strong>Telesia,</strong></span> <span class='ocrx_word' id='word_1_103' title='bbox 660 1037 760 1094; x_wconf 86' lang='lat' dir='ltr'><strong>cellam</strong></span> <span class='ocrx_word' id='word_1_104' title='bbox 789 1034 881 1092; x_wconf 88' lang='lat' dir='ltr'><strong>sancti</strong></span> <span class='ocrx_word' id='word_1_105' title='bbox 933 1034 1039 1107; x_wconf 87' lang='lat' dir='ltr'><strong>ginan,</strong></span> <span class='ocrx_word' id='word_1_106' title='bbox 1064 1037 1210 1111; x_wconf 89' lang='lat' dir='ltr'><strong>sancimus</strong></span> <span class='ocrx_word' id='word_1_107' title='bbox 1232 1043 1319 1113; x_wconf 91' lang='lat' dir='ltr'><strong>atque</strong></span> <span class='ocrx_word' id='word_1_108' title='bbox 1356 1040 1537 1098; x_wconf 87' lang='lat' dir='ltr'><strong>decernimus</strong></span> <span class='ocrx_word' id='word_1_109' title='bbox 1568 1045 1601 1098; x_wconf 89' lang='lat' dir='ltr'><strong>ut</strong></span> <span class='ocrx_word' id='word_1_110' title='bbox 1627 1041 1756 1098; x_wconf 83' lang='lat' dir='ltr'><strong>diversas</strong></span> 
     </span>
     <span class='ocr_line' id='line_1_10' title="bbox 56 1122 1754 1203; baseline 0.001 -18"><span class='ocrx_word' id='word_1_111' title='bbox 56 1128 203 1185; x_wconf 75' lang='lat' dir='ltr'><strong>vincentii</strong></span> <span class='ocrx_word' id='word_1_112' title='bbox 220 1129 250 1185; x_wconf 93' lang='lat' dir='ltr'><strong>in</strong></span> <span class='ocrx_word' id='word_1_113' title='bbox 276 1130 379 1199; x_wconf 84' lang='lat' dir='ltr'><strong>Toccn,</strong></span> <span class='ocrx_word' id='word_1_114' title='bbox 404 1129 505 1185; x_wconf 89' lang='lat' dir='ltr'><strong>cellam</strong></span> <span class='ocrx_word' id='word_1_115' title='bbox 518 1129 609 1185; x_wconf 90' lang='lat' dir='ltr'><strong>sancti</strong></span> <span class='ocrx_word' id='word_1_116' title='bbox 626 1126 770 1184; x_wconf 85' lang='lat' dir='ltr'><strong>vincentii</strong></span> <span class='ocrx_word' id='word_1_117' title='bbox 787 1124 883 1181; x_wconf 84' lang='lat' dir='ltr'><strong>inca-</strong></span> <span class='ocrx_word' id='word_1_118' title='bbox 932 1122 1060 1182; x_wconf 87' lang='lat' dir='ltr'><strong>locorum</strong></span> <span class='ocrx_word' id='word_1_119' title='bbox 1074 1128 1277 1201; x_wconf 90' lang='lat' dir='ltr'><strong>possessiones,</strong></span> <span class='ocrx_word' id='word_1_120' title='bbox 1301 1144 1390 1202; x_wconf 82' lang='lat' dir='ltr'><strong>qnaea</strong></span> <span class='ocrx_word' id='word_1_121' title='bbox 1414 1128 1541 1203; x_wconf 70' lang='lat' dir='ltr'><strong>regibus,</strong></span> <span class='ocrx_word' id='word_1_122' title='bbox 1555 1130 1598 1187; x_wconf 87' lang='lat' dir='ltr'><strong>rel</strong></span> <span class='ocrx_word' id='word_1_123' title='bbox 1620 1129 1754 1203; x_wconf 90' lang='lat' dir='ltr'><strong>ducibus,</strong></span> 
     </span>
     <span class='ocr_line' id='line_1_11' title="bbox 52 1211 1758 1292; baseline 0.001 -18"><span class='ocrx_word' id='word_1_124' title='bbox 52 1217 122 1291; x_wconf 79' lang='lat' dir='ltr'><strong>lati,</strong></span> <span class='ocrx_word' id='word_1_125' title='bbox 136 1217 237 1274; x_wconf 88' lang='lat' dir='ltr'><strong>cellam</strong></span> <span class='ocrx_word' id='word_1_126' title='bbox 252 1218 344 1275; x_wconf 92' lang='lat' dir='ltr'><strong>sancti</strong></span> <span class='ocrx_word' id='word_1_127' title='bbox 364 1218 506 1275; x_wconf 78' lang='lat' dir='ltr'><strong>vincentii</strong></span> <span class='ocrx_word' id='word_1_128' title='bbox 518 1219 548 1274; x_wconf 92' lang='lat' dir='ltr'><strong>in</strong></span> <span class='ocrx_word' id='word_1_129' title='bbox 558 1218 668 1290; x_wconf 90' lang='lat' dir='ltr'><strong>Cumis,</strong></span> <span class='ocrx_word' id='word_1_130' title='bbox 679 1216 779 1273; x_wconf 91' lang='lat' dir='ltr'><strong>cellam</strong></span> <span class='ocrx_word' id='word_1_131' title='bbox 789 1211 881 1270; x_wconf 91' lang='lat' dir='ltr'><strong>sancti</strong></span> <span class='ocrx_word' id='word_1_132' title='bbox 934 1212 976 1268; x_wconf 86' lang='lat' dir='ltr'><strong>vel</strong></span> <span class='ocrx_word' id='word_1_133' title='bbox 991 1213 1165 1287; x_wconf 81' lang='lat' dir='ltr'><strong>calstaldeis,</strong></span> <span class='ocrx_word' id='word_1_134' title='bbox 1179 1218 1339 1291; x_wconf 91' lang='lat' dir='ltr'><strong>etreliquis</strong></span> <span class='ocrx_word' id='word_1_135' title='bbox 1354 1219 1529 1276; x_wconf 84' lang='lat' dir='ltr'><strong>Christianis</strong></span> <span class='ocrx_word' id='word_1_136' title='bbox 1542 1219 1647 1291; x_wconf 78' lang='lat' dir='ltr'><strong>largita</strong></span> <span class='ocrx_word' id='word_1_137' title='bbox 1671 1224 1758 1292; x_wconf 91' lang='lat' dir='ltr'><strong>atque</strong></span> 
     </span>
     <span class='ocr_line' id='line_1_12' title="bbox 56 1303 1759 1380; baseline 0.002 -17"><span class='ocrx_word' id='word_1_138' title='bbox 56 1307 204 1365; x_wconf 82' lang='lat' dir='ltr'><strong>vincentii</strong></span> <span class='ocrx_word' id='word_1_139' title='bbox 223 1308 254 1364; x_wconf 93' lang='lat' dir='ltr'><strong>in</strong></span> <span class='ocrx_word' id='word_1_140' title='bbox 273 1308 442 1380; x_wconf 85' lang='lat' dir='ltr'><strong>Tremojola,</strong></span> <span class='ocrx_word' id='word_1_141' title='bbox 458 1308 558 1365; x_wconf 88' lang='lat' dir='ltr'><strong>cellam</strong></span> <span class='ocrx_word' id='word_1_142' title='bbox 575 1307 667 1364; x_wconf 88' lang='lat' dir='ltr'><strong>sancti</strong></span> <span class='ocrx_word' id='word_1_143' title='bbox 686 1305 831 1362; x_wconf 79' lang='lat' dir='ltr'><strong>vincentii</strong></span> <span class='ocrx_word' id='word_1_144' title='bbox 852 1303 882 1359; x_wconf 93' lang='grc' dir='ltr'><strong>ιι</strong></span> <span class='ocrx_word' id='word_1_145' title='bbox 932 1304 1027 1362; x_wconf 83' lang='grc' dir='ltr'>οιιιιι</span> <span class='ocrx_word' id='word_1_146' title='bbox 1040 1310 1117 1378; x_wconf 90' lang='lat' dir='ltr'><strong>sunt,</strong></span> <span class='ocrx_word' id='word_1_147' title='bbox 1133 1313 1184 1365; x_wconf 94' lang='lat' dir='ltr'><strong>aut</strong></span> <span class='ocrx_word' id='word_1_148' title='bbox 1205 1309 1431 1380; x_wconf 89' lang='lat' dir='ltr'><strong>inpostmodum</strong></span> <span class='ocrx_word' id='word_1_149' title='bbox 1453 1309 1516 1365; x_wconf 92' lang='lat' dir='ltr'><strong>illic</strong></span> <span class='ocrx_word' id='word_1_150' title='bbox 1543 1323 1676 1366; x_wconf 91' lang='lat' dir='ltr'><strong>concessa</strong></span> <span class='ocrx_word' id='word_1_151' title='bbox 1692 1307 1759 1366; x_wconf 87' lang='lat' dir='ltr'><strong>iue-</strong></span> 
     </span>
     <span class='ocr_line' id='line_1_13' title="bbox 56 1393 1757 1470; baseline 0 -16"><span class='ocrx_word' id='word_1_152' title='bbox 56 1397 148 1454; x_wconf 86' lang='lat' dir='ltr'><strong>durio</strong></span> <span class='ocrx_word' id='word_1_153' title='bbox 160 1397 332 1468; x_wconf 81' lang='lat' dir='ltr'><strong>Thusciano,</strong></span> <span class='ocrx_word' id='word_1_154' title='bbox 346 1398 447 1454; x_wconf 89' lang='lat' dir='ltr'><strong>cellam</strong></span> <span class='ocrx_word' id='word_1_155' title='bbox 466 1398 557 1454; x_wconf 90' lang='lat' dir='ltr'><strong>sancti</strong></span> <span class='ocrx_word' id='word_1_156' title='bbox 573 1396 718 1455; x_wconf 87' lang='lat' dir='ltr'><strong>vincentii</strong></span> <span class='ocrx_word' id='word_1_157' title='bbox 741 1395 771 1451; x_wconf 94' lang='lat' dir='ltr'><strong>in</strong></span> <span class='ocrx_word' id='word_1_158' title='bbox 794 1393 883 1450; x_wconf 89' lang='lat' dir='ltr'><strong>llurio</strong></span> <span class='ocrx_word' id='word_1_159' title='bbox 933 1395 1003 1465; x_wconf 88' lang='lat' dir='ltr'><strong>rint,</strong></span> <span class='ocrx_word' id='word_1_160' title='bbox 1014 1395 1095 1452; x_wconf 91' lang='lat' dir='ltr'><strong>llrrna</strong></span> <span class='ocrx_word' id='word_1_161' title='bbox 1110 1397 1336 1468; x_wconf 82' lang='lat' dir='ltr'><strong>stabilitatcjuri</strong></span> <span class='ocrx_word' id='word_1_162' title='bbox 1353 1399 1447 1470; x_wconf 92' lang='lat' dir='ltr'><strong>ipsius</strong></span> <span class='ocrx_word' id='word_1_163' title='bbox 1466 1396 1576 1470; x_wconf 86' lang='lat' dir='ltr'><strong>praelati</strong></span> <span class='ocrx_word' id='word_1_164' title='bbox 1590 1397 1757 1455; x_wconf 88' lang='lat' dir='ltr'><strong>monasterii</strong></span> 
     </span>
     <span class='ocr_line' id='line_1_14' title="bbox 55 1481 1759 1560; baseline 0.001 -17"><span class='ocrx_word' id='word_1_165' title='bbox 55 1488 154 1558; x_wconf 86' lang='lat' dir='ltr'><strong>Tersa,</strong></span> <span class='ocrx_word' id='word_1_166' title='bbox 170 1486 270 1542; x_wconf 90' lang='lat' dir='ltr'><strong>cellam</strong></span> <span class='ocrx_word' id='word_1_167' title='bbox 287 1487 378 1543; x_wconf 91' lang='lat' dir='ltr'><strong>sancti</strong></span> <span class='ocrx_word' id='word_1_168' title='bbox 398 1487 542 1543; x_wconf 80' lang='lat' dir='ltr'><strong>vincentii</strong></span> <span class='ocrx_word' id='word_1_169' title='bbox 558 1485 771 1557; x_wconf 77' lang='lat' dir='ltr'><strong>inl’ettoriano,</strong></span> <span class='ocrx_word' id='word_1_170' title='bbox 783 1481 882 1540; x_wconf 88' lang='lat' dir='ltr'><strong>cellam</strong></span> <span class='ocrx_word' id='word_1_171' title='bbox 932 1485 1079 1542; x_wconf 83' lang='lat' dir='ltr'><strong>existenda</strong></span> <span class='ocrx_word' id='word_1_172' title='bbox 1092 1491 1178 1558; x_wconf 89' lang='lat' dir='ltr'><strong>atquc</strong></span> <span class='ocrx_word' id='word_1_173' title='bbox 1199 1487 1229 1544; x_wconf 92' lang='lat' dir='ltr'><strong>in</strong></span> <span class='ocrx_word' id='word_1_174' title='bbox 1250 1493 1417 1560; x_wconf 91' lang='lat' dir='ltr'><strong>perpetuum</strong></span> <span class='ocrx_word' id='word_1_175' title='bbox 1446 1489 1634 1560; x_wconf 88' lang='lat' dir='ltr'><strong>permanenda</strong></span> <span class='ocrx_word' id='word_1_176' title='bbox 1648 1488 1759 1545; x_wconf 88' lang='lat' dir='ltr'><strong>statui-</strong></span> 
     </span>
     <span class='ocr_line' id='line_1_15' title="bbox 55 1572 1758 1651; baseline 0.001 -18"><span class='ocrx_word' id='word_1_177' title='bbox 55 1575 151 1633; x_wconf 87' lang='lat' dir='ltr'><strong>sancti</strong></span> <span class='ocrx_word' id='word_1_178' title='bbox 166 1574 311 1632; x_wconf 81' lang='lat' dir='ltr'><strong>vincentii</strong></span> <span class='ocrx_word' id='word_1_179' title='bbox 328 1581 358 1633; x_wconf 93' lang='lat' dir='ltr'><strong>et</strong></span> <span class='ocrx_word' id='word_1_180' title='bbox 378 1576 469 1633; x_wconf 91' lang='lat' dir='ltr'><strong>sancti</strong></span> <span class='ocrx_word' id='word_1_181' title='bbox 483 1576 584 1649; x_wconf 69' lang='lat' dir='ltr'><strong>angeli</strong></span> <span class='ocrx_word' id='word_1_182' title='bbox 605 1576 633 1632; x_wconf 91' lang='lat' dir='ltr'><strong>in</strong></span> <span class='ocrx_word' id='word_1_183' title='bbox 650 1573 784 1631; x_wconf 88' lang='lat' dir='ltr'><strong>isernias.</strong></span> <span class='ocrx_word' id='word_1_184' title='bbox 813 1572 881 1628; x_wconf 90' lang='lat' dir='ltr'><strong>ltem</strong></span> <span class='ocrx_word' id='word_1_185' title='bbox 934 1589 1007 1632; x_wconf 90' lang='lat' dir='ltr'><strong>mus.</strong></span> <span class='ocrx_word' id='word_1_186' title='bbox 1020 1576 1076 1632; x_wconf 90' lang='lat' dir='ltr'><strong>Nec</strong></span> <span class='ocrx_word' id='word_1_187' title='bbox 1088 1575 1182 1647; x_wconf 91' lang='lat' dir='ltr'><strong>liceat,</strong></span> <span class='ocrx_word' id='word_1_188' title='bbox 1196 1582 1229 1634; x_wconf 95' lang='lat' dir='ltr'><strong>ut</strong></span> <span class='ocrx_word' id='word_1_189' title='bbox 1249 1577 1425 1651; x_wconf 85' lang='lat' dir='ltr'><strong>dictumest,</strong></span> <span class='ocrx_word' id='word_1_190' title='bbox 1441 1592 1475 1635; x_wconf 83' lang='lat' dir='ltr'><strong>en</strong></span> <span class='ocrx_word' id='word_1_191' title='bbox 1490 1579 1553 1649; x_wconf 86' lang='lat' dir='ltr'><strong>ejus</strong></span> <span class='ocrx_word' id='word_1_192' title='bbox 1566 1575 1609 1633; x_wconf 86' lang='grc' dir='ltr'><strong>ιιι</strong></span> <span class='ocrx_word' id='word_1_193' title='bbox 1623 1577 1758 1634; x_wconf 92' lang='lat' dir='ltr'><strong>omnibus</strong></span> 
     </span>
     <span class='ocr_line' id='line_1_16' title="bbox 56 1659 1760 1741; baseline 0.002 -20"><span class='ocrx_word' id='word_1_194' title='bbox 56 1664 267 1722; x_wconf 89' lang='lat' dir='ltr'><strong>monasterinm</strong></span> <span class='ocrx_word' id='word_1_195' title='bbox 282 1665 373 1722; x_wconf 91' lang='lat' dir='ltr'><strong>sancti</strong></span> <span class='ocrx_word' id='word_1_196' title='bbox 386 1665 502 1739; x_wconf 84' lang='lat' dir='ltr'><strong>Georgii</strong></span> <span class='ocrx_word' id='word_1_197' title='bbox 512 1663 803 1722; x_wconf 88' lang='lat' dir='ltr'><strong>inlraSalernitanam</strong></span> <span class='ocrx_word' id='word_1_198' title='bbox 815 1659 883 1717; x_wconf 81' lang='lat' dir='ltr'><strong>civi</strong></span> <span class='ocrx_word' id='word_1_199' title='bbox 933 1664 1060 1736; x_wconf 76' lang='lat' dir='ltr'><strong>eiusdem</strong></span> <span class='ocrx_word' id='word_1_200' title='bbox 1072 1666 1237 1723; x_wconf 87' lang='lat' dir='ltr'><strong>monasterii</strong></span> <span class='ocrx_word' id='word_1_201' title='bbox 1253 1668 1438 1738; x_wconf 90' lang='lat' dir='ltr'><strong>pertinentiis</strong></span> <span class='ocrx_word' id='word_1_202' title='bbox 1453 1669 1589 1741; x_wconf 88' lang='lat' dir='ltr'><strong>cuiquam</strong></span> <span class='ocrx_word' id='word_1_203' title='bbox 1613 1669 1760 1726; x_wconf 85' lang='lat' dir='ltr'><strong>molestias</strong></span> 
     </span>
     <span class='ocr_line' id='line_1_17' title="bbox 56 1739 1761 1831; baseline 0.003 -22"><span class='ocrx_word' id='word_1_204' title='bbox 56 1759 156 1826; x_wconf 89' lang='lat' dir='ltr'><strong>tatem,</strong></span> <span class='ocrx_word' id='word_1_205' title='bbox 182 1754 386 1812; x_wconf 90' lang='lat' dir='ltr'><strong>monasterium</strong></span> <span class='ocrx_word' id='word_1_206' title='bbox 407 1755 499 1811; x_wconf 90' lang='lat' dir='ltr'><strong>sancti</strong></span> <span class='ocrx_word' id='word_1_207' title='bbox 515 1753 631 1811; x_wconf 89' lang='lat' dir='ltr'><strong>liartini</strong></span> <span class='ocrx_word' id='word_1_208' title='bbox 648 1754 678 1810; x_wconf 92' lang='lat' dir='ltr'><strong>in</strong></span> <span class='ocrx_word' id='word_1_209' title='bbox 694 1755 788 1809; x_wconf 90' lang='lat' dir='ltr'><strong>llonte</strong></span> <span class='ocrx_word' id='word_1_210' title='bbox 806 1739 1052 1824; x_wconf 79' lang='lat' dir='ltr'><strong>liar-Binlerre,</strong></span> <span class='ocrx_word' id='word_1_211' title='bbox 1075 1754 1118 1810; x_wconf 97' lang='grc' dir='ltr'><strong>ιιι</strong></span> <span class='ocrx_word' id='word_1_212' title='bbox 1143 1754 1200 1812; x_wconf 87' lang='grc' dir='ltr'>ιιιι</span> <span class='ocrx_word' id='word_1_213' title='bbox 1227 1756 1331 1814; x_wconf 88' lang='lat' dir='ltr'><strong>donata</strong></span> <span class='ocrx_word' id='word_1_214' title='bbox 1355 1755 1499 1816; x_wconf 84' lang='lat' dir='ltr'><strong>auferrea</strong></span> <span class='ocrx_word' id='word_1_215' title='bbox 1527 1758 1654 1831; x_wconf 86' lang='lat' dir='ltr'><strong>praelato,</strong></span> <span class='ocrx_word' id='word_1_216' title='bbox 1677 1761 1761 1830; x_wconf 79' lang='lat' dir='ltr'><strong>Juxta</strong></span> 
     </span>
     <span class='ocr_line' id='line_1_18' title="bbox 56 1838 1761 1920; baseline 0.004 -22"><span class='ocrx_word' id='word_1_217' title='bbox 56 1842 131 1915; x_wconf 88' lang='lat' dir='ltr'><strong>sico,</strong></span> <span class='ocrx_word' id='word_1_218' title='bbox 146 1845 352 1902; x_wconf 91' lang='lat' dir='ltr'><strong>monasterinm</strong></span> <span class='ocrx_word' id='word_1_219' title='bbox 368 1849 472 1901; x_wconf 83' lang='grc' dir='ltr'>ιιιιιιι</span> <span class='ocrx_word' id='word_1_220' title='bbox 486 1844 629 1901; x_wconf 83' lang='lat' dir='ltr'><strong>Columbae</strong></span> <span class='ocrx_word' id='word_1_221' title='bbox 645 1843 675 1900; x_wconf 92' lang='lat' dir='ltr'><strong>in</strong></span> <span class='ocrx_word' id='word_1_222' title='bbox 689 1842 767 1914; x_wconf 88' lang='lat' dir='ltr'><strong>Sera,</strong></span> <span class='ocrx_word' id='word_1_223' title='bbox 782 1838 884 1897; x_wconf 91' lang='lat' dir='ltr'><strong>cellam</strong></span> <span class='ocrx_word' id='word_1_224' title='bbox 934 1842 1010 1914; x_wconf 93' lang='lat' dir='ltr'><strong>quod</strong></span> <span class='ocrx_word' id='word_1_225' title='bbox 1022 1842 1182 1914; x_wconf 85' lang='lat' dir='ltr'><strong>subjectum</strong></span> <span class='ocrx_word' id='word_1_226' title='bbox 1197 1845 1299 1902; x_wconf 89' lang='lat' dir='ltr'><strong>iisdem</strong></span> <span class='ocrx_word' id='word_1_227' title='bbox 1322 1846 1535 1905; x_wconf 83' lang='lat' dir='ltr'><strong>reserabilibns</strong></span> <span class='ocrx_word' id='word_1_228' title='bbox 1549 1848 1621 1905; x_wconf 91' lang='lat' dir='ltr'><strong>locis</strong></span> <span class='ocrx_word' id='word_1_229' title='bbox 1641 1852 1761 1920; x_wconf 88' lang='lat' dir='ltr'><strong>aposto-</strong></span> 
     </span>
     <span class='ocr_line' id='line_1_19' title="bbox 56 1929 1760 2008; baseline 0.002 -20"><span class='ocrx_word' id='word_1_230' title='bbox 56 1933 152 1988; x_wconf 91' lang='lat' dir='ltr'><strong>sancti</strong></span> <span class='ocrx_word' id='word_1_231' title='bbox 161 1933 263 1990; x_wconf 87' lang='lat' dir='ltr'><strong>Donati</strong></span> <span class='ocrx_word' id='word_1_232' title='bbox 274 1934 304 1989; x_wconf 93' lang='lat' dir='ltr'><strong>in</strong></span> <span class='ocrx_word' id='word_1_233' title='bbox 318 1934 445 2006; x_wconf 85' lang='lat' dir='ltr'><strong>canuno,</strong></span> <span class='ocrx_word' id='word_1_234' title='bbox 459 1938 487 1990; x_wconf 92' lang='lat' dir='ltr'><strong>et</strong></span> <span class='ocrx_word' id='word_1_235' title='bbox 499 1933 590 1990; x_wconf 89' lang='lat' dir='ltr'><strong>sancti</strong></span> <span class='ocrx_word' id='word_1_236' title='bbox 603 1931 722 2002; x_wconf 83' lang='lat' dir='ltr'><strong>tuliani,</strong></span> <span class='ocrx_word' id='word_1_237' title='bbox 734 1929 883 1988; x_wconf 88' lang='lat' dir='ltr'><strong>ecclesiam</strong></span> <span class='ocrx_word' id='word_1_238' title='bbox 934 1930 1001 1988; x_wconf 93' lang='lat' dir='ltr'><strong>licis</strong></span> <span class='ocrx_word' id='word_1_239' title='bbox 1010 1932 1247 2006; x_wconf 88' lang='lat' dir='ltr'><strong>institutlsatque</strong></span> <span class='ocrx_word' id='word_1_240' title='bbox 1256 1934 1418 2008; x_wconf 82' lang='lat' dir='ltr'><strong>privilegiis</strong></span> <span class='ocrx_word' id='word_1_241' title='bbox 1428 1936 1570 2008; x_wconf 93' lang='lat' dir='ltr'><strong>constitit,</strong></span> <span class='ocrx_word' id='word_1_242' title='bbox 1582 1938 1760 1994; x_wconf 79' lang='lat' dir='ltr'><strong>inconcussae</strong></span> 
     </span>
     <span class='ocr_line' id='line_1_20' title="bbox 56 2018 1763 2096; baseline 0.003 -20"><span class='ocrx_word' id='word_1_243' title='bbox 56 2022 151 2078; x_wconf 88' lang='lat' dir='ltr'><strong>sancti</strong></span> <span class='ocrx_word' id='word_1_244' title='bbox 168 2023 260 2079; x_wconf 87' lang='lat' dir='ltr'><strong>llanri</strong></span> <span class='ocrx_word' id='word_1_245' title='bbox 273 2023 302 2079; x_wconf 90' lang='lat' dir='ltr'><strong>in</strong></span> <span class='ocrx_word' id='word_1_246' title='bbox 317 2021 455 2096; x_wconf 79' lang='lat' dir='ltr'><strong>Anglone,</strong></span> <span class='ocrx_word' id='word_1_247' title='bbox 470 2028 498 2078; x_wconf 92' lang='lat' dir='ltr'><strong>et</strong></span> <span class='ocrx_word' id='word_1_248' title='bbox 510 2023 602 2079; x_wconf 89' lang='lat' dir='ltr'><strong>sancti</strong></span> <span class='ocrx_word' id='word_1_249' title='bbox 615 2021 770 2092; x_wconf 86' lang='lat' dir='ltr'><strong>valentini,</strong></span> <span class='ocrx_word' id='word_1_250' title='bbox 782 2018 883 2076; x_wconf 88' lang='lat' dir='ltr'><strong>cellam</strong></span> <span class='ocrx_word' id='word_1_251' title='bbox 934 2027 1125 2092; x_wconf 88' lang='lat' dir='ltr'><strong>permaneant.</strong></span> <span class='ocrx_word' id='word_1_252' title='bbox 1138 2024 1173 2080; x_wconf 87' lang='lat' dir='ltr'><strong>Et</strong></span> <span class='ocrx_word' id='word_1_253' title='bbox 1185 2024 1269 2082; x_wconf 89' lang='lat' dir='ltr'><strong>liceat</strong></span> <span class='ocrx_word' id='word_1_254' title='bbox 1292 2025 1404 2082; x_wconf 87' lang='lat' dir='ltr'><strong>eosdem</strong></span> <span class='ocrx_word' id='word_1_255' title='bbox 1420 2026 1575 2084; x_wconf 89' lang='lat' dir='ltr'><strong>monachos</strong></span> <span class='ocrx_word' id='word_1_256' title='bbox 1586 2027 1622 2084; x_wconf 91' lang='lat' dir='ltr'><strong>de</strong></span> <span class='ocrx_word' id='word_1_257' title='bbox 1634 2039 1686 2083; x_wconf 90' lang='lat' dir='ltr'><strong>sua</strong></span> <span class='ocrx_word' id='word_1_258' title='bbox 1696 2038 1763 2082; x_wconf 91' lang='lat' dir='ltr'><strong>con·</strong></span> 
     </span>
     <span class='ocr_line' id='line_1_21' title="bbox 57 2108 1759 2189; baseline 0.001 -20"><span class='ocrx_word' id='word_1_259' title='bbox 57 2115 166 2169; x_wconf 77' lang='lat' dir='ltr'><strong>sancta</strong></span> <span class='ocrx_word' id='word_1_260' title='bbox 187 2112 288 2169; x_wconf 84' lang='lat' dir='ltr'><strong>Crucis</strong></span> <span class='ocrx_word' id='word_1_261' title='bbox 312 2111 343 2168; x_wconf 94' lang='lat' dir='ltr'><strong>ln</strong></span> <span class='ocrx_word' id='word_1_262' title='bbox 374 2113 468 2170; x_wconf 90' lang='lat' dir='ltr'><strong>llonte</strong></span> <span class='ocrx_word' id='word_1_263' title='bbox 492 2112 623 2185; x_wconf 86' lang='lat' dir='ltr'><strong>lilarsico,</strong></span> <span class='ocrx_word' id='word_1_264' title='bbox 658 2110 758 2168; x_wconf 89' lang='lat' dir='ltr'><strong>cellam</strong></span> <span class='ocrx_word' id='word_1_265' title='bbox 791 2108 883 2166; x_wconf 89' lang='lat' dir='ltr'><strong>sancti</strong></span> <span class='ocrx_word' id='word_1_266' title='bbox 933 2112 1098 2184; x_wconf 87' lang='lat' dir='ltr'><strong>gregationc</strong></span> <span class='ocrx_word' id='word_1_267' title='bbox 1112 2127 1223 2185; x_wconf 88' lang='lat' dir='ltr'><strong>semper</strong></span> <span class='ocrx_word' id='word_1_268' title='bbox 1237 2113 1367 2171; x_wconf 91' lang='lat' dir='ltr'><strong>abbatem</strong></span> <span class='ocrx_word' id='word_1_269' title='bbox 1381 2115 1503 2189; x_wconf 87' lang='lat' dir='ltr'><strong>eligere;</strong></span> <span class='ocrx_word' id='word_1_270' title='bbox 1523 2122 1551 2173; x_wconf 91' lang='lat' dir='ltr'><strong>et</strong></span> <span class='ocrx_word' id='word_1_271' title='bbox 1566 2116 1653 2174; x_wconf 90' lang='lat' dir='ltr'><strong>liceat</strong></span> <span class='ocrx_word' id='word_1_272' title='bbox 1663 2116 1759 2186; x_wconf 93' lang='lat' dir='ltr'><strong>ipsnm</strong></span> 
     </span>
     <span class='ocr_line' id='line_1_22' title="bbox 57 2199 1759 2276; baseline 0.002 -17"><span class='ocrx_word' id='word_1_273' title='bbox 57 2202 164 2259; x_wconf 89' lang='lat' dir='ltr'><strong>llilarii</strong></span> <span class='ocrx_word' id='word_1_274' title='bbox 196 2201 226 2258; x_wconf 90' lang='lat' dir='ltr'><strong>in</strong></span> <span class='ocrx_word' id='word_1_275' title='bbox 261 2200 399 2272; x_wconf 82' lang='lat' dir='ltr'><strong>calinole,</strong></span> <span class='ocrx_word' id='word_1_276' title='bbox 426 2201 527 2259; x_wconf 90' lang='lat' dir='ltr'><strong>cellam</strong></span> <span class='ocrx_word' id='word_1_277' title='bbox 559 2201 650 2259; x_wconf 91' lang='lat' dir='ltr'><strong>sanctl</strong></span> <span class='ocrx_word' id='word_1_278' title='bbox 681 2199 825 2257; x_wconf 87' lang='lat' dir='ltr'><strong>Vincentii</strong></span> <span class='ocrx_word' id='word_1_279' title='bbox 854 2199 884 2255; x_wconf 92' lang='lat' dir='ltr'><strong>in</strong></span> <span class='ocrx_word' id='word_1_280' title='bbox 935 2201 1065 2260; x_wconf 90' lang='lat' dir='ltr'><strong>abbatem</strong></span> <span class='ocrx_word' id='word_1_281' title='bbox 1077 2217 1145 2261; x_wconf 89' lang='lat' dir='ltr'><strong>snos</strong></span> <span class='ocrx_word' id='word_1_282' title='bbox 1155 2204 1207 2276; x_wconf 92' lang='lat' dir='ltr'><strong>qui</strong></span> <span class='ocrx_word' id='word_1_283' title='bbox 1225 2202 1648 2276; x_wconf 86' lang='lat' dir='ltr'><strong>luerintjudicarenonacbos,</strong></span> <span class='ocrx_word' id='word_1_284' title='bbox 1660 2211 1688 2263; x_wconf 91' lang='lat' dir='ltr'><strong>et</strong></span> <span class='ocrx_word' id='word_1_285' title='bbox 1703 2219 1759 2262; x_wconf 92' lang='lat' dir='ltr'><strong>non</strong></span> 
     </span>
     <span class='ocr_line' id='line_1_23' title="bbox 57 2287 1760 2367; baseline 0.002 -18"><span class='ocrx_word' id='word_1_286' title='bbox 57 2292 175 2364; x_wconf 86' lang='lat' dir='ltr'><strong>Suessa,</strong></span> <span class='ocrx_word' id='word_1_287' title='bbox 187 2289 288 2347; x_wconf 91' lang='lat' dir='ltr'><strong>cellam</strong></span> <span class='ocrx_word' id='word_1_288' title='bbox 302 2296 406 2348; x_wconf 79' lang='lat' dir='ltr'><strong>sancta</strong></span> <span class='ocrx_word' id='word_1_289' title='bbox 425 2292 541 2364; x_wconf 84' lang='lat' dir='ltr'><strong>llgatbae</strong></span> <span class='ocrx_word' id='word_1_290' title='bbox 555 2291 584 2347; x_wconf 93' lang='lat' dir='ltr'><strong>in</strong></span> <span class='ocrx_word' id='word_1_291' title='bbox 604 2291 735 2363; x_wconf 87' lang='lat' dir='ltr'><strong>Tercino,</strong></span> <span class='ocrx_word' id='word_1_292' title='bbox 753 2287 887 2346; x_wconf 89' lang='lat' dir='ltr'><strong>eteocle-</strong></span> <span class='ocrx_word' id='word_1_293' title='bbox 936 2292 1029 2350; x_wconf 91' lang='lat' dir='ltr'><strong>solum</strong></span> <span class='ocrx_word' id='word_1_294' title='bbox 1051 2292 1138 2350; x_wconf 86' lang='lat' dir='ltr'><strong>virile</strong></span> <span class='ocrx_word' id='word_1_295' title='bbox 1165 2294 1381 2367; x_wconf 88' lang='lat' dir='ltr'><strong>monasterinm,</strong></span> <span class='ocrx_word' id='word_1_296' title='bbox 1409 2295 1457 2352; x_wconf 92' lang='lat' dir='ltr'><strong>sed</strong></span> <span class='ocrx_word' id='word_1_297' title='bbox 1483 2300 1512 2352; x_wconf 91' lang='lat' dir='ltr'><strong>et</strong></span> <span class='ocrx_word' id='word_1_298' title='bbox 1538 2294 1678 2352; x_wconf 88' lang='lat' dir='ltr'><strong>muliebre</strong></span> <span class='ocrx_word' id='word_1_299' title='bbox 1702 2293 1760 2352; x_wconf 92' lang='lat' dir='ltr'><strong>sibi</strong></span> 
     </span>
     <span class='ocr_line' id='line_1_24' title="bbox 58 2375 1763 2458; baseline 0.002 -20"><span class='ocrx_word' id='word_1_300' title='bbox 58 2381 133 2438; x_wconf 90' lang='lat' dir='ltr'><strong>siam</strong></span> <span class='ocrx_word' id='word_1_301' title='bbox 150 2380 242 2436; x_wconf 90' lang='lat' dir='ltr'><strong>sancti</strong></span> <span class='ocrx_word' id='word_1_302' title='bbox 252 2378 385 2453; x_wconf 85' lang='lat' dir='ltr'><strong>Gregorii</strong></span> <span class='ocrx_word' id='word_1_303' title='bbox 399 2379 428 2437; x_wconf 90' lang='lat' dir='ltr'><strong>in</strong></span> <span class='ocrx_word' id='word_1_304' title='bbox 441 2382 555 2449; x_wconf 86' lang='lat' dir='ltr'><strong>llatese,</strong></span> <span class='ocrx_word' id='word_1_305' title='bbox 571 2379 672 2436; x_wconf 89' lang='lat' dir='ltr'><strong>cellam</strong></span> <span class='ocrx_word' id='word_1_306' title='bbox 689 2378 782 2436; x_wconf 92' lang='lat' dir='ltr'><strong>sancti</strong></span> <span class='ocrx_word' id='word_1_307' title='bbox 794 2375 884 2434; x_wconf 91' lang='lat' dir='ltr'><strong>Sossil</strong></span> <span class='ocrx_word' id='word_1_308' title='bbox 936 2381 1106 2452; x_wconf 87' lang='lat' dir='ltr'><strong>subjectum.</strong></span> <span class='ocrx_word' id='word_1_309' title='bbox 1119 2380 1148 2439; x_wconf 88' lang='lat' dir='ltr'><strong>sl</strong></span> <span class='ocrx_word' id='word_1_310' title='bbox 1169 2382 1236 2454; x_wconf 90' lang='lat' dir='ltr'><strong>quis</strong></span> <span class='ocrx_word' id='word_1_311' title='bbox 1247 2387 1342 2439; x_wconf 90' lang='lat' dir='ltr'><strong>autem</strong></span> <span class='ocrx_word' id='word_1_312' title='bbox 1361 2382 1456 2456; x_wconf 89' lang='lat' dir='ltr'><strong>(quod</strong></span> <span class='ocrx_word' id='word_1_313' title='bbox 1472 2397 1528 2441; x_wconf 92' lang='lat' dir='ltr'><strong>non</strong></span> <span class='ocrx_word' id='word_1_314' title='bbox 1544 2383 1693 2458; x_wconf 89' lang='lat' dir='ltr'><strong>optamus)</strong></span> <span class='ocrx_word' id='word_1_315' title='bbox 1709 2398 1763 2441; x_wconf 84' lang='lat' dir='ltr'><strong>ne-</strong></span> 
     </span>
     <span class='ocr_line' id='line_1_25' title="bbox 59 2466 1764 2545; baseline 0.002 -18"><span class='ocrx_word' id='word_1_316' title='bbox 59 2469 91 2527; x_wconf 94' lang='lat' dir='ltr'><strong>in</strong></span> <span class='ocrx_word' id='word_1_317' title='bbox 108 2467 244 2525; x_wconf 83' lang='lat' dir='ltr'><strong>liburias</strong></span> <span class='ocrx_word' id='word_1_318' title='bbox 257 2481 323 2526; x_wconf 90' lang='lat' dir='ltr'><strong>cum</strong></span> <span class='ocrx_word' id='word_1_319' title='bbox 345 2468 452 2540; x_wconf 88' lang='lat' dir='ltr'><strong>inclyto</strong></span> <span class='ocrx_word' id='word_1_320' title='bbox 466 2468 586 2526; x_wconf 87' lang='lat' dir='ltr'><strong>Gnaldo.</strong></span> <span class='ocrx_word' id='word_1_321' title='bbox 604 2470 635 2525; x_wconf 94' lang='lat' dir='ltr'><strong>ln</strong></span> <span class='ocrx_word' id='word_1_322' title='bbox 649 2468 696 2525; x_wconf 90' lang='lat' dir='ltr'><strong>bis</strong></span> <span class='ocrx_word' id='word_1_323' title='bbox 714 2466 849 2525; x_wconf 87' lang='lat' dir='ltr'><strong>omnibns</strong></span> <span class='ocrx_word' id='word_1_324' title='bbox 858 2469 887 2523; x_wconf 93' lang='lat' dir='ltr'><strong>et</strong></span> <span class='ocrx_word' id='word_1_325' title='bbox 936 2469 1010 2528; x_wconf 89' lang='lat' dir='ltr'><strong>iarlo</strong></span> <span class='ocrx_word' id='word_1_326' title='bbox 1025 2484 1099 2530; x_wconf 89' lang='lat' dir='ltr'><strong>ausu</strong></span> <span class='ocrx_word' id='word_1_327' title='bbox 1110 2471 1326 2543; x_wconf 76' lang='lat' dir='ltr'><strong>presumpserit</strong></span> <span class='ocrx_word' id='word_1_328' title='bbox 1339 2473 1399 2529; x_wconf 74' lang='grc' dir='ltr'><strong>ιιι</strong></span> <span class='ocrx_word' id='word_1_329' title='bbox 1415 2486 1508 2545; x_wconf 86' lang='lat' dir='ltr'><strong>quaea</strong></span> <span class='ocrx_word' id='word_1_330' title='bbox 1529 2472 1613 2530; x_wconf 92' lang='lat' dir='ltr'><strong>nobis</strong></span> <span class='ocrx_word' id='word_1_331' title='bbox 1637 2473 1672 2531; x_wconf 93' lang='lat' dir='ltr'><strong>ad</strong></span> <span class='ocrx_word' id='word_1_332' title='bbox 1695 2471 1764 2531; x_wconf 90' lang='lat' dir='ltr'><strong>lan-</strong></span> 
     </span>
     <span class='ocr_line' id='line_1_26' title="bbox 58 2555 1763 2640; baseline 0.002 -25"><span class='ocrx_word' id='word_1_333' title='bbox 58 2558 130 2616; x_wconf 86' lang='lat' dir='ltr'><strong>aliis</strong></span> <span class='ocrx_word' id='word_1_334' title='bbox 144 2558 202 2615; x_wconf 91' lang='lat' dir='ltr'><strong>sibl</strong></span> <span class='ocrx_word' id='word_1_335' title='bbox 221 2557 510 2630; x_wconf 78' lang='lat' dir='ltr'><strong>inrepertinentibns</strong></span> <span class='ocrx_word' id='word_1_336' title='bbox 523 2558 716 2630; x_wconf 73' lang='lat' dir='ltr'><strong>precipimus,</strong></span> <span class='ocrx_word' id='word_1_337' title='bbox 732 2555 888 2614; x_wconf 89' lang='lat' dir='ltr'><strong>interdici·</strong></span> <span class='ocrx_word' id='word_1_338' title='bbox 936 2560 999 2617; x_wconf 91' lang='lat' dir='ltr'><strong>dem</strong></span> <span class='ocrx_word' id='word_1_339' title='bbox 1011 2560 1062 2616; x_wconf 88' lang='lat' dir='ltr'><strong>Dei</strong></span> <span class='ocrx_word' id='word_1_340' title='bbox 1078 2574 1129 2631; x_wconf 91' lang='lat' dir='ltr'><strong>pro</strong></span> <span class='ocrx_word' id='word_1_341' title='bbox 1151 2559 1312 2617; x_wconf 87' lang='lat' dir='ltr'><strong>stabilitate</strong></span> <span class='ocrx_word' id='word_1_342' title='bbox 1330 2561 1390 2633; x_wconf 83' lang='lat' dir='ltr'><strong>jam</strong></span> <span class='ocrx_word' id='word_1_343' title='bbox 1415 2560 1487 2640; x_wconf 85' lang='lat' dir='ltr'><strong>dicti</strong></span> <span class='ocrx_word' id='word_1_344' title='bbox 1511 2560 1685 2619; x_wconf 81' lang='lat' dir='ltr'><strong>venerabilis</strong></span> <span class='ocrx_word' id='word_1_345' title='bbox 1698 2575 1763 2619; x_wconf 87' lang='grc' dir='ltr'>ιιι-</span> 
     </span>
     <span class='ocr_line' id='line_1_27' title="bbox 59 2646 1762 2724; baseline 0.001 -17"><span class='ocrx_word' id='word_1_346' title='bbox 59 2665 126 2708; x_wconf 91' lang='lat' dir='ltr'><strong>mus</strong></span> <span class='ocrx_word' id='word_1_347' title='bbox 145 2662 178 2706; x_wconf 92' lang='lat' dir='ltr'><strong>ac</strong></span> <span class='ocrx_word' id='word_1_348' title='bbox 193 2652 394 2720; x_wconf 86' lang='lat' dir='ltr'><strong>protestamur,</strong></span> <span class='ocrx_word' id='word_1_349' title='bbox 412 2653 445 2706; x_wconf 90' lang='lat' dir='ltr'><strong>nt</strong></span> <span class='ocrx_word' id='word_1_350' title='bbox 466 2647 565 2704; x_wconf 91' lang='lat' dir='ltr'><strong>nullus</strong></span> <span class='ocrx_word' id='word_1_351' title='bbox 589 2646 718 2719; x_wconf 92' lang='lat' dir='ltr'><strong>qualibet</strong></span> <span class='ocrx_word' id='word_1_352' title='bbox 738 2646 888 2703; x_wconf 85' lang='lat' dir='ltr'><strong>occasione</strong></span> <span class='ocrx_word' id='word_1_353' title='bbox 936 2649 1057 2707; x_wconf 89' lang='lat' dir='ltr'><strong>nasterii</strong></span> <span class='ocrx_word' id='word_1_354' title='bbox 1073 2653 1181 2706; x_wconf 89' lang='lat' dir='ltr'><strong>statuta</strong></span> <span class='ocrx_word' id='word_1_355' title='bbox 1201 2655 1280 2722; x_wconf 90' lang='lat' dir='ltr'><strong>sunt,</strong></span> <span class='ocrx_word' id='word_1_356' title='bbox 1310 2648 1463 2724; x_wconf 73' lang='lat' dir='ltr'><strong>refragare,</strong></span> <span class='ocrx_word' id='word_1_357' title='bbox 1485 2655 1538 2709; x_wconf 93' lang='lat' dir='ltr'><strong>ant</strong></span> <span class='ocrx_word' id='word_1_358' title='bbox 1561 2650 1591 2707; x_wconf 91' lang='lat' dir='ltr'><strong>in</strong></span> <span class='ocrx_word' id='word_1_359' title='bbox 1618 2664 1762 2723; x_wconf 90' lang='lat' dir='ltr'><strong>quoquam</strong></span> 
     </span>
     <span class='ocr_line' id='line_1_28' title="bbox 58 2736 1764 2814; baseline 0.001 -18"><span class='ocrx_word' id='word_1_360' title='bbox 58 2738 144 2797; x_wconf 90' lang='lat' dir='ltr'><strong>dolos</strong></span> <span class='ocrx_word' id='word_1_361' title='bbox 158 2736 203 2795; x_wconf 81' lang='lat' dir='ltr'><strong>rel</strong></span> <span class='ocrx_word' id='word_1_362' title='bbox 218 2737 413 2794; x_wconf 90' lang='lat' dir='ltr'><strong>immissiones</strong></span> <span class='ocrx_word' id='word_1_363' title='bbox 432 2736 546 2808; x_wconf 89' lang='lat' dir='ltr'><strong>aliquas</strong></span> <span class='ocrx_word' id='word_1_364' title='bbox 574 2737 704 2810; x_wconf 80' lang='lat' dir='ltr'><strong>ingerere</strong></span> <span class='ocrx_word' id='word_1_365' title='bbox 722 2738 884 2807; x_wconf 77' lang='lat' dir='ltr'><strong>prasumat.</strong></span> <span class='ocrx_word' id='word_1_366' title='bbox 936 2738 1084 2796; x_wconf 91' lang='lat' dir='ltr'><strong>transilire</strong></span> <span class='ocrx_word' id='word_1_367' title='bbox 1118 2740 1342 2813; x_wconf 72' lang='lat' dir='ltr'><strong>presumpserit,</strong></span> <span class='ocrx_word' id='word_1_368' title='bbox 1375 2739 1433 2797; x_wconf 92' lang='lat' dir='ltr'><strong>nlsl</strong></span> <span class='ocrx_word' id='word_1_369' title='bbox 1469 2740 1557 2814; x_wconf 87' lang='lat' dir='ltr'><strong>digna</strong></span> <span class='ocrx_word' id='word_1_370' title='bbox 1584 2739 1764 2811; x_wconf 88' lang='lat' dir='ltr'><strong>poenitudine</strong></span> 
     </span>
     <span class='ocr_line' id='line_1_29' title="bbox 58 2822 1765 2903; baseline 0 -18"><span class='ocrx_word' id='word_1_371' title='bbox 58 2826 252 2885; x_wconf 87' lang='lat' dir='ltr'><strong>concedimus</strong></span> <span class='ocrx_word' id='word_1_372' title='bbox 272 2826 359 2884; x_wconf 90' lang='lat' dir='ltr'><strong>etiam</strong></span> <span class='ocrx_word' id='word_1_373' title='bbox 382 2826 465 2883; x_wconf 87' lang='lat' dir='ltr'><strong>vobis</strong></span> <span class='ocrx_word' id='word_1_374' title='bbox 487 2826 648 2897; x_wconf 83' lang='lat' dir='ltr'><strong>vestrisque</strong></span> <span class='ocrx_word' id='word_1_375' title='bbox 671 2822 888 2882; x_wconf 88' lang='lat' dir='ltr'><strong>successoribus</strong></span> <span class='ocrx_word' id='word_1_376' title='bbox 936 2828 1140 2901; x_wconf 82' lang='lat' dir='ltr'><strong>emendaverit,</strong></span> <span class='ocrx_word' id='word_1_377' title='bbox 1173 2829 1365 2886; x_wconf 86' lang='lat' dir='ltr'><strong>anathematis</strong></span> <span class='ocrx_word' id='word_1_378' title='bbox 1397 2828 1514 2887; x_wconf 82' lang='lat' dir='ltr'><strong>vinculo</strong></span> <span class='ocrx_word' id='word_1_379' title='bbox 1542 2829 1709 2903; x_wconf 86' lang='lat' dir='ltr'><strong>innodatus,</strong></span> <span class='ocrx_word' id='word_1_380' title='bbox 1735 2832 1765 2886; x_wconf 90' lang='lat' dir='ltr'><strong>et</strong></span> 
     </span>
     <span class='ocr_line' id='line_1_30' title="bbox 60 2912 1765 2991; baseline 0.002 -19"><span class='ocrx_word' id='word_1_381' title='bbox 60 2915 217 2973; x_wconf 86' lang='lat' dir='ltr'><strong>abbatibus</strong></span> <span class='ocrx_word' id='word_1_382' title='bbox 230 2914 282 2970; x_wconf 92' lang='lat' dir='ltr'><strong>bac</strong></span> <span class='ocrx_word' id='word_1_383' title='bbox 296 2918 394 2971; x_wconf 89' lang='lat' dir='ltr'><strong>nostra</strong></span> <span class='ocrx_word' id='word_1_384' title='bbox 409 2914 542 2985; x_wconf 86' lang='lat' dir='ltr'><strong>praesenti</strong></span> <span class='ocrx_word' id='word_1_385' title='bbox 557 2914 730 2971; x_wconf 86' lang='lat' dir='ltr'><strong>anctoritate</strong></span> <span class='ocrx_word' id='word_1_386' title='bbox 740 2912 886 2969; x_wconf 90' lang='lat' dir='ltr'><strong>licentiam</strong></span> <span class='ocrx_word' id='word_1_387' title='bbox 937 2929 1002 2971; x_wconf 87' lang='lat' dir='ltr'><strong>cnm</strong></span> <span class='ocrx_word' id='word_1_388' title='bbox 1013 2915 1140 2989; x_wconf 90' lang='lat' dir='ltr'><strong>diabolo,</strong></span> <span class='ocrx_word' id='word_1_389' title='bbox 1155 2921 1183 2973; x_wconf 90' lang='lat' dir='ltr'><strong>et</strong></span> <span class='ocrx_word' id='word_1_390' title='bbox 1199 2918 1262 2987; x_wconf 82' lang='lat' dir='ltr'><strong>eius</strong></span> <span class='ocrx_word' id='word_1_391' title='bbox 1274 2917 1476 2991; x_wconf 86' lang='lat' dir='ltr'><strong>atrocissimis,</strong></span> <span class='ocrx_word' id='word_1_392' title='bbox 1496 2925 1582 2991; x_wconf 89' lang='lat' dir='ltr'><strong>atque</strong></span> <span class='ocrx_word' id='word_1_393' title='bbox 1606 2919 1679 2977; x_wconf 86' lang='lat' dir='ltr'><strong>luda</strong></span> <span class='ocrx_word' id='word_1_394' title='bbox 1701 2924 1765 2976; x_wconf 87' lang='lat' dir='ltr'><strong>tra-</strong></span> 
     </span>
     <span class='ocr_line' id='line_1_31' title="bbox 59 3000 1764 3077; baseline 0.002 -15"><span class='ocrx_word' id='word_1_395' title='bbox 59 3003 227 3077; x_wconf 80' lang='lat' dir='ltr'><strong>apostollcse</strong></span> <span class='ocrx_word' id='word_1_396' title='bbox 252 3003 329 3061; x_wconf 83' lang='lat' dir='ltr'><strong>sodis</strong></span> <span class='ocrx_word' id='word_1_397' title='bbox 353 3007 456 3060; x_wconf 84' lang='lat' dir='ltr'><strong>nostrae</strong></span> <span class='ocrx_word' id='word_1_398' title='bbox 481 3003 640 3074; x_wconf 84' lang='lat' dir='ltr'><strong>quamlibet</strong></span> <span class='ocrx_word' id='word_1_399' title='bbox 657 3000 888 3059; x_wconf 82' lang='lat' dir='ltr'><strong>Christianitatis</strong></span> <span class='ocrx_word' id='word_1_400' title='bbox 937 3003 1031 3062; x_wconf 92' lang='lat' dir='ltr'><strong>ditore</strong></span> <span class='ocrx_word' id='word_1_401' title='bbox 1040 3004 1156 3062; x_wconf 88' lang='lat' dir='ltr'><strong>Domini</strong></span> <span class='ocrx_word' id='word_1_402' title='bbox 1171 3006 1262 3062; x_wconf 89' lang='lat' dir='ltr'><strong>nostrl</strong></span> <span class='ocrx_word' id='word_1_403' title='bbox 1275 3006 1341 3063; x_wconf 90' lang='lat' dir='ltr'><strong>Jesu</strong></span> <span class='ocrx_word' id='word_1_404' title='bbox 1363 3006 1483 3077; x_wconf 84' lang='lat' dir='ltr'><strong>Christi,</strong></span> <span class='ocrx_word' id='word_1_405' title='bbox 1510 3011 1616 3064; x_wconf 84' lang='lat' dir='ltr'><strong>aeterna</strong></span> <span class='ocrx_word' id='word_1_406' title='bbox 1629 3008 1764 3065; x_wconf 89' lang='lat' dir='ltr'><strong>incendio</strong></span> 
     </span>
    </p>
   </div>
   <div class='ocr_carea' id='block_1_3' title="bbox 60 3080 1764 3167">
    <p class='ocr_par' dir='ltr' id='par_1_3' title="bbox 60 3080 1764 3167">
     <span class='ocr_line' id='line_1_32' title="bbox 60 3080 1764 3167; baseline -0.004 -16"><span class='ocrx_word' id='word_1_407' title='bbox 60 3093 184 3152; x_wconf 83' lang='lat' dir='ltr'><strong>formam</strong></span> <span class='ocrx_word' id='word_1_408' title='bbox 195 3091 394 3167; x_wconf 76' lang='lat' dir='ltr'><strong>indigentibus</strong></span> <span class='ocrx_word' id='word_1_409' title='bbox 405 3093 435 3148; x_wconf 92' lang='lat' dir='ltr'><strong>in</strong></span> <span class='ocrx_word' id='word_1_410' title='bbox 446 3091 563 3164; x_wconf 81' lang='lat' dir='ltr'><strong>praelato</strong></span> <span class='ocrx_word' id='word_1_411' title='bbox 580 3091 736 3149; x_wconf 81' lang='lat' dir='ltr'><strong>venerabili</strong></span> <span class='ocrx_word' id='word_1_412' title='bbox 749 3094 887 3147; x_wconf 90' lang='lat' dir='ltr'><strong>monaste·</strong></span> <span class='ocrx_word' id='word_1_413' title='bbox 898 3080 923 3142; x_wconf 85' lang='lat' dir='ltr'><strong>G</strong></span> <span class='ocrx_word' id='word_1_414' title='bbox 936 3095 1162 3151; x_wconf 71' lang='lat' dir='ltr'><strong>concremandus</strong></span> <span class='ocrx_word' id='word_1_415' title='bbox 1171 3094 1334 3165; x_wconf 72' lang='lat' dir='ltr'><strong>deputetur.</strong></span> <span class='ocrx_word' id='word_1_416' title='bbox 1350 3095 1387 3151; x_wconf 71' lang='grc' dir='ltr'><strong>ιι</strong></span> <span class='ocrx_word' id='word_1_417' title='bbox 1397 3094 1447 3166; x_wconf 82' lang='lat' dir='ltr'><strong>qut</strong></span> <span class='ocrx_word' id='word_1_418' title='bbox 1468 3094 1516 3164; x_wconf 76' lang='lat' dir='ltr'><strong>pio</strong></span> <span class='ocrx_word' id='word_1_419' title='bbox 1536 3095 1647 3152; x_wconf 77' lang='lat' dir='ltr'><strong>intuitu</strong></span> <span class='ocrx_word' id='word_1_420' title='bbox 1661 3095 1764 3153; x_wconf 72' lang='lat' dir='ltr'><strong>obser-</strong></span> 
     </span>
    </p>
   </div>
   <div class='ocr_carea' id='block_1_4' title="bbox 32 3179 1763 5482">
    <p class='ocr_par' dir='ltr' id='par_1_4' title="bbox 57 3179 1763 4059">
     <span class='ocr_line' id='line_1_33' title="bbox 58 3179 1759 3254; baseline -0.002 -13"><span class='ocrx_word' id='word_1_421' title='bbox 58 3183 105 3241; x_wconf 93' lang='lat' dir='ltr'><strong>rio</strong></span> <span class='ocrx_word' id='word_1_422' title='bbox 121 3183 263 3240; x_wconf 87' lang='lat' dir='ltr'><strong>invitandi</strong></span> <span class='ocrx_word' id='word_1_423' title='bbox 281 3196 365 3254; x_wconf 91' lang='lat' dir='ltr'><strong>quern</strong></span> <span class='ocrx_word' id='word_1_424' title='bbox 381 3181 532 3239; x_wconf 85' lang='lat' dir='ltr'><strong>volueritis</strong></span> <span class='ocrx_word' id='word_1_425' title='bbox 546 3181 722 3252; x_wconf 92' lang='lat' dir='ltr'><strong>episcopum,</strong></span> <span class='ocrx_word' id='word_1_426' title='bbox 748 3179 885 3236; x_wconf 90' lang='lat' dir='ltr'><strong>similiter</strong></span> <span class='ocrx_word' id='word_1_427' title='bbox 934 3186 1014 3239; x_wconf 88' lang='lat' dir='ltr'><strong>rator</strong></span> <span class='ocrx_word' id='word_1_428' title='bbox 1041 3180 1072 3237; x_wconf 95' lang='lat' dir='ltr'><strong>in</strong></span> <span class='ocrx_word' id='word_1_429' title='bbox 1096 3179 1231 3239; x_wconf 89' lang='lat' dir='ltr'><strong>omnibus</strong></span> <span class='ocrx_word' id='word_1_430' title='bbox 1255 3181 1410 3254; x_wconf 85' lang='lat' dir='ltr'><strong>exstiterit,</strong></span> <span class='ocrx_word' id='word_1_431' title='bbox 1435 3181 1600 3239; x_wconf 88' lang='lat' dir='ltr'><strong>custodiens</strong></span> <span class='ocrx_word' id='word_1_432' title='bbox 1628 3187 1759 3240; x_wconf 91' lang='lat' dir='ltr'><strong>nostrum</strong></span> 
     </span>
     <span class='ocr_line' id='line_1_34' title="bbox 57 3268 1762 3344; baseline -0.002 -12"><span class='ocrx_word' id='word_1_433' title='bbox 57 3274 94 3332; x_wconf 78' lang='lat' dir='ltr'><strong>ed</strong></span> <span class='ocrx_word' id='word_1_434' title='bbox 105 3272 243 3331; x_wconf 88' lang='lat' dir='ltr'><strong>ecclesias</strong></span> <span class='ocrx_word' id='word_1_435' title='bbox 256 3272 473 3344; x_wconf 90' lang='lat' dir='ltr'><strong>consecrandas,</strong></span> <span class='ocrx_word' id='word_1_436' title='bbox 488 3272 532 3328; x_wconf 91' lang='grc' dir='ltr'><strong>ιιι</strong></span> <span class='ocrx_word' id='word_1_437' title='bbox 551 3270 749 3329; x_wconf 90' lang='lat' dir='ltr'><strong>ordinationes</strong></span> <span class='ocrx_word' id='word_1_438' title='bbox 760 3268 885 3326; x_wconf 91' lang='lat' dir='ltr'><strong>clerico-</strong></span> <span class='ocrx_word' id='word_1_439' title='bbox 933 3270 1123 3343; x_wconf 89' lang='lat' dir='ltr'><strong>apostolicum</strong></span> <span class='ocrx_word' id='word_1_440' title='bbox 1133 3270 1322 3328; x_wconf 88' lang='lat' dir='ltr'><strong>constitutum</strong></span> <span class='ocrx_word' id='word_1_441' title='bbox 1330 3271 1365 3328; x_wconf 89' lang='lat' dir='ltr'><strong>ad</strong></span> <span class='ocrx_word' id='word_1_442' title='bbox 1374 3269 1484 3327; x_wconf 92' lang='lat' dir='ltr'><strong>cultum</strong></span> <span class='ocrx_word' id='word_1_443' title='bbox 1492 3271 1541 3327; x_wconf 85' lang='lat' dir='ltr'><strong>Dei</strong></span> <span class='ocrx_word' id='word_1_444' title='bbox 1551 3271 1762 3344; x_wconf 87' lang='lat' dir='ltr'><strong>respicientem,</strong></span> 
     </span>
     <span class='ocr_line' id='line_1_35' title="bbox 58 3357 1759 3436; baseline -0.003 -16"><span class='ocrx_word' id='word_1_445' title='bbox 58 3377 136 3436; x_wconf 91' lang='lat' dir='ltr'><strong>rum,</strong></span> <span class='ocrx_word' id='word_1_446' title='bbox 152 3367 204 3420; x_wconf 91' lang='lat' dir='ltr'><strong>aut</strong></span> <span class='ocrx_word' id='word_1_447' title='bbox 217 3362 396 3420; x_wconf 88' lang='lat' dir='ltr'><strong>sacerdotum</strong></span> <span class='ocrx_word' id='word_1_448' title='bbox 422 3377 472 3433; x_wconf 92' lang='lat' dir='ltr'><strong>per</strong></span> <span class='ocrx_word' id='word_1_449' title='bbox 486 3368 613 3433; x_wconf 90' lang='lat' dir='ltr'><strong>tempora</strong></span> <span class='ocrx_word' id='word_1_450' title='bbox 634 3359 788 3417; x_wconf 89' lang='lat' dir='ltr'><strong>iaciendas.</strong></span> <span class='ocrx_word' id='word_1_451' title='bbox 805 3357 885 3414; x_wconf 90' lang='lat' dir='ltr'><strong>Cbri-</strong></span> <span class='ocrx_word' id='word_1_452' title='bbox 936 3360 1147 3419; x_wconf 91' lang='lat' dir='ltr'><strong>benedictionis</strong></span> <span class='ocrx_word' id='word_1_453' title='bbox 1162 3360 1283 3434; x_wconf 88' lang='lat' dir='ltr'><strong>gratiam</strong></span> <span class='ocrx_word' id='word_1_454' title='bbox 1300 3374 1316 3417; x_wconf 90' lang='lat' dir='ltr'><strong>a</strong></span> <span class='ocrx_word' id='word_1_455' title='bbox 1345 3359 1617 3417; x_wconf 90' lang='lat' dir='ltr'><strong>misericordissimo</strong></span> <span class='ocrx_word' id='word_1_456' title='bbox 1637 3359 1759 3416; x_wconf 88' lang='lat' dir='ltr'><strong>Domino</strong></span> 
     </span>
     <span class='ocr_line' id='line_1_36' title="bbox 57 3446 1763 3522; baseline -0.003 -13"><span class='ocrx_word' id='word_1_457' title='bbox 57 3464 121 3510; x_wconf 89' lang='lat' dir='ltr'><strong>sma</strong></span> <span class='ocrx_word' id='word_1_458' title='bbox 152 3465 218 3509; x_wconf 88' lang='lat' dir='ltr'><strong>rero</strong></span> <span class='ocrx_word' id='word_1_459' title='bbox 252 3457 280 3508; x_wconf 91' lang='lat' dir='ltr'><strong>et</strong></span> <span class='ocrx_word' id='word_1_460' title='bbox 309 3451 525 3507; x_wconf 82' lang='lat' dir='ltr'><strong>confirmatione</strong></span> <span class='ocrx_word' id='word_1_461' title='bbox 552 3464 569 3506; x_wconf 89' lang='lat' dir='ltr'><strong>a</strong></span> <span class='ocrx_word' id='word_1_462' title='bbox 597 3448 776 3520; x_wconf 89' lang='lat' dir='ltr'><strong>beneplacito</strong></span> <span class='ocrx_word' id='word_1_463' title='bbox 804 3446 886 3504; x_wconf 81' lang='lat' dir='ltr'><strong>vobis</strong></span> <span class='ocrx_word' id='word_1_464' title='bbox 934 3452 992 3509; x_wconf 86' lang='lat' dir='ltr'><strong>Deo</strong></span> <span class='ocrx_word' id='word_1_465' title='bbox 1016 3457 1113 3508; x_wconf 92' lang='lat' dir='ltr'><strong>nostro</strong></span> <span class='ocrx_word' id='word_1_466' title='bbox 1138 3449 1340 3522; x_wconf 90' lang='lat' dir='ltr'><strong>multipliciter</strong></span> <span class='ocrx_word' id='word_1_467' title='bbox 1367 3452 1569 3521; x_wconf 89' lang='lat' dir='ltr'><strong>consequatur,</strong></span> <span class='ocrx_word' id='word_1_468' title='bbox 1596 3453 1625 3504; x_wconf 96' lang='lat' dir='ltr'><strong>et</strong></span> <span class='ocrx_word' id='word_1_469' title='bbox 1650 3452 1763 3505; x_wconf 80' lang='lat' dir='ltr'><strong>aeterum</strong></span> 
     </span>
     <span class='ocr_line' id='line_1_37' title="bbox 57 3535 1608 3613; baseline -0.003 -15"><span class='ocrx_word' id='word_1_470' title='bbox 57 3541 196 3612; x_wconf 91' lang='lat' dir='ltr'><strong>episcopo</strong></span> <span class='ocrx_word' id='word_1_471' title='bbox 208 3540 378 3612; x_wconf 89' lang='lat' dir='ltr'><strong>acquiratis.</strong></span> <span class='ocrx_word' id='word_1_472' title='bbox 407 3541 599 3597; x_wconf 89' lang='lat' dir='ltr'><strong>Protestamur</strong></span> <span class='ocrx_word' id='word_1_473' title='bbox 625 3538 712 3595; x_wconf 89' lang='lat' dir='ltr'><strong>etiam</strong></span> <span class='ocrx_word' id='word_1_474' title='bbox 732 3540 764 3594; x_wconf 92' lang='lat' dir='ltr'><strong>ut</strong></span> <span class='ocrx_word' id='word_1_475' title='bbox 787 3535 887 3594; x_wconf 90' lang='lat' dir='ltr'><strong>nullus</strong></span> <span class='ocrx_word' id='word_1_476' title='bbox 935 3540 1002 3597; x_wconf 80' lang='lat' dir='ltr'><strong>rita</strong></span> <span class='ocrx_word' id='word_1_477' title='bbox 1014 3540 1158 3613; x_wconf 86' lang='lat' dir='ltr'><strong>particeps</strong></span> <span class='ocrx_word' id='word_1_478' title='bbox 1171 3539 1243 3597; x_wconf 81' lang='lat' dir='ltr'><strong>clici</strong></span> <span class='ocrx_word' id='word_1_479' title='bbox 1257 3541 1407 3596; x_wconf 90' lang='lat' dir='ltr'><strong>mereatur.</strong></span> <span class='ocrx_word' id='word_1_480' title='bbox 1425 3536 1608 3595; x_wconf 86' lang='lat' dir='ltr'><strong>Beneralete.</strong></span> 
     </span>
     <span class='ocr_line' id='line_1_38' title="bbox 57 3624 1761 3703; baseline -0.004 -15"><span class='ocrx_word' id='word_1_481' title='bbox 57 3630 214 3703; x_wconf 89' lang='lat' dir='ltr'><strong>episcopus</strong></span> <span class='ocrx_word' id='word_1_482' title='bbox 225 3630 328 3686; x_wconf 82' lang='lat' dir='ltr'><strong>exinde</strong></span> <span class='ocrx_word' id='word_1_483' title='bbox 346 3628 446 3686; x_wconf 90' lang='lat' dir='ltr'><strong>debeat</strong></span> <span class='ocrx_word' id='word_1_484' title='bbox 457 3627 661 3686; x_wconf 89' lang='lat' dir='ltr'><strong>subdiaconem</strong></span> <span class='ocrx_word' id='word_1_485' title='bbox 676 3627 710 3683; x_wconf 94' lang='lat' dir='ltr'><strong>ad</strong></span> <span class='ocrx_word' id='word_1_486' title='bbox 727 3639 808 3684; x_wconf 89' lang='lat' dir='ltr'><strong>snam</strong></span> <span class='ocrx_word' id='word_1_487' title='bbox 824 3640 887 3698; x_wconf 85' lang='lat' dir='ltr'><strong>syn·</strong></span> <span class='ocrx_word' id='word_1_488' title='bbox 969 3629 1113 3700; x_wconf 88' lang='lat' dir='ltr'><strong>scriptun</strong></span> <span class='ocrx_word' id='word_1_489' title='bbox 1132 3643 1181 3701; x_wconf 92' lang='lat' dir='ltr'><strong>per</strong></span> <span class='ocrx_word' id='word_1_490' title='bbox 1191 3641 1292 3685; x_wconf 92' lang='lat' dir='ltr'><strong>manns</strong></span> <span class='ocrx_word' id='word_1_491' title='bbox 1306 3626 1475 3685; x_wconf 84' lang='lat' dir='ltr'><strong>Theodoricl</strong></span> <span class='ocrx_word' id='word_1_492' title='bbox 1491 3624 1640 3684; x_wconf 91' lang='lat' dir='ltr'><strong>scriniarii</strong></span> <span class='ocrx_word' id='word_1_493' title='bbox 1656 3628 1761 3682; x_wconf 76' lang='lat' dir='ltr'><strong>sanctu</strong></span> 
     </span>
     <span class='ocr_line' id='line_1_39' title="bbox 59 3712 1758 3791; baseline -0.004 -13"><span class='ocrx_word' id='word_1_494' title='bbox 59 3716 884 3791; x_wconf 82' lang='lat' dir='ltr'><strong>nodnmprorocare,nisiillinsineritpropriaroluntas,</strong></span> <span class='ocrx_word' id='word_1_495' title='bbox 935 3719 1069 3777; x_wconf 85' lang='lat' dir='ltr'><strong>llomanae</strong></span> <span class='ocrx_word' id='word_1_496' title='bbox 1090 3718 1224 3776; x_wconf 84' lang='lat' dir='ltr'><strong>Ecclesiae</strong></span> <span class='ocrx_word' id='word_1_497' title='bbox 1252 3717 1282 3774; x_wconf 91' lang='lat' dir='ltr'><strong>in</strong></span> <span class='ocrx_word' id='word_1_498' title='bbox 1319 3730 1414 3774; x_wconf 89' lang='lat' dir='ltr'><strong>mense</strong></span> <span class='ocrx_word' id='word_1_499' title='bbox 1450 3716 1537 3789; x_wconf 85' lang='lat' dir='ltr'><strong>lulio,</strong></span> <span class='ocrx_word' id='word_1_500' title='bbox 1568 3716 1628 3773; x_wconf 93' lang='lat' dir='ltr'><strong>ind.</strong></span> <span class='ocrx_word' id='word_1_501' title='bbox 1655 3712 1699 3788; x_wconf 72' lang='lat' dir='ltr'><strong>lu,</strong></span> <span class='ocrx_word' id='word_1_502' title='bbox 1727 3714 1758 3771; x_wconf 93' lang='lat' dir='ltr'><strong>in</strong></span> 
     </span>
     <span class='ocr_line' id='line_1_40' title="bbox 59 3801 1761 3878; baseline -0.004 -11"><span class='ocrx_word' id='word_1_503' title='bbox 59 3809 250 3867; x_wconf 88' lang='lat' dir='ltr'><strong>antabbatem</strong></span> <span class='ocrx_word' id='word_1_504' title='bbox 267 3809 309 3866; x_wconf 94' lang='grc' dir='ltr'><strong>ιιι</strong></span> <span class='ocrx_word' id='word_1_505' title='bbox 325 3808 497 3865; x_wconf 86' lang='lat' dir='ltr'><strong>monachum</strong></span> <span class='ocrx_word' id='word_1_506' title='bbox 511 3807 592 3865; x_wconf 92' lang='lat' dir='ltr'><strong>nullo</strong></span> <span class='ocrx_word' id='word_1_507' title='bbox 606 3805 832 3877; x_wconf 83' lang='lat' dir='ltr'><strong>modoindlcare</strong></span> <span class='ocrx_word' id='word_1_508' title='bbox 842 3804 885 3861; x_wconf 89' lang='lat' dir='ltr'><strong>rel</strong></span> <span class='ocrx_word' id='word_1_509' title='bbox 935 3807 1131 3865; x_wconf 90' lang='lat' dir='ltr'><strong>sacratissima</strong></span> <span class='ocrx_word' id='word_1_510' title='bbox 1175 3807 1234 3865; x_wconf 81' lang='lat' dir='ltr'><strong>aede</strong></span> <span class='ocrx_word' id='word_1_511' title='bbox 1278 3806 1353 3863; x_wconf 90' lang='lat' dir='ltr'><strong>beati</strong></span> <span class='ocrx_word' id='word_1_512' title='bbox 1395 3801 1469 3864; x_wconf 86' lang='lat' dir='ltr'><strong>Petri</strong></span> <span class='ocrx_word' id='word_1_513' title='bbox 1504 3805 1638 3878; x_wconf 88' lang='lat' dir='ltr'><strong>apostoli,</strong></span> <span class='ocrx_word' id='word_1_514' title='bbox 1685 3817 1761 3862; x_wconf 92' lang='lat' dir='ltr'><strong>anno</strong></span> 
     </span>
     <span class='ocr_line' id='line_1_41' title="bbox 58 3893 1705 3970; baseline -0.005 -14"><span class='ocrx_word' id='word_1_515' title='bbox 58 3899 378 3970; x_wconf 82' lang='lat' dir='ltr'><strong>excommunicare,aut</strong></span> <span class='ocrx_word' id='word_1_516' title='bbox 392 3910 504 3954; x_wconf 90' lang='lat' dir='ltr'><strong>omnem</strong></span> <span class='ocrx_word' id='word_1_517' title='bbox 519 3894 677 3967; x_wconf 80' lang='lat' dir='ltr'><strong>cuiuslibet</strong></span> <span class='ocrx_word' id='word_1_518' title='bbox 691 3893 817 3951; x_wconf 82' lang='lat' dir='ltr'><strong>ecclcsiae</strong></span> <span class='ocrx_word' id='word_1_519' title='bbox 836 3906 887 3950; x_wconf 89' lang='lat' dir='ltr'><strong>sa-</strong></span> <span class='ocrx_word' id='word_1_520' title='bbox 936 3899 1038 3968; x_wconf 91' lang='lat' dir='ltr'><strong>qnarto</strong></span> <span class='ocrx_word' id='word_1_521' title='bbox 1050 3896 1234 3969; x_wconf 83' lang='lat' dir='ltr'><strong>pontificatus</strong></span> <span class='ocrx_word' id='word_1_522' title='bbox 1248 3894 1347 3952; x_wconf 91' lang='lat' dir='ltr'><strong>domni</strong></span> <span class='ocrx_word' id='word_1_523' title='bbox 1358 3893 1505 3953; x_wconf 87' lang='lat' dir='ltr'><strong>Pascbalis</strong></span> <span class='ocrx_word' id='word_1_524' title='bbox 1518 3908 1596 3967; x_wconf 79' lang='lat' dir='ltr'><strong>papae</strong></span> <span class='ocrx_word' id='word_1_525' title='bbox 1609 3893 1705 3966; x_wconf 92' lang='lat' dir='ltr'><strong>primi.</strong></span> 
     </span>
     <span class='ocr_line' id='line_1_42' title="bbox 57 3981 1374 4059; baseline -0.006 -14"><span class='ocrx_word' id='word_1_526' title='bbox 57 3988 203 4045; x_wconf 86' lang='lat' dir='ltr'><strong>cerdotem</strong></span> <span class='ocrx_word' id='word_1_527' title='bbox 214 3987 243 4043; x_wconf 92' lang='lat' dir='ltr'><strong>in</strong></span> <span class='ocrx_word' id='word_1_528' title='bbox 255 3984 536 4059; x_wconf 84' lang='lat' dir='ltr'><strong>praelatorenerabili</strong></span> <span class='ocrx_word' id='word_1_529' title='bbox 546 3983 719 4042; x_wconf 86' lang='lat' dir='ltr'><strong>monasterio</strong></span> <span class='ocrx_word' id='word_1_530' title='bbox 728 3981 886 4055; x_wconf 90' lang='lat' dir='ltr'><strong>quamlibet</strong></span> <span class='ocrx_word' id='word_1_531' title='bbox 1330 3984 1374 4039; x_wconf 83' lang='lat' dir='ltr'><strong>lv.</strong></span> 
     </span>
    </p>

    <p class='ocr_par' dir='ltr' id='par_1_5' title="bbox 59 4071 1762 4236">
     <span class='ocr_line' id='line_1_43' title="bbox 59 4071 1762 4149; baseline -0.004 -16"><span class='ocrx_word' id='word_1_532' title='bbox 59 4075 165 4133; x_wconf 86' lang='lat' dir='ltr'><strong>babere</strong></span> <span class='ocrx_word' id='word_1_533' title='bbox 177 4076 328 4149; x_wconf 90' lang='lat' dir='ltr'><strong>ditionem,</strong></span> <span class='ocrx_word' id='word_1_534' title='bbox 357 4080 460 4148; x_wconf 82' lang='lat' dir='ltr'><strong>praeter</strong></span> <span class='ocrx_word' id='word_1_535' title='bbox 484 4075 578 4131; x_wconf 90' lang='lat' dir='ltr'><strong>sedem</strong></span> <span class='ocrx_word' id='word_1_536' title='bbox 608 4072 805 4145; x_wconf 91' lang='lat' dir='ltr'><strong>apostolicam,</strong></span> <span class='ocrx_word' id='word_1_537' title='bbox 833 4071 886 4128; x_wconf 89' lang='lat' dir='ltr'><strong>bac</strong></span> <span class='ocrx_word' id='word_1_538' title='bbox 935 4085 1101 4129; x_wconf 73' lang='lat' dir='ltr'><strong>aasumensi</strong></span> <span class='ocrx_word' id='word_1_539' title='bbox 1119 4085 1247 4128; x_wconf 77' lang='lat' dir='ltr'><strong>crissoni</strong></span> <span class='ocrx_word' id='word_1_540' title='bbox 1261 4083 1636 4129; x_wconf 79' lang='lat' dir='ltr'><strong>noonnnscusrsrranosao</strong></span> <span class='ocrx_word' id='word_1_541' title='bbox 1658 4084 1762 4128; x_wconf 83' lang='lat' dir='ltr'><strong>rnnrss</strong></span> 
     </span>
     <span class='ocr_line' id='line_1_44' title="bbox 59 4157 1422 4236; baseline -0.004 -14"><span class='ocrx_word' id='word_1_542' title='bbox 59 4165 341 4223; x_wconf 87' lang='lat' dir='ltr'><strong>nostraauctoritate</strong></span> <span class='ocrx_word' id='word_1_543' title='bbox 352 4163 549 4236; x_wconf 88' lang='lat' dir='ltr'><strong>probibemus,</strong></span> <span class='ocrx_word' id='word_1_544' title='bbox 569 4161 609 4218; x_wconf 86' lang='lat' dir='ltr'><strong>ita</strong></span> <span class='ocrx_word' id='word_1_545' title='bbox 621 4164 653 4218; x_wconf 91' lang='lat' dir='ltr'><strong>nt</strong></span> <span class='ocrx_word' id='word_1_546' title='bbox 665 4160 723 4217; x_wconf 88' lang='lat' dir='ltr'><strong>nisi</strong></span> <span class='ocrx_word' id='word_1_547' title='bbox 735 4158 772 4217; x_wconf 87' lang='lat' dir='ltr'><strong>ab</strong></span> <span class='ocrx_word' id='word_1_548' title='bbox 784 4157 885 4216; x_wconf 91' lang='lat' dir='ltr'><strong>abbate</strong></span> <span class='ocrx_word' id='word_1_549' title='bbox 1267 4173 1422 4224; x_wconf 84' lang='lat' dir='ltr'><strong>nqurnorus.</strong></span> 
     </span>
    </p>

    <p class='ocr_par' dir='ltr' id='par_1_6' title="bbox 44 4248 1760 5038">
     <span class='ocr_line' id='line_1_45' title="bbox 58 4248 1760 4325; baseline -0.003 -15"><span class='ocrx_word' id='word_1_550' title='bbox 58 4253 230 4311; x_wconf 89' lang='lat' dir='ltr'><strong>monasterii</strong></span> <span class='ocrx_word' id='word_1_551' title='bbox 244 4252 334 4312; x_wconf 87' lang='lat' dir='ltr'><strong>luerit</strong></span> <span class='ocrx_word' id='word_1_552' title='bbox 349 4254 561 4325; x_wconf 86' lang='lat' dir='ltr'><strong>inritatus,nec</strong></span> <span class='ocrx_word' id='word_1_553' title='bbox 578 4251 732 4307; x_wconf 88' lang='lat' dir='ltr'><strong>missarum</strong></span> <span class='ocrx_word' id='word_1_554' title='bbox 746 4248 885 4306; x_wconf 86' lang='lat' dir='ltr'><strong>solemnia</strong></span> <span class='ocrx_word' id='word_1_555' title='bbox 935 4250 1108 4308; x_wconf 81' lang='lat' dir='ltr'><strong>Commendet</strong></span> <span class='ocrx_word' id='word_1_556' title='bbox 1136 4250 1254 4306; x_wconf 78' lang='lat' dir='ltr'><strong>Ebonem</strong></span> <span class='ocrx_word' id='word_1_557' title='bbox 1275 4251 1509 4321; x_wconf 67' lang='lat' dir='ltr'><strong>archiepiscopum</strong></span> <span class='ocrx_word' id='word_1_558' title='bbox 1533 4249 1706 4306; x_wconf 81' lang='lat' dir='ltr'><strong>ltbomensem</strong></span> <span class='ocrx_word' id='word_1_559' title='bbox 1734 4255 1760 4306; x_wconf 84' lang='lat' dir='ltr'><strong>et</strong></span> 
     </span>
     <span class='ocr_line' id='line_1_46' title="bbox 59 4337 1703 4415; baseline -0.004 -16"><span class='ocrx_word' id='word_1_560' title='bbox 59 4341 167 4399; x_wconf 82' lang='lat' dir='ltr'><strong>ibidem</strong></span> <span class='ocrx_word' id='word_1_561' title='bbox 182 4342 325 4400; x_wconf 86' lang='lat' dir='ltr'><strong>celebrare</strong></span> <span class='ocrx_word' id='word_1_562' title='bbox 344 4346 506 4415; x_wconf 74' lang='lat' dir='ltr'><strong>praesumat.</strong></span> <span class='ocrx_word' id='word_1_563' title='bbox 521 4341 670 4412; x_wconf 84' lang='lat' dir='ltr'><strong>Volumus,</strong></span> <span class='ocrx_word' id='word_1_564' title='bbox 686 4343 714 4395; x_wconf 89' lang='lat' dir='ltr'><strong>et</strong></span> <span class='ocrx_word' id='word_1_565' title='bbox 728 4337 885 4410; x_wconf 87' lang='lat' dir='ltr'><strong>apostolica</strong></span> <span class='ocrx_word' id='word_1_566' title='bbox 986 4341 1183 4412; x_wconf 65' lang='lat' dir='ltr'><strong>Holitgorium</strong></span> <span class='ocrx_word' id='word_1_567' title='bbox 1200 4340 1280 4411; x_wconf 73' lang='lat' dir='ltr'><strong>tidem</strong></span> <span class='ocrx_word' id='word_1_568' title='bbox 1293 4338 1394 4395; x_wconf 74' lang='lat' dir='ltr'><strong>Christi</strong></span> <span class='ocrx_word' id='word_1_569' title='bbox 1404 4343 1589 4410; x_wconf 81' lang='lat' dir='ltr'><strong>propagatum</strong></span> <span class='ocrx_word' id='word_1_570' title='bbox 1598 4341 1703 4394; x_wconf 84' lang='lat' dir='ltr'><strong>missos.</strong></span> 
     </span>
     <span class='ocr_line' id='line_1_47' title="bbox 44 4425 1439 4504; baseline -0.002 -18"><span class='ocrx_word' id='word_1_571' title='bbox 44 4429 244 4504; x_wconf 80' lang='lat' dir='ltr'><strong>injungimus</strong></span> <span class='ocrx_word' id='word_1_572' title='bbox 260 4433 429 4490; x_wconf 83' lang='lat' dir='ltr'><strong>auctoritate</strong></span> <span class='ocrx_word' id='word_1_573' title='bbox 445 4431 526 4489; x_wconf 82' lang='lat' dir='ltr'><strong>robis</strong></span> <span class='ocrx_word' id='word_1_574' title='bbox 537 4426 924 4500; x_wconf 81' lang='lat' dir='ltr'><strong>vestrisquesuceessori-1)</strong></span> <span class='ocrx_word' id='word_1_575' title='bbox 1252 4425 1348 4501; x_wconf 77' lang='lat' dir='ltr'><strong>(Anno</strong></span> <span class='ocrx_word' id='word_1_576' title='bbox 1359 4425 1439 4501; x_wconf 56' lang='lat'><strong>822.)</strong></span> 
     </span>
     <span class='ocr_line' id='line_1_48' title="bbox 58 4512 1755 4599; baseline -0.002 -23"><span class='ocrx_word' id='word_1_577' title='bbox 58 4516 883 4594; x_wconf 90' lang='lat' dir='ltr'><strong>busabbatibus,quiibidemintemporeluerintordinati,</strong></span> <span class='ocrx_word' id='word_1_578' title='bbox 936 4512 1034 4593; x_wconf 82' lang='lat' dir='ltr'><strong>[Apud</strong></span> <span class='ocrx_word' id='word_1_579' title='bbox 1064 4519 1255 4592; x_wconf 87' lang='lat' dir='ltr'><strong>Lappenberg,</strong></span> <span class='ocrx_word' id='word_1_580' title='bbox 1274 4517 1501 4599; x_wconf 70' lang='lat' dir='ltr'><strong>Homburgisctcs</strong></span> <span class='ocrx_word' id='word_1_581' title='bbox 1530 4517 1594 4573; x_wconf 80' lang='lat' dir='ltr'><strong>Uri.</strong></span> <span class='ocrx_word' id='word_1_582' title='bbox 1622 4529 1686 4589; x_wconf 86' lang='lat' dir='ltr'><strong>pag.</strong></span> <span class='ocrx_word' id='word_1_583' title='bbox 1710 4513 1755 4587; x_wconf 87' lang='grc'><strong>9.]</strong></span> 
     </span>
     <span class='ocr_line' id='line_1_49' title="bbox 58 4603 1759 4681; baseline -0.003 -15"><span class='ocrx_word' id='word_1_584' title='bbox 58 4613 91 4666; x_wconf 94' lang='lat' dir='ltr'><strong>ut</strong></span> <span class='ocrx_word' id='word_1_585' title='bbox 105 4611 132 4667; x_wconf 92' lang='lat' dir='ltr'><strong>si</strong></span> <span class='ocrx_word' id='word_1_586' title='bbox 155 4611 316 4668; x_wconf 91' lang='lat' dir='ltr'><strong>sacerdotes</strong></span> <span class='ocrx_word' id='word_1_587' title='bbox 336 4610 379 4667; x_wconf 83' lang='lat' dir='ltr'><strong>rel</strong></span> <span class='ocrx_word' id='word_1_588' title='bbox 399 4609 497 4667; x_wconf 91' lang='lat' dir='ltr'><strong>clerici</strong></span> <span class='ocrx_word' id='word_1_589' title='bbox 519 4610 555 4666; x_wconf 91' lang='lat' dir='ltr'><strong>de</strong></span> <span class='ocrx_word' id='word_1_590' title='bbox 574 4620 745 4681; x_wconf 89' lang='lat' dir='ltr'><strong>quacunque</strong></span> <span class='ocrx_word' id='word_1_591' title='bbox 765 4603 886 4663; x_wconf 88' lang='lat' dir='ltr'><strong>ccclesia</strong></span> <span class='ocrx_word' id='word_1_592' title='bbox 970 4606 1292 4678; x_wconf 84' lang='lat' dir='ltr'><strong>Pnscnnnrsepiscopns,</strong></span> <span class='ocrx_word' id='word_1_593' title='bbox 1308 4622 1407 4665; x_wconf 85' lang='lat' dir='ltr'><strong>servus</strong></span> <span class='ocrx_word' id='word_1_594' title='bbox 1430 4618 1576 4664; x_wconf 84' lang='lat' dir='ltr'><strong>serrorum</strong></span> <span class='ocrx_word' id='word_1_595' title='bbox 1601 4606 1663 4676; x_wconf 88' lang='lat' dir='ltr'><strong>Dei,</strong></span> <span class='ocrx_word' id='word_1_596' title='bbox 1687 4604 1759 4662; x_wconf 90' lang='lat' dir='ltr'><strong>uni·-</strong></span> 
     </span>
     <span class='ocr_line' id='line_1_50' title="bbox 56 4693 1759 4769; baseline -0.001 -16"><span class='ocrx_word' id='word_1_597' title='bbox 56 4699 191 4754; x_wconf 87' lang='lat' dir='ltr'><strong>renerlnt</strong></span> <span class='ocrx_word' id='word_1_598' title='bbox 212 4699 247 4756; x_wconf 90' lang='lat' dir='ltr'><strong>ad</strong></span> <span class='ocrx_word' id='word_1_599' title='bbox 267 4699 454 4756; x_wconf 86' lang='lat' dir='ltr'><strong>habitandum</strong></span> <span class='ocrx_word' id='word_1_600' title='bbox 477 4699 506 4753; x_wconf 94' lang='lat' dir='ltr'><strong>in</strong></span> <span class='ocrx_word' id='word_1_601' title='bbox 520 4696 738 4769; x_wconf 86' lang='lat' dir='ltr'><strong>congregatione</strong></span> <span class='ocrx_word' id='word_1_602' title='bbox 751 4693 883 4764; x_wconf 82' lang='lat' dir='ltr'><strong>fratrum,</strong></span> <span class='ocrx_word' id='word_1_603' title='bbox 933 4695 1569 4769; x_wconf 82' lang='lat' dir='ltr'><strong>versissanctissimistratribnscoepiscopis,</strong></span> <span class='ocrx_word' id='word_1_604' title='bbox 1585 4693 1759 4767; x_wconf 81' lang='lat' dir='ltr'><strong>presbyteris</strong></span> 
     </span>
     <span class='ocr_line' id='line_1_51' title="bbox 57 4782 1759 4859; baseline -0.001 -15"><span class='ocrx_word' id='word_1_605' title='bbox 57 4787 119 4844; x_wconf 86' lang='lat' dir='ltr'><strong>slre</strong></span> <span class='ocrx_word' id='word_1_606' title='bbox 134 4787 169 4844; x_wconf 92' lang='lat' dir='ltr'><strong>ad</strong></span> <span class='ocrx_word' id='word_1_607' title='bbox 185 4787 383 4845; x_wconf 88' lang='lat' dir='ltr'><strong>monachicum</strong></span> <span class='ocrx_word' id='word_1_608' title='bbox 394 4786 610 4858; x_wconf 92' lang='lat' dir='ltr'><strong>suscipiendum</strong></span> <span class='ocrx_word' id='word_1_609' title='bbox 627 4783 768 4852; x_wconf 83' lang='lat' dir='ltr'><strong>habitum,</strong></span> <span class='ocrx_word' id='word_1_610' title='bbox 784 4782 881 4838; x_wconf 89' lang='lat' dir='ltr'><strong>statim</strong></span> <span class='ocrx_word' id='word_1_611' title='bbox 934 4783 1759 4859; x_wconf 86' lang='lat' dir='ltr'><strong>seucaeterlsecclcsiastlcisordinibusgloriosissimisqne</strong></span> 
     </span>
     <span class='ocr_line' id='line_1_52' title="bbox 57 4872 1760 4949; baseline -0.003 -14"><span class='ocrx_word' id='word_1_612' title='bbox 57 4878 239 4949; x_wconf 87' lang='lat' dir='ltr'><strong>recipiantur</strong></span> <span class='ocrx_word' id='word_1_613' title='bbox 265 4877 426 4933; x_wconf 87' lang='lat' dir='ltr'><strong>statuentes</strong></span> <span class='ocrx_word' id='word_1_614' title='bbox 438 4875 595 4947; x_wconf 93' lang='lat' dir='ltr'><strong>apostolica</strong></span> <span class='ocrx_word' id='word_1_615' title='bbox 610 4874 729 4945; x_wconf 92' lang='lat' dir='ltr'><strong>insuper</strong></span> <span class='ocrx_word' id='word_1_616' title='bbox 750 4886 881 4944; x_wconf 92' lang='lat' dir='ltr'><strong>censura,</strong></span> <span class='ocrx_word' id='word_1_617' title='bbox 935 4874 1127 4948; x_wconf 89' lang='lat' dir='ltr'><strong>principibus,</strong></span> <span class='ocrx_word' id='word_1_618' title='bbox 1139 4873 1273 4946; x_wconf 90' lang='lat' dir='ltr'><strong>ducibus,</strong></span> <span class='ocrx_word' id='word_1_619' title='bbox 1290 4872 1350 4929; x_wconf 82' lang='lat' dir='ltr'><strong>slve</strong></span> <span class='ocrx_word' id='word_1_620' title='bbox 1375 4873 1536 4945; x_wconf 89' lang='lat' dir='ltr'><strong>magnillcis</strong></span> <span class='ocrx_word' id='word_1_621' title='bbox 1560 4873 1718 4932; x_wconf 90' lang='lat' dir='ltr'><strong>comitibus</strong></span> <span class='ocrx_word' id='word_1_622' title='bbox 1731 4878 1760 4930; x_wconf 93' lang='lat' dir='ltr'><strong>et</strong></span> 
     </span>
     <span class='ocr_line' id='line_1_53' title="bbox 56 4960 1392 5038; baseline -0.005 -14"><span class='ocrx_word' id='word_1_623' title='bbox 56 4965 112 5024; x_wconf 87' lang='lat' dir='ltr'><strong>sub</strong></span> <span class='ocrx_word' id='word_1_624' title='bbox 124 4965 220 5023; x_wconf 80' lang='lat' dir='ltr'><strong>divini</strong></span> <span class='ocrx_word' id='word_1_625' title='bbox 231 4965 337 5038; x_wconf 75' lang='lat' dir='ltr'><strong>indicii</strong></span> <span class='ocrx_word' id='word_1_626' title='bbox 353 4964 553 5037; x_wconf 87' lang='lat' dir='ltr'><strong>obtestatione,</strong></span> <span class='ocrx_word' id='word_1_627' title='bbox 567 4964 615 5021; x_wconf 91' lang='lat' dir='ltr'><strong>sed</strong></span> <span class='ocrx_word' id='word_1_628' title='bbox 631 4968 659 5019; x_wconf 91' lang='lat' dir='ltr'><strong>et</strong></span> <span class='ocrx_word' id='word_1_629' title='bbox 670 4962 776 5021; x_wconf 82' lang='lat' dir='ltr'><strong>validis</strong></span> <span class='ocrx_word' id='word_1_630' title='bbox 797 4967 883 5035; x_wconf 90' lang='lat' dir='ltr'><strong>atqne</strong></span> <span class='ocrx_word' id='word_1_631' title='bbox 934 4964 1048 5022; x_wconf 91' lang='lat' dir='ltr'><strong>cunctis</strong></span> <span class='ocrx_word' id='word_1_632' title='bbox 1058 4961 1232 5020; x_wconf 88' lang='lat' dir='ltr'><strong>Christianis</strong></span> <span class='ocrx_word' id='word_1_633' title='bbox 1248 4960 1392 5018; x_wconf 92' lang='lat' dir='ltr'><strong>lldclibns.</strong></span> 
     </span>
    </p>

    <p class='ocr_par' dir='ltr' id='par_1_7' title="bbox 32 5049 1758 5482">
     <span class='ocr_line' id='line_1_54' title="bbox 32 5049 1757 5124; baseline -0.003 -11"><span class='ocrx_word' id='word_1_634' title='bbox 32 5078 36 5083; x_wconf 95' lang='lat'>·</span> <span class='ocrx_word' id='word_1_635' title='bbox 55 5053 253 5113; x_wconf 73' lang='lat' dir='ltr'><strong>auociorlbus</strong></span> <span class='ocrx_word' id='word_1_636' title='bbox 261 5054 450 5111; x_wconf 86' lang='lat' dir='ltr'><strong>anathematis</strong></span> <span class='ocrx_word' id='word_1_637' title='bbox 463 5052 730 5123; x_wconf 90' lang='lat' dir='ltr'><strong>interdictionibus,</strong></span> <span class='ocrx_word' id='word_1_638' title='bbox 743 5057 775 5110; x_wconf 91' lang='lat' dir='ltr'><strong>ut</strong></span> <span class='ocrx_word' id='word_1_639' title='bbox 783 5051 882 5109; x_wconf 92' lang='lat' dir='ltr'><strong>nullus</strong></span> <span class='ocrx_word' id='word_1_640' title='bbox 966 5053 1036 5110; x_wconf 81' lang='lat' dir='ltr'><strong>Cum</strong></span> <span class='ocrx_word' id='word_1_641' title='bbox 1050 5049 1302 5124; x_wconf 89' lang='lat' dir='ltr'><strong>religiosissimum</strong></span> <span class='ocrx_word' id='word_1_642' title='bbox 1319 5053 1430 5108; x_wconf 89' lang='lat' dir='ltr'><strong>constet</strong></span> <span class='ocrx_word' id='word_1_643' title='bbox 1443 5062 1542 5107; x_wconf 88' lang='lat' dir='ltr'><strong>curam</strong></span> <span class='ocrx_word' id='word_1_644' title='bbox 1562 5062 1596 5106; x_wconf 90' lang='lat' dir='ltr'><strong>ac</strong></span> <span class='ocrx_word' id='word_1_645' title='bbox 1607 5049 1757 5108; x_wconf 87' lang='lat' dir='ltr'><strong>sollicitu-</strong></span> 
     </span>
     <span class='ocr_line' id='line_1_55' title="bbox 56 5137 1758 5218; baseline -0.005 -14"><span class='ocrx_word' id='word_1_646' title='bbox 56 5157 187 5218; x_wconf 85' lang='lat' dir='ltr'><strong>unquam</strong></span> <span class='ocrx_word' id='word_1_647' title='bbox 201 5147 364 5215; x_wconf 85' lang='lat' dir='ltr'><strong>praesumat,</strong></span> <span class='ocrx_word' id='word_1_648' title='bbox 381 5145 552 5215; x_wconf 85' lang='lat' dir='ltr'><strong>cujusquam</strong></span> <span class='ocrx_word' id='word_1_649' title='bbox 569 5141 722 5216; x_wconf 90' lang='lat' dir='ltr'><strong>dignitatis</strong></span> <span class='ocrx_word' id='word_1_650' title='bbox 744 5142 882 5214; x_wconf 79' lang='lat' dir='ltr'><strong>preditus</strong></span> <span class='ocrx_word' id='word_1_651' title='bbox 931 5141 1028 5199; x_wconf 90' lang='lat' dir='ltr'><strong>dinem</strong></span> <span class='ocrx_word' id='word_1_652' title='bbox 1046 5152 1113 5212; x_wconf 91' lang='lat' dir='ltr'><strong>erga</strong></span> <span class='ocrx_word' id='word_1_653' title='bbox 1127 5137 1309 5195; x_wconf 85' lang='lat' dir='ltr'><strong>Dominicnm</strong></span> <span class='ocrx_word' id='word_1_654' title='bbox 1330 5151 1443 5212; x_wconf 86' lang='lat' dir='ltr'><strong>gregem</strong></span> <span class='ocrx_word' id='word_1_655' title='bbox 1464 5151 1571 5212; x_wconf 87' lang='lat' dir='ltr'><strong>gerere,</strong></span> <span class='ocrx_word' id='word_1_656' title='bbox 1588 5138 1758 5212; x_wconf 82' lang='lat' dir='ltr'><strong>qnemdrrl·</strong></span> 
     </span>
     <span class='ocr_line' id='line_1_56' title="bbox 56 5228 1758 5307; baseline -0.004 -17"><span class='ocrx_word' id='word_1_657' title='bbox 56 5237 212 5307; x_wconf 89' lang='lat' dir='ltr'><strong>potestate,</strong></span> <span class='ocrx_word' id='word_1_658' title='bbox 228 5232 260 5288; x_wconf 91' lang='grc' dir='ltr'><strong>ιι</strong></span> <span class='ocrx_word' id='word_1_659' title='bbox 274 5232 371 5289; x_wconf 90' lang='lat' dir='ltr'><strong>eodern</strong></span> <span class='ocrx_word' id='word_1_660' title='bbox 386 5231 543 5289; x_wconf 81' lang='lat' dir='ltr'><strong>venerabili</strong></span> <span class='ocrx_word' id='word_1_661' title='bbox 568 5232 752 5299; x_wconf 85' lang='lat' dir='ltr'><strong>monasterio,</strong></span> <span class='ocrx_word' id='word_1_662' title='bbox 765 5231 808 5289; x_wconf 85' lang='lat' dir='ltr'><strong>rel</strong></span> <span class='ocrx_word' id='word_1_663' title='bbox 821 5232 883 5302; x_wconf 84' lang='lat' dir='ltr'><strong>ejus</strong></span> <span class='ocrx_word' id='word_1_664' title='bbox 932 5244 969 5288; x_wconf 91' lang='lat' dir='ltr'><strong>na</strong></span> <span class='ocrx_word' id='word_1_665' title='bbox 983 5229 1197 5303; x_wconf 90' lang='lat' dir='ltr'><strong>dispensatione</strong></span> <span class='ocrx_word' id='word_1_666' title='bbox 1217 5229 1399 5301; x_wconf 89' lang='lat' dir='ltr'><strong>suscepimus</strong></span> <span class='ocrx_word' id='word_1_667' title='bbox 1420 5228 1649 5304; x_wconf 89' lang='lat' dir='ltr'><strong>gubernandum,</strong></span> <span class='ocrx_word' id='word_1_668' title='bbox 1670 5231 1758 5300; x_wconf 89' lang='lat' dir='ltr'><strong>atque</strong></span> 
     </span>
     <span class='ocr_line' id='line_1_57' title="bbox 55 5313 1757 5393; baseline -0.005 -13"><span class='ocrx_word' id='word_1_669' title='bbox 55 5323 156 5380; x_wconf 67' lang='lat' dir='ltr'><strong>musis</strong></span> <span class='ocrx_word' id='word_1_670' title='bbox 169 5320 345 5393; x_wconf 88' lang='lat' dir='ltr'><strong>incumbere,</strong></span> <span class='ocrx_word' id='word_1_671' title='bbox 355 5324 407 5378; x_wconf 93' lang='lat' dir='ltr'><strong>aut</strong></span> <span class='ocrx_word' id='word_1_672' title='bbox 417 5320 453 5377; x_wconf 96' lang='lat' dir='ltr'><strong>de</strong></span> <span class='ocrx_word' id='word_1_673' title='bbox 469 5320 563 5390; x_wconf 88' lang='lat' dir='ltr'><strong>rebus,</strong></span> <span class='ocrx_word' id='word_1_674' title='bbox 576 5325 628 5377; x_wconf 90' lang='lat' dir='ltr'><strong>ant</strong></span> <span class='ocrx_word' id='word_1_675' title='bbox 639 5320 881 5392; x_wconf 88' lang='lat' dir='ltr'><strong>possessionibus,</strong></span> <span class='ocrx_word' id='word_1_676' title='bbox 933 5320 1059 5378; x_wconf 88' lang='lat' dir='ltr'><strong>coelestia</strong></span> <span class='ocrx_word' id='word_1_677' title='bbox 1075 5317 1179 5390; x_wconf 89' lang='lat' dir='ltr'><strong>pabula</strong></span> <span class='ocrx_word' id='word_1_678' title='bbox 1191 5317 1302 5376; x_wconf 92' lang='lat' dir='ltr'><strong>salubri</strong></span> <span class='ocrx_word' id='word_1_679' title='bbox 1322 5320 1582 5377; x_wconf 84' lang='lat' dir='ltr'><strong>communicatione</strong></span> <span class='ocrx_word' id='word_1_680' title='bbox 1594 5313 1757 5374; x_wconf 89' lang='lat' dir='ltr'><strong>subminis-</strong></span> 
     </span>
     <span class='ocr_line' id='line_1_58' title="bbox 55 5401 1756 5482; baseline -0.006 -13"><span class='ocrx_word' id='word_1_681' title='bbox 55 5411 100 5469; x_wconf 83' lang='lat' dir='ltr'><strong>rel</strong></span> <span class='ocrx_word' id='word_1_682' title='bbox 115 5409 249 5468; x_wconf 91' lang='lat' dir='ltr'><strong>ecclesiis</strong></span> <span class='ocrx_word' id='word_1_683' title='bbox 261 5409 411 5481; x_wconf 79' lang='lat' dir='ltr'><strong>sublectis,</strong></span> <span class='ocrx_word' id='word_1_684' title='bbox 435 5410 478 5466; x_wconf 87' lang='lat' dir='ltr'><strong>rel</strong></span> <span class='ocrx_word' id='word_1_685' title='bbox 504 5410 645 5482; x_wconf 92' lang='lat' dir='ltr'><strong>quidquid</strong></span> <span class='ocrx_word' id='word_1_686' title='bbox 660 5410 696 5466; x_wconf 90' lang='lat' dir='ltr'><strong>de</strong></span> <span class='ocrx_word' id='word_1_687' title='bbox 720 5409 767 5466; x_wconf 92' lang='lat' dir='ltr'><strong>bis</strong></span> <span class='ocrx_word' id='word_1_688' title='bbox 781 5409 884 5467; x_wconf 82' lang='lat' dir='ltr'><strong>exinde</strong></span> <span class='ocrx_word' id='word_1_689' title='bbox 934 5409 1078 5475; x_wconf 87' lang='lat' dir='ltr'><strong>trandum,</strong></span> <span class='ocrx_word' id='word_1_690' title='bbox 1095 5408 1217 5466; x_wconf 85' lang='lat' dir='ltr'><strong>maxime</strong></span> <span class='ocrx_word' id='word_1_691' title='bbox 1232 5408 1280 5466; x_wconf 91' lang='lat' dir='ltr'><strong>bis</strong></span> <span class='ocrx_word' id='word_1_692' title='bbox 1294 5409 1344 5482; x_wconf 94' lang='lat' dir='ltr'><strong>qui</strong></span> <span class='ocrx_word' id='word_1_693' title='bbox 1364 5409 1395 5466; x_wconf 93' lang='lat' dir='ltr'><strong>ln</strong></span> <span class='ocrx_word' id='word_1_694' title='bbox 1409 5408 1544 5481; x_wconf 89' lang='lat' dir='ltr'><strong>compitis</strong></span> <span class='ocrx_word' id='word_1_695' title='bbox 1564 5410 1593 5462; x_wconf 92' lang='lat' dir='ltr'><strong>et</strong></span> <span class='ocrx_word' id='word_1_696' title='bbox 1607 5405 1689 5477; x_wconf 91' lang='lat' dir='ltr'><strong>pagis</strong></span> <span class='ocrx_word' id='word_1_697' title='bbox 1702 5401 1756 5459; x_wconf 91' lang='lat' dir='ltr'><strong>snb</strong></span> 
     </span>
    </p>
   </div>
   <div class='ocr_carea' id='block_1_5' title="bbox 57 5492 1876 5573">
    <p class='ocr_par' dir='ltr' id='par_1_8' title="bbox 57 5492 1876 5573">
     <span class='ocr_line' id='line_1_59' title="bbox 57 5492 1876 5573; baseline -0.007 -14"><span class='ocrx_word' id='word_1_698' title='bbox 57 5501 154 5560; x_wconf 82' lang='lat' dir='ltr'><strong>inesse</strong></span> <span class='ocrx_word' id='word_1_699' title='bbox 168 5499 315 5573; x_wconf 90' lang='lat' dir='ltr'><strong>ridentur,</strong></span> <span class='ocrx_word' id='word_1_700' title='bbox 332 5498 533 5571; x_wconf 88' lang='lat' dir='ltr'><strong>quoquomodo</strong></span> <span class='ocrx_word' id='word_1_701' title='bbox 551 5496 726 5554; x_wconf 88' lang='lat' dir='ltr'><strong>auterreaut</strong></span> <span class='ocrx_word' id='word_1_702' title='bbox 740 5496 883 5570; x_wconf 71' lang='lat' dir='ltr'><strong>alienare,</strong></span> <span class='ocrx_word' id='word_1_703' title='bbox 934 5498 1064 5570; x_wconf 88' lang='lat' dir='ltr'><strong>principe</strong></span> <span class='ocrx_word' id='word_1_704' title='bbox 1076 5497 1257 5555; x_wconf 90' lang='lat' dir='ltr'><strong>tenebrarum</strong></span> <span class='ocrx_word' id='word_1_705' title='bbox 1272 5498 1378 5555; x_wconf 87' lang='lat' dir='ltr'><strong>callida</strong></span> <span class='ocrx_word' id='word_1_706' title='bbox 1392 5497 1526 5555; x_wconf 90' lang='lat' dir='ltr'><strong>suasione</strong></span> <span class='ocrx_word' id='word_1_707' title='bbox 1546 5492 1715 5565; x_wconf 88' lang='lat' dir='ltr'><strong>persistunt,</strong></span> <span class='ocrx_word' id='word_1_708' title='bbox 1728 5495 1757 5548; x_wconf 92' lang='lat' dir='ltr'><strong>et</strong></span> <span class='ocrx_word' id='word_1_709' title='bbox 1871 5495 1876 5503; x_wconf 87' lang='lat'><em>&#39;</em></span> 
     </span>
    </p>
   </div>
   <div class='ocr_carea' id='block_1_6' title="bbox 55 5583 1754 5664">
    <p class='ocr_par' dir='ltr' id='par_1_9' title="bbox 55 5583 1754 5664">
     <span class='ocr_line' id='line_1_60' title="bbox 55 5583 1754 5664; baseline -0.008 -14"><span class='ocrx_word' id='word_1_710' title='bbox 55 5590 107 5650; x_wconf 82' lang='lat' dir='ltr'><strong>sed</strong></span> <span class='ocrx_word' id='word_1_711' title='bbox 122 5603 177 5649; x_wconf 89' lang='lat' dir='ltr'><strong>neo</strong></span> <span class='ocrx_word' id='word_1_712' title='bbox 190 5587 350 5664; x_wconf 84' lang='lat' dir='ltr'><strong>quamlibet</strong></span> <span class='ocrx_word' id='word_1_713' title='bbox 362 5587 502 5647; x_wconf 86' lang='lat' dir='ltr'><strong>malitiam</strong></span> <span class='ocrx_word' id='word_1_714' title='bbox 512 5591 563 5648; x_wconf 87' lang='lat' dir='ltr'><strong>aut</strong></span> <span class='ocrx_word' id='word_1_715' title='bbox 582 5589 702 5660; x_wconf 79' lang='lat' dir='ltr'><strong>lacturu</strong></span> <span class='ocrx_word' id='word_1_716' title='bbox 723 5587 883 5646; x_wconf 88' lang='lat' dir='ltr'><strong>molestiam</strong></span> <span class='ocrx_word' id='word_1_717' title='bbox 932 5587 1009 5646; x_wconf 87' lang='lat' dir='ltr'><strong>riam</strong></span> <span class='ocrx_word' id='word_1_718' title='bbox 1020 5587 1087 5644; x_wconf 74' lang='lat' dir='ltr'><strong>rite</strong></span> <span class='ocrx_word' id='word_1_719' title='bbox 1098 5585 1273 5659; x_wconf 90' lang='lat' dir='ltr'><strong>ignorantes,</strong></span> <span class='ocrx_word' id='word_1_720' title='bbox 1286 5585 1374 5656; x_wconf 80' lang='lat' dir='ltr'><strong>desii,</strong></span> <span class='ocrx_word' id='word_1_721' title='bbox 1388 5597 1445 5641; x_wconf 93' lang='lat' dir='ltr'><strong>non</strong></span> <span class='ocrx_word' id='word_1_722' title='bbox 1460 5594 1524 5655; x_wconf 75' lang='grc' dir='ltr'><strong>ιιι</strong></span> <span class='ocrx_word' id='word_1_723' title='bbox 1535 5591 1650 5639; x_wconf 88' lang='lat' dir='ltr'><strong>sursum</strong></span> <span class='ocrx_word' id='word_1_724' title='bbox 1674 5583 1754 5652; x_wconf 86' lang='lat' dir='ltr'><strong>sunt,</strong></span> 
     </span>
    </p>
   </div>
   <div class='ocr_carea' id='block_1_7' title="bbox 0 0 1947 6084">
    <p class='ocr_par' dir='ltr' id='par_1_10' title="bbox 0 0 1947 6084">
     <span class='ocr_line' id='line_1_61' title="bbox 0 0 1947 6084; baseline 0 0"><span class='ocrx_word' id='word_1_725' title='bbox 0 0 1947 6084; x_wconf 95' lang='lat' dir='ltr'><strong> </strong></span> 
     </span>
    </p>
   </div>
  </div>
 </body>
</html>
