<?xml version="1.0" encoding="UTF-8"?>
<!DOCTYPE html PUBLIC "-//W3C//DTD XHTML 1.0 Transitional//EN"
    "http://www.w3.org/TR/xhtml1/DTD/xhtml1-transitional.dtd">
<html xmlns="http://www.w3.org/1999/xhtml" xml:lang="en" lang="en">
 <head>
  <title>
</title>
<meta http-equiv="Content-Type" content="text/html;charset=utf-8" />
  <meta name='ocr-system' content='tesseract 3.04.00' />
  <meta name='ocr-capabilities' content='ocr_page ocr_carea ocr_par ocr_line ocrx_word'/>
</head>
<body>
  <div class='ocr_page' id='page_1' title='image "./patrologiaecurs06migngoog_0169.png"; bbox 0 0 3876 6090; ppageno 0'>
   <div class='ocr_carea' id='block_1_1' title="bbox 108 218 1191 289">
    <p class='ocr_par' dir='ltr' id='par_1_1' title="bbox 108 218 1191 289">
     <span class='ocr_line' id='line_1_1' title="bbox 108 218 1191 289; baseline -0.012 -1"><span class='ocrx_word' id='word_1_1' title='bbox 108 228 163 289; x_wconf 70' lang='lat'><strong>327</strong></span> <span class='ocrx_word' id='word_1_2' title='bbox 721 223 899 283; x_wconf 76' lang='lat' dir='ltr'><strong>nhhsinsrl</strong></span> <span class='ocrx_word' id='word_1_3' title='bbox 921 218 1191 277; x_wconf 77' lang='lat' dir='ltr'><strong>ututloitlhchhlr</strong></span> 
     </span>
    </p>
   </div>
   <div class='ocr_carea' id='block_1_2' title="bbox 109 338 1723 5549">
    <p class='ocr_par' dir='ltr' id='par_1_2' title="bbox 109 338 1720 1838">
     <span class='ocr_line' id='line_1_2' title="bbox 109 338 1719 428; baseline -0.011 -13"><span class='ocrx_word' id='word_1_4' title='bbox 109 359 198 415; x_wconf 89' lang='lat' dir='ltr'><strong>cescit</strong></span> <span class='ocrx_word' id='word_1_5' title='bbox 213 358 400 426; x_wconf 91' lang='lat' dir='ltr'><strong>illuminatio,</strong></span> <span class='ocrx_word' id='word_1_6' title='bbox 411 363 439 414; x_wconf 91' lang='lat' dir='ltr'><strong>ct</strong></span> <span class='ocrx_word' id='word_1_7' title='bbox 451 357 612 428; x_wconf 88' lang='lat' dir='ltr'><strong>impietatis</strong></span> <span class='ocrx_word' id='word_1_8' title='bbox 624 353 746 412; x_wconf 83' lang='lat' dir='ltr'><strong>tenebrae</strong></span> <span class='ocrx_word' id='word_1_9' title='bbox 757 352 929 425; x_wconf 73' lang='lat' dir='ltr'><strong>effugantur,</strong></span> <span class='ocrx_word' id='word_1_10' title='bbox 944 347 970 406; x_wconf 89' lang='grc' dir='ltr'>Α</span> <span class='ocrx_word' id='word_1_11' title='bbox 985 352 1033 416; x_wconf 90' lang='lat' dir='ltr'><strong>pto</strong></span> <span class='ocrx_word' id='word_1_12' title='bbox 1043 345 1253 402; x_wconf 80' lang='lat' dir='ltr'><strong>commodarent</strong></span> <span class='ocrx_word' id='word_1_13' title='bbox 1267 341 1341 418; x_wconf 83' lang='lat' dir='ltr'><strong>[dr.‚</strong></span> <span class='ocrx_word' id='word_1_14' title='bbox 1358 338 1577 417; x_wconf 84' lang='lat' dir='ltr'><strong>attribuerent],</strong></span> <span class='ocrx_word' id='word_1_15' title='bbox 1596 340 1719 412; x_wconf 82' lang='lat' dir='ltr'><strong>impieta·</strong></span> 
     </span>
     <span class='ocr_line' id='line_1_3' title="bbox 111 426 1719 517; baseline -0.012 -16"><span class='ocrx_word' id='word_1_16' title='bbox 111 448 245 504; x_wconf 90' lang='lat' dir='ltr'><strong>hahentes</strong></span> <span class='ocrx_word' id='word_1_17' title='bbox 263 453 292 503; x_wconf 92' lang='lat' dir='ltr'><strong>et</strong></span> <span class='ocrx_word' id='word_1_18' title='bbox 310 447 379 517; x_wconf 86' lang='lat' dir='ltr'><strong>ipsae</strong></span> <span class='ocrx_word' id='word_1_19' title='bbox 401 446 511 517; x_wconf 92' lang='lat' dir='ltr'><strong>proprii</strong></span> <span class='ocrx_word' id='word_1_20' title='bbox 535 446 643 502; x_wconf 88' lang='lat' dir='ltr'><strong>erroris</strong></span> <span class='ocrx_word' id='word_1_21' title='bbox 667 442 929 500; x_wconf 76' lang='lat' dir='ltr'><strong>manifestissimam</strong></span> <span class='ocrx_word' id='word_1_22' title='bbox 987 448 1049 490; x_wconf 91' lang='lat' dir='ltr'><strong>rum</strong></span> <span class='ocrx_word' id='word_1_23' title='bbox 1063 434 1231 489; x_wconf 87' lang='lat' dir='ltr'><strong>clamentim</strong></span> <span class='ocrx_word' id='word_1_24' title='bbox 1250 433 1432 489; x_wconf 79' lang='lat' dir='ltr'><strong>ostendentes</strong></span> <span class='ocrx_word' id='word_1_25' title='bbox 1446 431 1632 488; x_wconf 86' lang='lat' dir='ltr'><strong>nimietatem.</strong></span> <span class='ocrx_word' id='word_1_26' title='bbox 1647 426 1719 486; x_wconf 80' lang='lat' dir='ltr'><strong>hili:</strong></span> 
     </span>
     <span class='ocr_line' id='line_1_4' title="bbox 110 518 1719 607; baseline -0.01 -17"><span class='ocrx_word' id='word_1_27' title='bbox 110 534 312 607; x_wconf 86' lang='lat' dir='ltr'><strong>cognitionem,</strong></span> <span class='ocrx_word' id='word_1_28' title='bbox 333 533 488 592; x_wconf 90' lang='lat' dir='ltr'><strong>multorum</strong></span> <span class='ocrx_word' id='word_1_29' title='bbox 508 533 768 590; x_wconf 87' lang='lat' dir='ltr'><strong>videlicetdeorum</strong></span> <span class='ocrx_word' id='word_1_30' title='bbox 787 528 931 600; x_wconf 88' lang='lat' dir='ltr'><strong>supersti-</strong></span> <span class='ocrx_word' id='word_1_31' title='bbox 986 531 1049 597; x_wconf 90' lang='lat' dir='ltr'><strong>post</strong></span> <span class='ocrx_word' id='word_1_32' title='bbox 1065 524 1122 579; x_wconf 75' lang='lat' dir='ltr'><strong>haec</strong></span> <span class='ocrx_word' id='word_1_33' title='bbox 1134 523 1251 594; x_wconf 88' lang='lat' dir='ltr'><strong>gentilis</strong></span> <span class='ocrx_word' id='word_1_34' title='bbox 1263 521 1550 593; x_wconf 89' lang='lat' dir='ltr'><strong>religionisaggressi</strong></span> <span class='ocrx_word' id='word_1_35' title='bbox 1563 518 1719 575; x_wconf 80' lang='lat' dir='ltr'><strong>confusion</strong></span> 
     </span>
     <span class='ocr_line' id='line_1_5' title="bbox 111 604 1719 689; baseline -0.011 -12"><span class='ocrx_word' id='word_1_36' title='bbox 111 622 226 678; x_wconf 91' lang='lat' dir='ltr'><strong>tionem.</strong></span> <span class='ocrx_word' id='word_1_37' title='bbox 238 623 404 679; x_wconf 83' lang='lat' dir='ltr'><strong>Haecautem</strong></span> <span class='ocrx_word' id='word_1_38' title='bbox 423 622 462 678; x_wconf 89' lang='lat' dir='ltr'><strong>ita</strong></span> <span class='ocrx_word' id='word_1_39' title='bbox 473 622 594 678; x_wconf 90' lang='lat' dir='ltr'><strong>invicem</strong></span> <span class='ocrx_word' id='word_1_40' title='bbox 605 621 802 689; x_wconf 80' lang='lat' dir='ltr'><strong>adversantur,</strong></span> <span class='ocrx_word' id='word_1_41' title='bbox 814 623 846 675; x_wconf 91' lang='lat' dir='ltr'><strong>ut</strong></span> <span class='ocrx_word' id='word_1_42' title='bbox 859 631 932 687; x_wconf 86' lang='lat' dir='ltr'><strong>apo-</strong></span> <span class='ocrx_word' id='word_1_43' title='bbox 986 613 1060 669; x_wconf 85' lang='lat' dir='ltr'><strong>hauc</strong></span> <span class='ocrx_word' id='word_1_44' title='bbox 1078 612 1283 682; x_wconf 87' lang='lat' dir='ltr'><strong>circumtegere</strong></span> <span class='ocrx_word' id='word_1_45' title='bbox 1303 609 1473 666; x_wconf 81' lang='lat' dir='ltr'><strong>festinantes</strong></span> <span class='ocrx_word' id='word_1_46' title='bbox 1493 607 1546 664; x_wconf 93' lang='lat' dir='ltr'><strong>sub</strong></span> <span class='ocrx_word' id='word_1_47' title='bbox 1563 608 1679 664; x_wconf 92' lang='lat' dir='ltr'><strong>nomine</strong></span> <span class='ocrx_word' id='word_1_48' title='bbox 1693 604 1719 663; x_wconf 81' lang='lat' dir='ltr'><strong>dv</strong></span> 
     </span>
     <span class='ocr_line' id='line_1_6' title="bbox 110 698 1719 782; baseline -0.009 -17"><span class='ocrx_word' id='word_1_49' title='bbox 110 709 211 766; x_wconf 90' lang='lat' dir='ltr'><strong>stolioe</strong></span> <span class='ocrx_word' id='word_1_50' title='bbox 228 709 333 782; x_wconf 91' lang='lat' dir='ltr'><strong>dicam,</strong></span> <span class='ocrx_word' id='word_1_51' title='bbox 355 710 593 781; x_wconf 85' lang='lat' dir='ltr'><strong>quemadmodum</strong></span> <span class='ocrx_word' id='word_1_52' title='bbox 616 710 646 765; x_wconf 95' lang='lat' dir='ltr'><strong>in</strong></span> <span class='ocrx_word' id='word_1_53' title='bbox 667 707 812 780; x_wconf 92' lang='lat' dir='ltr'><strong>principio</strong></span> <span class='ocrx_word' id='word_1_54' title='bbox 829 704 933 762; x_wconf 83' lang='lat' dir='ltr'><strong>divisit</strong></span> <span class='ocrx_word' id='word_1_55' title='bbox 986 701 1060 772; x_wconf 90' lang='lat' dir='ltr'><strong>apud</strong></span> <span class='ocrx_word' id='word_1_56' title='bbox 1083 714 1131 755; x_wconf 91' lang='lat' dir='ltr'><strong>ecs</strong></span> <span class='ocrx_word' id='word_1_57' title='bbox 1152 699 1329 765; x_wconf 85' lang='lat' dir='ltr'><strong>colebantur,</strong></span> <span class='ocrx_word' id='word_1_58' title='bbox 1359 698 1581 754; x_wconf 79' lang='lat' dir='ltr'><strong>simulacrorum</strong></span> <span class='ocrx_word' id='word_1_59' title='bbox 1606 709 1692 752; x_wconf 89' lang='lat' dir='ltr'><strong>curas</strong></span> <span class='ocrx_word' id='word_1_60' title='bbox 1717 715 1719 746; x_wconf 72' lang='lat' dir='ltr'><strong>v</strong></span> 
     </span>
     <span class='ocr_line' id='line_1_7' title="bbox 110 783 1707 866; baseline -0.008 -14"><span class='ocrx_word' id='word_1_61' title='bbox 110 798 185 854; x_wconf 85' lang='lat' dir='ltr'><strong>Deus</strong></span> <span class='ocrx_word' id='word_1_62' title='bbox 196 797 270 854; x_wconf 91' lang='lat' dir='ltr'><strong>intcr</strong></span> <span class='ocrx_word' id='word_1_63' title='bbox 285 798 376 854; x_wconf 91' lang='lat' dir='ltr'><strong>lucem</strong></span> <span class='ocrx_word' id='word_1_64' title='bbox 386 804 414 854; x_wconf 92' lang='lat' dir='ltr'><strong>et</strong></span> <span class='ocrx_word' id='word_1_65' title='bbox 430 798 506 855; x_wconf 88' lang='lat' dir='ltr'><strong>inter</strong></span> <span class='ocrx_word' id='word_1_66' title='bbox 518 796 655 854; x_wconf 91' lang='lat' dir='ltr'><strong>tenebras.</strong></span> <span class='ocrx_word' id='word_1_67' title='bbox 679 797 761 852; x_wconf 85' lang='lat' dir='ltr'><strong>Dicat</strong></span> <span class='ocrx_word' id='word_1_68' title='bbox 776 794 867 866; x_wconf 91' lang='lat' dir='ltr'><strong>igitur</strong></span> <span class='ocrx_word' id='word_1_69' title='bbox 886 807 932 849; x_wconf 85' lang='lat' dir='ltr'><strong>no</strong></span> <span class='ocrx_word' id='word_1_70' title='bbox 989 786 1064 863; x_wconf 72' lang='lat' dir='ltr'><strong>[Ge.</strong></span> <span class='ocrx_word' id='word_1_71' title='bbox 1094 783 1271 860; x_wconf 85' lang='lat' dir='ltr'><strong>structuras]</strong></span> <span class='ocrx_word' id='word_1_72' title='bbox 1298 786 1480 858; x_wconf 82' lang='lat' dir='ltr'><strong>peragebant,</strong></span> <span class='ocrx_word' id='word_1_73' title='bbox 1508 792 1565 841; x_wconf 91' lang='lat' dir='ltr'><strong>tam</strong></span> <span class='ocrx_word' id='word_1_74' title='bbox 1591 784 1707 840; x_wconf 89' lang='lat' dir='ltr'><strong>scilicet</strong></span> 
     </span>
     <span class='ocr_line' id='line_1_8' title="bbox 111 871 1719 959; baseline -0.008 -17"><span class='ocrx_word' id='word_1_75' title='bbox 111 884 222 942; x_wconf 86' lang='lat' dir='ltr'><strong>hiscum</strong></span> <span class='ocrx_word' id='word_1_76' title='bbox 248 885 432 943; x_wconf 87' lang='lat' dir='ltr'><strong>beatissimus</strong></span> <span class='ocrx_word' id='word_1_77' title='bbox 458 886 636 959; x_wconf 86' lang='lat' dir='ltr'><strong>Evangeiista</strong></span> <span class='ocrx_word' id='word_1_78' title='bbox 659 886 795 942; x_wconf 85' lang='lat' dir='ltr'><strong>ioannes:</strong></span> <span class='ocrx_word' id='word_1_79' title='bbox 814 883 876 937; x_wconf 77' lang='lat' dir='ltr'><strong>liae</strong></span> <span class='ocrx_word' id='word_1_80' title='bbox 895 884 934 935; x_wconf 88' lang='lat' dir='ltr'><strong>est</strong></span> <span class='ocrx_word' id='word_1_81' title='bbox 988 891 1071 949; x_wconf 90' lang='lat' dir='ltr'><strong>quem</strong></span> <span class='ocrx_word' id='word_1_82' title='bbox 1090 883 1118 932; x_wconf 92' lang='lat' dir='ltr'><strong>et</strong></span> <span class='ocrx_word' id='word_1_83' title='bbox 1138 881 1244 946; x_wconf 88' lang='lat' dir='ltr'><strong>patrem</strong></span> <span class='ocrx_word' id='word_1_84' title='bbox 1259 880 1287 930; x_wconf 92' lang='lat' dir='ltr'><strong>et</strong></span> <span class='ocrx_word' id='word_1_85' title='bbox 1301 874 1457 950; x_wconf 87' lang='lat' dir='ltr'><strong>consulem,</strong></span> <span class='ocrx_word' id='word_1_86' title='bbox 1480 875 1507 931; x_wconf 92' lang='lat' dir='ltr'><strong>id</strong></span> <span class='ocrx_word' id='word_1_87' title='bbox 1519 871 1719 930; x_wconf 80' lang='lat' dir='ltr'><strong>estsublimise</strong></span> 
     </span>
     <span class='ocr_line' id='line_1_9' title="bbox 109 963 1719 1046; baseline -0.007 -17"><span class='ocrx_word' id='word_1_88' title='bbox 109 976 224 1029; x_wconf 69' lang='lat' dir='ltr'><strong>amima</strong></span> <span class='ocrx_word' id='word_1_89' title='bbox 250 991 311 1046; x_wconf 79' lang='lat' dir='ltr'><strong>quac</strong></span> <span class='ocrx_word' id='word_1_90' title='bbox 324 976 540 1038; x_wconf 72' lang='lat' dir='ltr'><strong>victimandum,</strong></span> <span class='ocrx_word' id='word_1_91' title='bbox 558 976 624 1045; x_wconf 69' lang='lat' dir='ltr'><strong>fidus</strong></span> <span class='ocrx_word' id='word_1_92' title='bbox 644 979 739 1029; x_wconf 82' lang='lat' dir='ltr'><strong>nostro</strong></span> <span class='ocrx_word' id='word_1_93' title='bbox 752 972 781 1044; x_wconf 87' lang='lat' dir='ltr'><strong>(l</strong></span> <span class='ocrx_word' id='word_1_94' title='bbox 792 975 872 1027; x_wconf 77' lang='lat' dir='ltr'><strong>ioan.</strong></span> <span class='ocrx_word' id='word_1_95' title='bbox 888 970 933 1042; x_wconf 83' lang='lat' dir='ltr'><strong>r);</strong></span> <span class='ocrx_word' id='word_1_96' title='bbox 987 967 1105 1023; x_wconf 91' lang='lat' dir='ltr'><strong>deorum</strong></span> <span class='ocrx_word' id='word_1_97' title='bbox 1116 978 1148 1020; x_wconf 90' lang='lat' dir='ltr'><strong>ac</strong></span> <span class='ocrx_word' id='word_1_98' title='bbox 1159 963 1307 1020; x_wconf 91' lang='lat' dir='ltr'><strong>hominum</strong></span> <span class='ocrx_word' id='word_1_99' title='bbox 1317 963 1532 1034; x_wconf 89' lang='lat' dir='ltr'><strong>nuncupabant,</strong></span> <span class='ocrx_word' id='word_1_100' title='bbox 1542 965 1719 1032; x_wconf 85' lang='lat' dir='ltr'><strong>quamcaeter</strong></span> 
     </span>
     <span class='ocr_line' id='line_1_10' title="bbox 110 1046 1720 1134; baseline -0.008 -16"><span class='ocrx_word' id='word_1_101' title='bbox 110 1063 233 1119; x_wconf 88' lang='lat' dir='ltr'><strong>addatur</strong></span> <span class='ocrx_word' id='word_1_102' title='bbox 247 1069 340 1120; x_wconf 89' lang='lat' dir='ltr'><strong>autem</strong></span> <span class='ocrx_word' id='word_1_103' title='bbox 359 1068 388 1121; x_wconf 92' lang='lat' dir='ltr'><strong>et</strong></span> <span class='ocrx_word' id='word_1_104' title='bbox 408 1078 423 1120; x_wconf 88' lang='lat' dir='ltr'><strong>a</strong></span> <span class='ocrx_word' id='word_1_105' title='bbox 443 1064 536 1134; x_wconf 89' lang='lat' dir='ltr'><strong>nobis,</strong></span> <span class='ocrx_word' id='word_1_106' title='bbox 552 1070 580 1119; x_wconf 94' lang='lat' dir='ltr'><strong>et</strong></span> <span class='ocrx_word' id='word_1_107' title='bbox 599 1063 733 1118; x_wconf 86' lang='lat' dir='ltr'><strong>dicatur:</strong></span> <span class='ocrx_word' id='word_1_108' title='bbox 749 1062 812 1116; x_wconf 86' lang='lat' dir='ltr'><strong>llaec</strong></span> <span class='ocrx_word' id='word_1_109' title='bbox 823 1065 867 1117; x_wconf 91' lang='lat' dir='ltr'><strong>est</strong></span> <span class='ocrx_word' id='word_1_110' title='bbox 881 1073 935 1129; x_wconf 88' lang='lat' dir='ltr'><strong>pe-</strong></span> <span class='ocrx_word' id='word_1_111' title='bbox 989 1068 1110 1126; x_wconf 91' lang='lat' dir='ltr'><strong>quorum</strong></span> <span class='ocrx_word' id='word_1_112' title='bbox 1123 1056 1229 1109; x_wconf 93' lang='lat' dir='ltr'><strong>nonest</strong></span> <span class='ocrx_word' id='word_1_113' title='bbox 1241 1051 1349 1107; x_wconf 92' lang='lat' dir='ltr'><strong>incerta</strong></span> <span class='ocrx_word' id='word_1_114' title='bbox 1361 1052 1521 1108; x_wconf 90' lang='lat' dir='ltr'><strong>nominatio</strong></span> <span class='ocrx_word' id='word_1_115' title='bbox 1532 1046 1720 1121; x_wconf 80' lang='lat' dir='ltr'><strong>pluribusQr</strong></span> 
     </span>
     <span class='ocr_line' id='line_1_11' title="bbox 112 1137 1719 1222; baseline -0.006 -18"><span class='ocrx_word' id='word_1_116' title='bbox 112 1155 166 1221; x_wconf 90' lang='lat' dir='ltr'><strong>tra,</strong></span> <span class='ocrx_word' id='word_1_117' title='bbox 178 1165 356 1222; x_wconf 88' lang='lat' dir='ltr'><strong>supraquam</strong></span> <span class='ocrx_word' id='word_1_118' title='bbox 368 1151 503 1207; x_wconf 84' lang='lat' dir='ltr'><strong>Christus</strong></span> <span class='ocrx_word' id='word_1_119' title='bbox 514 1151 667 1207; x_wconf 65' lang='lat' dir='ltr'><strong>aedilicarit</strong></span> <span class='ocrx_word' id='word_1_120' title='bbox 678 1148 933 1218; x_wconf 86' lang='lat' dir='ltr'><strong>suamEcclesiam,</strong></span> <span class='ocrx_word' id='word_1_121' title='bbox 990 1137 1410 1215; x_wconf 69' lang='lat' dir='ltr'><strong>purgationeslvcnerationes]</strong></span> <span class='ocrx_word' id='word_1_122' title='bbox 1425 1144 1454 1195; x_wconf 93' lang='lat' dir='ltr'><strong>et</strong></span> <span class='ocrx_word' id='word_1_123' title='bbox 1469 1141 1601 1210; x_wconf 89' lang='lat' dir='ltr'><strong>honores,</strong></span> <span class='ocrx_word' id='word_1_124' title='bbox 1613 1139 1664 1210; x_wconf 92' lang='lat' dir='ltr'><strong>qui</strong></span> <span class='ocrx_word' id='word_1_125' title='bbox 1675 1151 1719 1210; x_wconf 85' lang='lat' dir='ltr'><strong>per</strong></span> 
     </span>
     <span class='ocr_line' id='line_1_12' title="bbox 113 1225 1720 1311; baseline -0.007 -18"><span class='ocrx_word' id='word_1_126' title='bbox 113 1238 204 1307; x_wconf 92' lang='lat' dir='ltr'><strong>portis</strong></span> <span class='ocrx_word' id='word_1_127' title='bbox 225 1237 321 1309; x_wconf 89' lang='lat' dir='ltr'><strong>inieri,</strong></span> <span class='ocrx_word' id='word_1_128' title='bbox 355 1239 444 1295; x_wconf 90' lang='lat' dir='ltr'><strong>idest</strong></span> <span class='ocrx_word' id='word_1_129' title='bbox 467 1237 702 1311; x_wconf 68' lang='lat' dir='ltr'><strong>aggressionibus</strong></span> <span class='ocrx_word' id='word_1_130' title='bbox 724 1235 934 1293; x_wconf 88' lang='lat' dir='ltr'><strong>contrariarum</strong></span> <span class='ocrx_word' id='word_1_131' title='bbox 990 1231 1054 1286; x_wconf 90' lang='lat' dir='ltr'><strong>licia</strong></span> <span class='ocrx_word' id='word_1_132' title='bbox 1070 1245 1133 1303; x_wconf 87' lang='lat' dir='ltr'><strong>quae</strong></span> <span class='ocrx_word' id='word_1_133' title='bbox 1151 1229 1187 1286; x_wconf 88' lang='lat' dir='ltr'><strong>ab</strong></span> <span class='ocrx_word' id='word_1_134' title='bbox 1205 1230 1248 1285; x_wconf 90' lang='lat' dir='ltr'><strong>eis</strong></span> <span class='ocrx_word' id='word_1_135' title='bbox 1267 1228 1457 1298; x_wconf 78' lang='lat' dir='ltr'><strong>celebrantur,</strong></span> <span class='ocrx_word' id='word_1_136' title='bbox 1478 1228 1593 1296; x_wconf 85' lang='lat' dir='ltr'><strong>debant,</strong></span> <span class='ocrx_word' id='word_1_137' title='bbox 1610 1225 1720 1283; x_wconf 89' lang='lat' dir='ltr'><strong>iornica</strong></span> 
     </span>
     <span class='ocr_line' id='line_1_13' title="bbox 112 1315 1720 1394; baseline -0.004 -16"><span class='ocrx_word' id='word_1_138' title='bbox 112 1324 252 1382; x_wconf 89' lang='lat' dir='ltr'><strong>virtutum</strong></span> <span class='ocrx_word' id='word_1_139' title='bbox 271 1327 469 1383; x_wconf 90' lang='lat' dir='ltr'><strong>inconcussam</strong></span> <span class='ocrx_word' id='word_1_140' title='bbox 484 1332 512 1383; x_wconf 92' lang='lat' dir='ltr'><strong>et</strong></span> <span class='ocrx_word' id='word_1_141' title='bbox 525 1325 735 1383; x_wconf 83' lang='lat' dir='ltr'><strong>inevertibilem</strong></span> <span class='ocrx_word' id='word_1_142' title='bbox 749 1326 847 1382; x_wconf 69' lang='lat' dir='ltr'><strong>Moab.</strong></span> <span class='ocrx_word' id='word_1_143' title='bbox 860 1323 932 1394; x_wconf 83' lang='lat' dir='ltr'><strong>xvr).</strong></span> <span class='ocrx_word' id='word_1_144' title='bbox 991 1327 1197 1392; x_wconf 91' lang='lat' dir='ltr'><strong>quoqueatquc</strong></span> <span class='ocrx_word' id='word_1_145' title='bbox 1208 1321 1341 1392; x_wconf 84' lang='lat' dir='ltr'><strong>luxuriae,</strong></span> <span class='ocrx_word' id='word_1_146' title='bbox 1355 1333 1388 1375; x_wconf 88' lang='lat' dir='ltr'><strong>ac</strong></span> <span class='ocrx_word' id='word_1_147' title='bbox 1399 1319 1490 1374; x_wconf 89' lang='lat' dir='ltr'><strong>totius</strong></span> <span class='ocrx_word' id='word_1_148' title='bbox 1503 1315 1720 1373; x_wconf 82' lang='lat' dir='ltr'><strong>immunditiaed</strong></span> 
     </span>
     <span class='ocr_line' id='line_1_14' title="bbox 112 1403 1720 1487; baseline -0.004 -19"><span class='ocrx_word' id='word_1_149' title='bbox 112 1415 184 1471; x_wconf 89' lang='lat' dir='ltr'><strong>llinc</strong></span> <span class='ocrx_word' id='word_1_150' title='bbox 199 1428 301 1471; x_wconf 89' lang='lat' dir='ltr'><strong>novum</strong></span> <span class='ocrx_word' id='word_1_151' title='bbox 321 1430 423 1473; x_wconf 90' lang='lat' dir='ltr'><strong>nomen</strong></span> <span class='ocrx_word' id='word_1_152' title='bbox 444 1416 541 1473; x_wconf 89' lang='lat' dir='ltr'><strong>sortiti</strong></span> <span class='ocrx_word' id='word_1_153' title='bbox 557 1430 667 1487; x_wconf 89' lang='lat' dir='ltr'><strong>sumus,</strong></span> <span class='ocrx_word' id='word_1_154' title='bbox 688 1417 775 1486; x_wconf 92' lang='lat' dir='ltr'><strong>quod,</strong></span> <span class='ocrx_word' id='word_1_155' title='bbox 796 1421 828 1472; x_wconf 92' lang='lat' dir='ltr'><strong>ut</strong></span> <span class='ocrx_word' id='word_1_156' title='bbox 846 1415 936 1470; x_wconf 88' lang='lat' dir='ltr'><strong>lsaias</strong></span> <span class='ocrx_word' id='word_1_157' title='bbox 991 1409 1154 1478; x_wconf 85' lang='lat' dir='ltr'><strong>strutiones,</strong></span> <span class='ocrx_word' id='word_1_158' title='bbox 1169 1418 1201 1467; x_wconf 91' lang='lat' dir='ltr'><strong>ut</strong></span> <span class='ocrx_word' id='word_1_159' title='bbox 1212 1423 1311 1480; x_wconf 88' lang='lat' dir='ltr'><strong>parum</strong></span> <span class='ocrx_word' id='word_1_160' title='bbox 1327 1409 1366 1465; x_wconf 92' lang='lat' dir='ltr'><strong>sit</strong></span> <span class='ocrx_word' id='word_1_161' title='bbox 1380 1407 1450 1475; x_wconf 87' lang='lat' dir='ltr'><strong>dxci,</strong></span> <span class='ocrx_word' id='word_1_162' title='bbox 1464 1406 1560 1476; x_wconf 91' lang='lat' dir='ltr'><strong>turpia</strong></span> <span class='ocrx_word' id='word_1_163' title='bbox 1572 1403 1657 1461; x_wconf 87' lang='lat' dir='ltr'><strong>verba</strong></span> <span class='ocrx_word' id='word_1_164' title='bbox 1673 1417 1720 1475; x_wconf 80' lang='lat' dir='ltr'><strong>par</strong></span> 
     </span>
     <span class='ocr_line' id='line_1_15' title="bbox 111 1492 1719 1572; baseline -0.004 -16"><span class='ocrx_word' id='word_1_165' title='bbox 111 1501 195 1572; x_wconf 88' lang='lat' dir='ltr'><strong>dicit,</strong></span> <span class='ocrx_word' id='word_1_166' title='bbox 216 1502 407 1560; x_wconf 90' lang='lat' dir='ltr'><strong>benedicetur.</strong></span> <span class='ocrx_word' id='word_1_167' title='bbox 423 1503 589 1559; x_wconf 87' lang='lat' dir='ltr'><strong>Dixitenim</strong></span> <span class='ocrx_word' id='word_1_168' title='bbox 602 1503 656 1558; x_wconf 87' lang='lat' dir='ltr'><strong>ita:</strong></span> <span class='ocrx_word' id='word_1_169' title='bbox 678 1503 937 1558; x_wconf 73' lang='lat' dir='ltr'><strong>Bemdieenthrum</strong></span> <span class='ocrx_word' id='word_1_170' title='bbox 992 1497 1193 1568; x_wconf 78' lang='lat' dir='ltr'><strong>blasphemie:</strong></span> <span class='ocrx_word' id='word_1_171' title='bbox 1216 1499 1357 1568; x_wconf 88' lang='lat' dir='ltr'><strong>cnmapml</strong></span> <span class='ocrx_word' id='word_1_172' title='bbox 1378 1510 1428 1553; x_wconf 88' lang='lat' dir='ltr'><strong>eos</strong></span> <span class='ocrx_word' id='word_1_173' title='bbox 1449 1494 1606 1551; x_wconf 90' lang='lat' dir='ltr'><strong>homicidia</strong></span> <span class='ocrx_word' id='word_1_174' title='bbox 1629 1493 1659 1550; x_wconf 91' lang='lat' dir='ltr'><strong>in</strong></span> <span class='ocrx_word' id='word_1_175' title='bbox 1681 1492 1719 1551; x_wconf 89' lang='lat' dir='ltr'><strong>ho</strong></span> 
     </span>
     <span class='ocr_line' id='line_1_16' title="bbox 112 1581 1719 1663; baseline -0.002 -20"><span class='ocrx_word' id='word_1_176' title='bbox 112 1588 281 1660; x_wconf 68' lang='lat' dir='ltr'><strong>beamfled.</strong></span> <span class='ocrx_word' id='word_1_177' title='bbox 299 1591 382 1662; x_wconf 71' lang='lat' dir='ltr'><strong>xxv),</strong></span> <span class='ocrx_word' id='word_1_178' title='bbox 403 1597 431 1647; x_wconf 92' lang='lat' dir='ltr'><strong>et</strong></span> <span class='ocrx_word' id='word_1_179' title='bbox 443 1592 656 1663; x_wconf 87' lang='lat' dir='ltr'><strong>superignotam</strong></span> <span class='ocrx_word' id='word_1_180' title='bbox 674 1596 760 1661; x_wconf 90' lang='lat' dir='ltr'><strong>atquc</strong></span> <span class='ocrx_word' id='word_1_181' title='bbox 780 1589 939 1661; x_wconf 89' lang='lat' dir='ltr'><strong>investiga-</strong></span> <span class='ocrx_word' id='word_1_182' title='bbox 991 1587 1042 1641; x_wconf 88' lang='lat' dir='ltr'><strong>Dei</strong></span> <span class='ocrx_word' id='word_1_183' title='bbox 1064 1587 1161 1643; x_wconf 90' lang='lat' dir='ltr'><strong>studio</strong></span> <span class='ocrx_word' id='word_1_184' title='bbox 1175 1592 1337 1659; x_wconf 78' lang='lat' dir='ltr'><strong>agerentur,</strong></span> <span class='ocrx_word' id='word_1_185' title='bbox 1358 1589 1387 1640; x_wconf 93' lang='lat' dir='ltr'><strong>et</strong></span> <span class='ocrx_word' id='word_1_186' title='bbox 1406 1596 1508 1655; x_wconf 90' lang='lat' dir='ltr'><strong>pompa</strong></span> <span class='ocrx_word' id='word_1_187' title='bbox 1529 1581 1665 1652; x_wconf 87' lang='lat' dir='ltr'><strong>turpibus</strong></span> <span class='ocrx_word' id='word_1_188' title='bbox 1682 1592 1719 1652; x_wconf 87' lang='lat' dir='ltr'><strong>op</strong></span> 
     </span>
     <span class='ocr_line' id='line_1_17' title="bbox 114 1659 1720 1750; baseline -0.004 -17"><span class='ocrx_word' id='word_1_189' title='bbox 114 1676 200 1734; x_wconf 90' lang='lat' dir='ltr'><strong>bilem</strong></span> <span class='ocrx_word' id='word_1_190' title='bbox 213 1677 437 1750; x_wconf 82' lang='lat' dir='ltr'><strong>incdabilisejus</strong></span> <span class='ocrx_word' id='word_1_191' title='bbox 448 1680 768 1736; x_wconf 85' lang='lat' dir='ltr'><strong>naturaeannuntiantes</strong></span> <span class='ocrx_word' id='word_1_192' title='bbox 778 1679 939 1748; x_wconf 90' lang='lat' dir='ltr'><strong>incompre·</strong></span> <span class='ocrx_word' id='word_1_193' title='bbox 953 1659 979 1721; x_wconf 85' lang='grc' dir='ltr'>Β</span> <span class='ocrx_word' id='word_1_194' title='bbox 993 1688 1090 1732; x_wconf 90' lang='lat' dir='ltr'><strong>eorum</strong></span> <span class='ocrx_word' id='word_1_195' title='bbox 1108 1674 1310 1740; x_wconf 84' lang='lat' dir='ltr'><strong>honorabatur,</strong></span> <span class='ocrx_word' id='word_1_196' title='bbox 1334 1675 1364 1731; x_wconf 92' lang='lat' dir='ltr'><strong>in</strong></span> <span class='ocrx_word' id='word_1_197' title='bbox 1386 1673 1520 1729; x_wconf 90' lang='lat' dir='ltr'><strong>honorem</strong></span> <span class='ocrx_word' id='word_1_198' title='bbox 1533 1684 1631 1727; x_wconf 93' lang='lat' dir='ltr'><strong>eorum</strong></span> <span class='ocrx_word' id='word_1_199' title='bbox 1648 1670 1720 1740; x_wconf 87' lang='lat' dir='ltr'><strong>quit</strong></span> 
     </span>
     <span class='ocr_line' id='line_1_18' title="bbox 114 1758 1691 1838; baseline -0.007 -13"><span class='ocrx_word' id='word_1_200' title='bbox 114 1766 939 1838; x_wconf 73' lang='lat' dir='ltr'><strong>heusibilitatem,invisibilemetiamillametincircum·</strong></span> <span class='ocrx_word' id='word_1_201' title='bbox 992 1763 1098 1819; x_wconf 92' lang='lat' dir='ltr'><strong>bantur</strong></span> <span class='ocrx_word' id='word_1_202' title='bbox 1123 1767 1278 1833; x_wconf 89' lang='lat' dir='ltr'><strong>assumpta,</strong></span> <span class='ocrx_word' id='word_1_203' title='bbox 1309 1767 1406 1832; x_wconf 83' lang='lat' dir='ltr'><strong>utpote</strong></span> <span class='ocrx_word' id='word_1_204' title='bbox 1437 1760 1498 1816; x_wconf 92' lang='lat' dir='ltr'><strong>illis</strong></span> <span class='ocrx_word' id='word_1_205' title='bbox 1527 1758 1691 1832; x_wconf 85' lang='lat' dir='ltr'><strong>agentibus,</strong></span> 
     </span>
    </p>

    <p class='ocr_par' dir='ltr' id='par_1_3' title="bbox 114 1846 1723 5370">
     <span class='ocr_line' id='line_1_19' title="bbox 114 1846 1720 1928; baseline -0.007 -15"><span class='ocrx_word' id='word_1_206' title='bbox 114 1857 260 1928; x_wconf 73' lang='lat' dir='ltr'><strong>scriptam,</strong></span> <span class='ocrx_word' id='word_1_207' title='bbox 277 1861 305 1913; x_wconf 90' lang='lat' dir='ltr'><strong>et</strong></span> <span class='ocrx_word' id='word_1_208' title='bbox 322 1857 439 1913; x_wconf 92' lang='lat' dir='ltr'><strong>omnino</strong></span> <span class='ocrx_word' id='word_1_209' title='bbox 462 1855 724 1913; x_wconf 90' lang='lat' dir='ltr'><strong>incommutabilem</strong></span> <span class='ocrx_word' id='word_1_210' title='bbox 750 1855 936 1913; x_wconf 87' lang='lat' dir='ltr'><strong>indubitabili</strong></span> <span class='ocrx_word' id='word_1_211' title='bbox 993 1851 1077 1907; x_wconf 87' lang='lat' dir='ltr'><strong>iactis</strong></span> <span class='ocrx_word' id='word_1_212' title='bbox 1087 1850 1363 1924; x_wconf 89' lang='lat' dir='ltr'><strong>congratulantibus.</strong></span> <span class='ocrx_word' id='word_1_213' title='bbox 1379 1851 1465 1905; x_wconf 92' lang='lat' dir='ltr'><strong>Porro</strong></span> <span class='ocrx_word' id='word_1_214' title='bbox 1478 1848 1625 1919; x_wconf 83' lang='lat' dir='ltr'><strong>quaeapnd</strong></span> <span class='ocrx_word' id='word_1_215' title='bbox 1638 1846 1720 1903; x_wconf 83' lang='lat' dir='ltr'><strong>Chris</strong></span> 
     </span>
     <span class='ocr_line' id='line_1_20' title="bbox 114 1936 1720 2014; baseline -0.005 -15"><span class='ocrx_word' id='word_1_216' title='bbox 114 1944 288 2001; x_wconf 85' lang='lat' dir='ltr'><strong>certitudine</strong></span> <span class='ocrx_word' id='word_1_217' title='bbox 312 1944 516 2014; x_wconf 59' lang='lat' dir='ltr'><strong>praedicantem</strong></span> <span class='ocrx_word' id='word_1_218' title='bbox 543 1948 631 2014; x_wconf 92' lang='lat' dir='ltr'><strong>atque</strong></span> <span class='ocrx_word' id='word_1_219' title='bbox 654 1943 856 2014; x_wconf 91' lang='lat' dir='ltr'><strong>sempiternam</strong></span> <span class='ocrx_word' id='word_1_220' title='bbox 876 1944 938 2013; x_wconf 87' lang='lat' dir='ltr'><strong>ejus</strong></span> <span class='ocrx_word' id='word_1_221' title='bbox 993 1947 1061 1995; x_wconf 91' lang='lat' dir='ltr'><strong>sunt</strong></span> <span class='ocrx_word' id='word_1_222' title='bbox 1086 1939 1225 2011; x_wconf 89' lang='lat' dir='ltr'><strong>imagines</strong></span> <span class='ocrx_word' id='word_1_223' title='bbox 1249 1945 1412 1995; x_wconf 87' lang='lat' dir='ltr'><strong>sanctorum</strong></span> <span class='ocrx_word' id='word_1_224' title='bbox 1431 1937 1569 2005; x_wconf 90' lang='lat' dir='ltr'><strong>virorum,</strong></span> <span class='ocrx_word' id='word_1_225' title='bbox 1597 1936 1647 2007; x_wconf 94' lang='lat' dir='ltr'><strong>qui</strong></span> <span class='ocrx_word' id='word_1_226' title='bbox 1674 1949 1720 1991; x_wconf 81' lang='lat' dir='ltr'><strong>use</strong></span> 
     </span>
     <span class='ocr_line' id='line_1_21' title="bbox 114 2022 1720 2101; baseline -0.003 -16"><span class='ocrx_word' id='word_1_227' title='bbox 114 2032 646 2089; x_wconf 85' lang='lat' dir='ltr'><strong>virtutemetdivinitatemacreatura</strong></span> <span class='ocrx_word' id='word_1_228' title='bbox 659 2031 938 2101; x_wconf 89' lang='lat' dir='ltr'><strong>mundi,sccundum</strong></span> <span class='ocrx_word' id='word_1_229' title='bbox 993 2028 1161 2100; x_wconf 88' lang='lat' dir='ltr'><strong>sanguinem</strong></span> <span class='ocrx_word' id='word_1_230' title='bbox 1182 2027 1350 2083; x_wconf 90' lang='lat' dir='ltr'><strong>restiterunt</strong></span> <span class='ocrx_word' id='word_1_231' title='bbox 1376 2031 1490 2096; x_wconf 86' lang='lat' dir='ltr'><strong>peccato</strong></span> <span class='ocrx_word' id='word_1_232' title='bbox 1507 2024 1665 2081; x_wconf 90' lang='lat' dir='ltr'><strong>secundnm</strong></span> <span class='ocrx_word' id='word_1_233' title='bbox 1687 2022 1720 2095; x_wconf 81' lang='lat' dir='ltr'><strong>hp</strong></span> 
     </span>
     <span class='ocr_line' id='line_1_22' title="bbox 115 2111 1717 2190; baseline -0.004 -15"><span class='ocrx_word' id='word_1_234' title='bbox 115 2119 342 2176; x_wconf 90' lang='lat' dir='ltr'><strong>sacratissimum</strong></span> <span class='ocrx_word' id='word_1_235' title='bbox 358 2119 489 2188; x_wconf 91' lang='lat' dir='ltr'><strong>Paulum,</strong></span> <span class='ocrx_word' id='word_1_236' title='bbox 511 2132 561 2190; x_wconf 90' lang='lat' dir='ltr'><strong>per</strong></span> <span class='ocrx_word' id='word_1_237' title='bbox 572 2133 604 2176; x_wconf 87' lang='lat' dir='ltr'><strong>ea</strong></span> <span class='ocrx_word' id='word_1_238' title='bbox 623 2118 774 2190; x_wconf 80' lang='lat' dir='ltr'><strong>quaefacta</strong></span> <span class='ocrx_word' id='word_1_239' title='bbox 793 2123 871 2184; x_wconf 83' lang='lat' dir='ltr'><strong>sunt,</strong></span> <span class='ocrx_word' id='word_1_240' title='bbox 889 2119 940 2175; x_wconf 90' lang='lat' dir='ltr'><strong>in-</strong></span> <span class='ocrx_word' id='word_1_241' title='bbox 993 2130 1088 2172; x_wconf 89' lang='lat' dir='ltr'><strong>vocem</strong></span> <span class='ocrx_word' id='word_1_242' title='bbox 1103 2113 1198 2185; x_wconf 84' lang='lat' dir='ltr'><strong>(llrbr.</strong></span> <span class='ocrx_word' id='word_1_243' title='bbox 1220 2115 1286 2185; x_wconf 82' lang='lat' dir='ltr'><strong>nrt),</strong></span> <span class='ocrx_word' id='word_1_244' title='bbox 1303 2116 1410 2186; x_wconf 92' lang='lat' dir='ltr'><strong>quique</strong></span> <span class='ocrx_word' id='word_1_245' title='bbox 1425 2113 1509 2169; x_wconf 84' lang='lat' dir='ltr'><strong>verbo</strong></span> <span class='ocrx_word' id='word_1_246' title='bbox 1530 2111 1662 2168; x_wconf 89' lang='lat' dir='ltr'><strong>veritatis</strong></span> <span class='ocrx_word' id='word_1_247' title='bbox 1678 2111 1717 2168; x_wconf 91' lang='lat' dir='ltr'><strong>ml</strong></span> 
     </span>
     <span class='ocr_line' id='line_1_23' title="bbox 115 2201 1720 2284; baseline -0.004 -20"><span class='ocrx_word' id='word_1_248' title='bbox 115 2208 266 2279; x_wconf 77' lang='lat' dir='ltr'><strong>tellectum,</strong></span> <span class='ocrx_word' id='word_1_249' title='bbox 299 2209 509 2280; x_wconf 89' lang='lat' dir='ltr'><strong>conspicientes</strong></span> <span class='ocrx_word' id='word_1_250' title='bbox 537 2209 625 2279; x_wconf 78' lang='lat' dir='ltr'><strong>(hom.</strong></span> <span class='ocrx_word' id='word_1_251' title='bbox 641 2210 674 2284; x_wconf 89' lang='lat' dir='ltr'><strong>r).</strong></span> <span class='ocrx_word' id='word_1_252' title='bbox 701 2209 804 2280; x_wconf 91' lang='lat' dir='ltr'><strong>Sicque</strong></span> <span class='ocrx_word' id='word_1_253' title='bbox 832 2209 940 2265; x_wconf 87' lang='lat' dir='ltr'><strong>servire</strong></span> <span class='ocrx_word' id='word_1_254' title='bbox 993 2211 1105 2261; x_wconf 87' lang='lat' dir='ltr'><strong>rerunt.</strong></span> <span class='ocrx_word' id='word_1_255' title='bbox 1122 2206 1327 2275; x_wconf 90' lang='lat' dir='ltr'><strong>prophetarum</strong></span> <span class='ocrx_word' id='word_1_256' title='bbox 1347 2203 1459 2258; x_wconf 90' lang='lat' dir='ltr'><strong>scilicet</strong></span> <span class='ocrx_word' id='word_1_257' title='bbox 1482 2207 1509 2257; x_wconf 90' lang='lat' dir='ltr'><strong>et</strong></span> <span class='ocrx_word' id='word_1_258' title='bbox 1530 2201 1720 2271; x_wconf 81' lang='lat' dir='ltr'><strong>apostolorum</strong></span> 
     </span>
     <span class='ocr_line' id='line_1_24' title="bbox 116 2289 1720 2368; baseline -0.005 -16"><span class='ocrx_word' id='word_1_259' title='bbox 116 2298 173 2353; x_wconf 86' lang='lat' dir='ltr'><strong>Deo</strong></span> <span class='ocrx_word' id='word_1_260' title='bbox 192 2298 256 2353; x_wconf 90' lang='lat' dir='ltr'><strong>vivo</strong></span> <span class='ocrx_word' id='word_1_261' title='bbox 276 2302 304 2353; x_wconf 91' lang='lat' dir='ltr'><strong>et</strong></span> <span class='ocrx_word' id='word_1_262' title='bbox 325 2311 391 2354; x_wconf 90' lang='lat' dir='ltr'><strong>vero</strong></span> <span class='ocrx_word' id='word_1_263' title='bbox 406 2298 575 2368; x_wconf 91' lang='lat' dir='ltr'><strong>meruimus,</strong></span> <span class='ocrx_word' id='word_1_264' title='bbox 595 2303 623 2353; x_wconf 94' lang='lat' dir='ltr'><strong>et</strong></span> <span class='ocrx_word' id='word_1_265' title='bbox 640 2297 840 2368; x_wconf 75' lang='lat' dir='ltr'><strong>libertateque</strong></span> <span class='ocrx_word' id='word_1_266' title='bbox 860 2295 941 2351; x_wconf 84' lang='lat' dir='ltr'><strong>Chri·</strong></span> <span class='ocrx_word' id='word_1_267' title='bbox 996 2292 1081 2348; x_wconf 91' lang='lat' dir='ltr'><strong>etiam</strong></span> <span class='ocrx_word' id='word_1_268' title='bbox 1097 2307 1195 2350; x_wconf 91' lang='lat' dir='ltr'><strong>eorum</strong></span> <span class='ocrx_word' id='word_1_269' title='bbox 1211 2293 1261 2363; x_wconf 92' lang='lat' dir='ltr'><strong>qni</strong></span> <span class='ocrx_word' id='word_1_270' title='bbox 1279 2291 1326 2363; x_wconf 89' lang='lat' dir='ltr'><strong>pia</strong></span> <span class='ocrx_word' id='word_1_271' title='bbox 1339 2291 1396 2345; x_wconf 90' lang='lat' dir='ltr'><strong>vita</strong></span> <span class='ocrx_word' id='word_1_272' title='bbox 1411 2296 1439 2345; x_wconf 92' lang='lat' dir='ltr'><strong>et</strong></span> <span class='ocrx_word' id='word_1_273' title='bbox 1453 2289 1611 2345; x_wconf 87' lang='lat' dir='ltr'><strong>directione</strong></span> <span class='ocrx_word' id='word_1_274' title='bbox 1631 2302 1720 2357; x_wconf 93' lang='lat' dir='ltr'><strong>operu</strong></span> 
     </span>
     <span class='ocr_line' id='line_1_25' title="bbox 117 2375 1720 2457; baseline -0.005 -17"><span class='ocrx_word' id='word_1_275' title='bbox 117 2389 180 2442; x_wconf 91' lang='lat' dir='ltr'><strong>stus</strong></span> <span class='ocrx_word' id='word_1_276' title='bbox 194 2399 246 2441; x_wconf 89' lang='lat' dir='ltr'><strong>nos</strong></span> <span class='ocrx_word' id='word_1_277' title='bbox 267 2384 411 2452; x_wconf 88' lang='lat' dir='ltr'><strong>liberavit,</strong></span> <span class='ocrx_word' id='word_1_278' title='bbox 427 2385 609 2442; x_wconf 92' lang='lat' dir='ltr'><strong>honorillcati</strong></span> <span class='ocrx_word' id='word_1_279' title='bbox 625 2391 762 2442; x_wconf 92' lang='lat' dir='ltr'><strong>sumuset</strong></span> <span class='ocrx_word' id='word_1_280' title='bbox 773 2385 938 2457; x_wconf 91' lang='lat' dir='ltr'><strong>glorillcati,</strong></span> <span class='ocrx_word' id='word_1_281' title='bbox 995 2394 1096 2437; x_wconf 91' lang='lat' dir='ltr'><strong>norum</strong></span> <span class='ocrx_word' id='word_1_282' title='bbox 1117 2382 1255 2438; x_wconf 90' lang='lat' dir='ltr'><strong>veraciter</strong></span> <span class='ocrx_word' id='word_1_283' title='bbox 1275 2381 1325 2436; x_wconf 83' lang='lat' dir='ltr'><strong>Dei</strong></span> <span class='ocrx_word' id='word_1_284' title='bbox 1340 2379 1414 2434; x_wconf 86' lang='lat' dir='ltr'><strong>servi</strong></span> <span class='ocrx_word' id='word_1_285' title='bbox 1428 2378 1535 2434; x_wconf 89' lang='lat' dir='ltr'><strong>ostensi</strong></span> <span class='ocrx_word' id='word_1_286' title='bbox 1551 2381 1628 2446; x_wconf 89' lang='lat' dir='ltr'><strong>sunt,</strong></span> <span class='ocrx_word' id='word_1_287' title='bbox 1652 2375 1720 2433; x_wconf 87' lang='lat' dir='ltr'><strong>nihi</strong></span> 
     </span>
     <span class='ocr_line' id='line_1_26' title="bbox 116 2464 1718 2545; baseline -0.004 -18"><span class='ocrx_word' id='word_1_288' title='bbox 116 2472 152 2527; x_wconf 91' lang='lat' dir='ltr'><strong>ab</strong></span> <span class='ocrx_word' id='word_1_289' title='bbox 162 2472 239 2528; x_wconf 92' lang='lat' dir='ltr'><strong>omni</strong></span> <span class='ocrx_word' id='word_1_290' title='bbox 253 2473 343 2542; x_wconf 88' lang='lat' dir='ltr'><strong>erepti</strong></span> <span class='ocrx_word' id='word_1_291' title='bbox 355 2473 460 2529; x_wconf 91' lang='lat' dir='ltr'><strong>idolico</strong></span> <span class='ocrx_word' id='word_1_292' title='bbox 483 2486 579 2529; x_wconf 91' lang='lat' dir='ltr'><strong>errore</strong></span> <span class='ocrx_word' id='word_1_293' title='bbox 599 2471 937 2545; x_wconf 76' lang='lat' dir='ltr'><strong>etimpictateldcl.v1):</strong></span> <span class='ocrx_word' id='word_1_294' title='bbox 995 2477 1154 2540; x_wconf 89' lang='lat' dir='ltr'><strong>suntqaam</strong></span> <span class='ocrx_word' id='word_1_295' title='bbox 1164 2467 1527 2537; x_wconf 80' lang='lat' dir='ltr'><strong>tortitudinisexemplum.</strong></span> <span class='ocrx_word' id='word_1_296' title='bbox 1537 2464 1718 2522; x_wconf 87' lang='lat' dir='ltr'><strong>conversatio</strong></span> 
     </span>
     <span class='ocr_line' id='line_1_27' title="bbox 117 2553 1719 2633; baseline -0.004 -17"><span class='ocrx_word' id='word_1_297' title='bbox 117 2560 202 2629; x_wconf 80' lang='lat' dir='ltr'><strong>culus</strong></span> <span class='ocrx_word' id='word_1_298' title='bbox 221 2561 364 2630; x_wconf 88' lang='lat' dir='ltr'><strong>praecipua</strong></span> <span class='ocrx_word' id='word_1_299' title='bbox 384 2560 521 2632; x_wconf 90' lang='lat' dir='ltr'><strong>cognitio,</strong></span> <span class='ocrx_word' id='word_1_300' title='bbox 535 2561 631 2618; x_wconf 89' lang='lat' dir='ltr'><strong>dicere</strong></span> <span class='ocrx_word' id='word_1_301' title='bbox 649 2561 751 2631; x_wconf 90' lang='lat' dir='ltr'><strong>lapidi.</strong></span> <span class='ocrx_word' id='word_1_302' title='bbox 771 2563 813 2617; x_wconf 86' lang='lat' dir='ltr'><strong>Tu</strong></span> <span class='ocrx_word' id='word_1_303' title='bbox 831 2574 874 2617; x_wconf 89' lang='lat' dir='ltr'><strong>me</strong></span> <span class='ocrx_word' id='word_1_304' title='bbox 889 2575 941 2633; x_wconf 82' lang='lat' dir='ltr'><strong>ge-</strong></span> <span class='ocrx_word' id='word_1_305' title='bbox 994 2559 1160 2615; x_wconf 81' lang='lat' dir='ltr'><strong>venerandae</strong></span> <span class='ocrx_word' id='word_1_306' title='bbox 1173 2573 1205 2614; x_wconf 90' lang='lat' dir='ltr'><strong>ac</strong></span> <span class='ocrx_word' id='word_1_307' title='bbox 1220 2559 1359 2614; x_wconf 91' lang='lat' dir='ltr'><strong>virtutum</strong></span> <span class='ocrx_word' id='word_1_308' title='bbox 1376 2569 1483 2624; x_wconf 91' lang='lat' dir='ltr'><strong>norma,</strong></span> <span class='ocrx_word' id='word_1_309' title='bbox 1502 2560 1588 2625; x_wconf 91' lang='lat' dir='ltr'><strong>atque</strong></span> <span class='ocrx_word' id='word_1_310' title='bbox 1602 2554 1636 2609; x_wconf 88' lang='lat' dir='ltr'><strong>ad</strong></span> <span class='ocrx_word' id='word_1_311' title='bbox 1653 2553 1719 2625; x_wconf 87' lang='lat' dir='ltr'><strong>glor</strong></span> 
     </span>
     <span class='ocr_line' id='line_1_28' title="bbox 121 2643 1721 2720; baseline -0.001 -18"><span class='ocrx_word' id='word_1_312' title='bbox 121 2646 212 2703; x_wconf 92' lang='lat' dir='ltr'><strong>nuisti</strong></span> <span class='ocrx_word' id='word_1_313' title='bbox 225 2653 270 2703; x_wconf 90' lang='lat' dir='ltr'><strong>:et</strong></span> <span class='ocrx_word' id='word_1_314' title='bbox 285 2647 373 2720; x_wconf 91' lang='lat' dir='ltr'><strong>ligno,</strong></span> <span class='ocrx_word' id='word_1_315' title='bbox 388 2649 430 2705; x_wconf 87' lang='lat' dir='ltr'><strong>Tu</strong></span> <span class='ocrx_word' id='word_1_316' title='bbox 446 2662 488 2704; x_wconf 94' lang='lat' dir='ltr'><strong>me</strong></span> <span class='ocrx_word' id='word_1_317' title='bbox 501 2647 607 2720; x_wconf 87' lang='lat' dir='ltr'><strong>iecisti,</strong></span> <span class='ocrx_word' id='word_1_318' title='bbox 623 2650 780 2706; x_wconf 90' lang='lat' dir='ltr'><strong>secundnm</strong></span> <span class='ocrx_word' id='word_1_319' title='bbox 797 2649 941 2720; x_wconf 79' lang='lat' dir='ltr'><strong>prophetae</strong></span> <span class='ocrx_word' id='word_1_320' title='bbox 994 2648 1063 2703; x_wconf 92' lang='lat' dir='ltr'><strong>dum</strong></span> <span class='ocrx_word' id='word_1_321' title='bbox 1080 2650 1181 2717; x_wconf 86' lang='lat' dir='ltr'><strong>Deum,</strong></span> <span class='ocrx_word' id='word_1_322' title='bbox 1193 2648 1240 2704; x_wconf 91' lang='lat' dir='ltr'><strong>cui</strong></span> <span class='ocrx_word' id='word_1_323' title='bbox 1263 2647 1292 2703; x_wconf 92' lang='lat' dir='ltr'><strong>in</strong></span> <span class='ocrx_word' id='word_1_324' title='bbox 1313 2645 1447 2716; x_wconf 82' lang='lat' dir='ltr'><strong>prasenti</strong></span> <span class='ocrx_word' id='word_1_325' title='bbox 1470 2645 1528 2700; x_wconf 90' lang='lat' dir='ltr'><strong>vita</strong></span> <span class='ocrx_word' id='word_1_326' title='bbox 1549 2643 1619 2699; x_wconf 91' lang='lat' dir='ltr'><strong>bene</strong></span> <span class='ocrx_word' id='word_1_327' title='bbox 1639 2644 1721 2712; x_wconf 88' lang='lat' dir='ltr'><strong>placa</strong></span> 
     </span>
     <span class='ocr_line' id='line_1_29' title="bbox 119 2731 1721 2806; baseline 0 -17"><span class='ocrx_word' id='word_1_328' title='bbox 119 2748 213 2791; x_wconf 88' lang='lat' dir='ltr'><strong>rocem</strong></span> <span class='ocrx_word' id='word_1_329' title='bbox 228 2753 234 2789; x_wconf 90' lang='lat'>:</span> <span class='ocrx_word' id='word_1_330' title='bbox 248 2741 277 2790; x_wconf 91' lang='lat' dir='ltr'><strong>et</strong></span> <span class='ocrx_word' id='word_1_331' title='bbox 293 2749 348 2792; x_wconf 91' lang='lat' dir='ltr'><strong>nou</strong></span> <span class='ocrx_word' id='word_1_332' title='bbox 367 2736 494 2806; x_wconf 88' lang='lat' dir='ltr'><strong>aspicere</strong></span> <span class='ocrx_word' id='word_1_333' title='bbox 508 2737 537 2792; x_wconf 94' lang='lat' dir='ltr'><strong>in</strong></span> <span class='ocrx_word' id='word_1_334' title='bbox 557 2737 670 2805; x_wconf 89' lang='lat' dir='ltr'><strong>eoelum,</strong></span> <span class='ocrx_word' id='word_1_335' title='bbox 685 2742 718 2793; x_wconf 95' lang='lat' dir='ltr'><strong>ut</strong></span> <span class='ocrx_word' id='word_1_336' title='bbox 729 2737 819 2794; x_wconf 87' lang='lat' dir='ltr'><strong>lsaias</strong></span> <span class='ocrx_word' id='word_1_337' title='bbox 837 2738 942 2793; x_wconf 91' lang='lat' dir='ltr'><strong>clamat</strong></span> <span class='ocrx_word' id='word_1_338' title='bbox 997 2737 1212 2793; x_wconf 88' lang='lat' dir='ltr'><strong>incitamentum</strong></span> <span class='ocrx_word' id='word_1_339' title='bbox 1227 2740 1256 2792; x_wconf 91' lang='lat' dir='ltr'><strong>et</strong></span> <span class='ocrx_word' id='word_1_340' title='bbox 1269 2735 1415 2791; x_wconf 88' lang='lat' dir='ltr'><strong>excitatio.</strong></span> <span class='ocrx_word' id='word_1_341' title='bbox 1426 2734 1522 2789; x_wconf 87' lang='lat' dir='ltr'><strong>Sermo</strong></span> <span class='ocrx_word' id='word_1_342' title='bbox 1537 2733 1612 2788; x_wconf 91' lang='lat' dir='ltr'><strong>enim</strong></span> <span class='ocrx_word' id='word_1_343' title='bbox 1634 2731 1721 2789; x_wconf 88' lang='lat' dir='ltr'><strong>bonor</strong></span> 
     </span>
     <span class='ocr_line' id='line_1_30' title="bbox 119 2820 1707 2897; baseline 0 -20"><span class='ocrx_word' id='word_1_344' title='bbox 119 2820 187 2893; x_wconf 84' lang='lat' dir='ltr'><strong>(isc.</strong></span> <span class='ocrx_word' id='word_1_345' title='bbox 208 2824 305 2897; x_wconf 81' lang='lat' dir='ltr'><strong>xxix),</strong></span> <span class='ocrx_word' id='word_1_346' title='bbox 328 2828 360 2879; x_wconf 91' lang='lat' dir='ltr'><strong>ut</strong></span> <span class='ocrx_word' id='word_1_347' title='bbox 380 2823 562 2882; x_wconf 85' lang='lat' dir='ltr'><strong>existimetur</strong></span> <span class='ocrx_word' id='word_1_348' title='bbox 584 2827 651 2896; x_wconf 91' lang='lat' dir='ltr'><strong>quis</strong></span> <span class='ocrx_word' id='word_1_349' title='bbox 671 2831 725 2897; x_wconf 91' lang='lat' dir='ltr'><strong>est,</strong></span> <span class='ocrx_word' id='word_1_350' title='bbox 745 2826 795 2896; x_wconf 94' lang='lat' dir='ltr'><strong>qui</strong></span> <span class='ocrx_word' id='word_1_351' title='bbox 816 2825 943 2883; x_wconf 88' lang='lat' dir='ltr'><strong>ostendit</strong></span> <span class='ocrx_word' id='word_1_352' title='bbox 997 2838 1093 2881; x_wconf 95' lang='lat' dir='ltr'><strong>rorum</strong></span> <span class='ocrx_word' id='word_1_353' title='bbox 1109 2829 1190 2881; x_wconf 91' lang='lat' dir='ltr'><strong>actus</strong></span> <span class='ocrx_word' id='word_1_354' title='bbox 1203 2825 1333 2895; x_wconf 88' lang='lat' dir='ltr'><strong>edocens,</strong></span> <span class='ocrx_word' id='word_1_355' title='bbox 1346 2825 1426 2893; x_wconf 85' lang='lat' dir='ltr'><strong>jurat</strong></span> <span class='ocrx_word' id='word_1_356' title='bbox 1444 2820 1603 2890; x_wconf 90' lang='lat' dir='ltr'><strong>audientes,</strong></span> <span class='ocrx_word' id='word_1_357' title='bbox 1624 2821 1707 2877; x_wconf 89' lang='lat' dir='ltr'><strong>etad</strong></span> 
     </span>
     <span class='ocr_line' id='line_1_31' title="bbox 121 2909 1721 2984; baseline -0.001 -19"><span class='ocrx_word' id='word_1_358' title='bbox 121 2910 180 2966; x_wconf 85' lang='lat' dir='ltr'><strong>haec</strong></span> <span class='ocrx_word' id='word_1_359' title='bbox 210 2912 324 2968; x_wconf 89' lang='lat' dir='ltr'><strong>omnia:</strong></span> <span class='ocrx_word' id='word_1_360' title='bbox 344 2913 395 2984; x_wconf 92' lang='lat' dir='ltr'><strong>qui</strong></span> <span class='ocrx_word' id='word_1_361' title='bbox 423 2912 521 2971; x_wconf 89' lang='lat' dir='ltr'><strong>educit</strong></span> <span class='ocrx_word' id='word_1_362' title='bbox 546 2927 596 2984; x_wconf 94' lang='lat' dir='ltr'><strong>per</strong></span> <span class='ocrx_word' id='word_1_363' title='bbox 623 2927 772 2970; x_wconf 89' lang='lat' dir='ltr'><strong>numerum</strong></span> <span class='ocrx_word' id='word_1_364' title='bbox 803 2913 941 2969; x_wconf 92' lang='lat' dir='ltr'><strong>mundum</strong></span> <span class='ocrx_word' id='word_1_365' title='bbox 998 2913 1171 2969; x_wconf 87' lang='lat' dir='ltr'><strong>imitationis</strong></span> <span class='ocrx_word' id='word_1_366' title='bbox 1192 2910 1355 2982; x_wconf 81' lang='lat' dir='ltr'><strong>frequenter</strong></span> <span class='ocrx_word' id='word_1_367' title='bbox 1378 2910 1490 2966; x_wconf 89' lang='lat' dir='ltr'><strong>invitat.</strong></span> <span class='ocrx_word' id='word_1_368' title='bbox 1508 2910 1536 2965; x_wconf 93' lang='lat' dir='ltr'><strong>ld</strong></span> <span class='ocrx_word' id='word_1_369' title='bbox 1563 2909 1721 2979; x_wconf 89' lang='lat' dir='ltr'><strong>ipsumaut</strong></span> 
     </span>
     <span class='ocr_line' id='line_1_32' title="bbox 121 2972 1719 3074; baseline -0.002 -19"><span class='ocrx_word' id='word_1_370' title='bbox 121 3013 216 3068; x_wconf 89' lang='lat' dir='ltr'><strong>suum,</strong></span> <span class='ocrx_word' id='word_1_371' title='bbox 238 3012 288 3069; x_wconf 91' lang='lat' dir='ltr'><strong>per</strong></span> <span class='ocrx_word' id='word_1_372' title='bbox 304 3013 405 3056; x_wconf 91' lang='lat' dir='ltr'><strong>nomen</strong></span> <span class='ocrx_word' id='word_1_373' title='bbox 428 3000 540 3057; x_wconf 90' lang='lat' dir='ltr'><strong>vocabit</strong></span> <span class='ocrx_word' id='word_1_374' title='bbox 557 3015 613 3071; x_wconf 73' lang='lat' dir='ltr'><strong>prae</strong></span> <span class='ocrx_word' id='word_1_375' title='bbox 635 3002 725 3057; x_wconf 89' lang='lat' dir='ltr'><strong>multa</strong></span> <span class='ocrx_word' id='word_1_376' title='bbox 749 3001 851 3074; x_wconf 89' lang='lat' dir='ltr'><strong>gloria,</strong></span> <span class='ocrx_word' id='word_1_377' title='bbox 868 3006 896 3057; x_wconf 91' lang='lat' dir='ltr'><strong>et</strong></span> <span class='ocrx_word' id='word_1_378' title='bbox 912 3001 941 3056; x_wconf 92' lang='lat' dir='ltr'><strong>in</strong></span> <span class='ocrx_word' id='word_1_379' title='bbox 956 2972 981 3034; x_wconf 75' lang='lat' dir='ltr'>C</span> <span class='ocrx_word' id='word_1_380' title='bbox 997 3001 1153 3058; x_wconf 89' lang='lat' dir='ltr'><strong>secundum</strong></span> <span class='ocrx_word' id='word_1_381' title='bbox 1166 3003 1369 3070; x_wconf 85' lang='lat' dir='ltr'><strong>competentem</strong></span> <span class='ocrx_word' id='word_1_382' title='bbox 1381 2999 1530 3062; x_wconf 86' lang='lat' dir='ltr'><strong>rationem,</strong></span> <span class='ocrx_word' id='word_1_383' title='bbox 1545 2998 1569 3053; x_wconf 93' lang='lat' dir='ltr'><strong>si</strong></span> <span class='ocrx_word' id='word_1_384' title='bbox 1580 2997 1647 3053; x_wconf 86' lang='lat' dir='ltr'><strong>linis</strong></span> <span class='ocrx_word' id='word_1_385' title='bbox 1658 3001 1719 3053; x_wconf 86' lang='lat' dir='ltr'><strong>atte</strong></span> 
     </span>
     <span class='ocr_line' id='line_1_33' title="bbox 122 3087 1721 3163; baseline 0.001 -21"><span class='ocrx_word' id='word_1_386' title='bbox 122 3087 944 3160; x_wconf 82' lang='lat' dir='ltr'><strong>multitudinerirtutis·,cujusmanusplasmareruntuni·</strong></span> <span class='ocrx_word' id='word_1_387' title='bbox 999 3091 1166 3163; x_wconf 86' lang='lat' dir='ltr'><strong>imaginum.</strong></span> <span class='ocrx_word' id='word_1_388' title='bbox 1186 3089 1254 3159; x_wconf 80' lang='lat' dir='ltr'><strong>Qum</strong></span> <span class='ocrx_word' id='word_1_389' title='bbox 1272 3089 1348 3144; x_wconf 94' lang='lat' dir='ltr'><strong>enim</strong></span> <span class='ocrx_word' id='word_1_390' title='bbox 1367 3102 1460 3144; x_wconf 92' lang='lat' dir='ltr'><strong>sermo</strong></span> <span class='ocrx_word' id='word_1_391' title='bbox 1482 3087 1611 3142; x_wconf 72' lang='lat' dir='ltr'><strong>historice</strong></span> <span class='ocrx_word' id='word_1_392' title='bbox 1632 3099 1682 3156; x_wconf 90' lang='lat' dir='ltr'><strong>per</strong></span> <span class='ocrx_word' id='word_1_393' title='bbox 1692 3097 1721 3143; x_wconf 83' lang='lat' dir='ltr'><strong>ar</strong></span> 
     </span>
     <span class='ocr_line' id='line_1_34' title="bbox 122 3173 1721 3251; baseline -0.003 -20"><span class='ocrx_word' id='word_1_394' title='bbox 122 3189 231 3232; x_wconf 84' lang='lat' dir='ltr'><strong>versam</strong></span> <span class='ocrx_word' id='word_1_395' title='bbox 242 3176 378 3233; x_wconf 90' lang='lat' dir='ltr'><strong>militiam</strong></span> <span class='ocrx_word' id='word_1_396' title='bbox 392 3178 807 3251; x_wconf 89' lang='lat' dir='ltr'><strong>ooeli,quemadmodnmalius</strong></span> <span class='ocrx_word' id='word_1_397' title='bbox 825 3179 942 3250; x_wconf 89' lang='lat' dir='ltr'><strong>qnidam</strong></span> <span class='ocrx_word' id='word_1_398' title='bbox 998 3179 1184 3248; x_wconf 88' lang='lat' dir='ltr'><strong>commendat,</strong></span> <span class='ocrx_word' id='word_1_399' title='bbox 1205 3178 1264 3233; x_wconf 81' lang='lat' dir='ltr'><strong>hac</strong></span> <span class='ocrx_word' id='word_1_400' title='bbox 1293 3177 1404 3247; x_wconf 86' lang='lat' dir='ltr'><strong>pictura</strong></span> <span class='ocrx_word' id='word_1_401' title='bbox 1430 3181 1526 3231; x_wconf 89' lang='lat' dir='ltr'><strong>tacens</strong></span> <span class='ocrx_word' id='word_1_402' title='bbox 1558 3187 1607 3243; x_wconf 94' lang='lat' dir='ltr'><strong>per</strong></span> <span class='ocrx_word' id='word_1_403' title='bbox 1632 3173 1721 3229; x_wconf 85' lang='lat' dir='ltr'><strong>imitat</strong></span> 
     </span>
     <span class='ocr_line' id='line_1_35' title="bbox 123 3264 1721 3338; baseline 0 -19"><span class='ocrx_word' id='word_1_404' title='bbox 123 3264 165 3319; x_wconf 90' lang='lat' dir='ltr'><strong>ait</strong></span> <span class='ocrx_word' id='word_1_405' title='bbox 193 3265 413 3336; x_wconf 89' lang='lat' dir='ltr'><strong>prophetarum:</strong></span> <span class='ocrx_word' id='word_1_406' title='bbox 437 3273 569 3323; x_wconf 78' lang='lat' dir='ltr'><strong>catorum</strong></span> <span class='ocrx_word' id='word_1_407' title='bbox 595 3273 733 3324; x_wconf 83' lang='lat' dir='ltr'><strong>creaturae</strong></span> <span class='ocrx_word' id='word_1_408' title='bbox 753 3268 892 3324; x_wconf 79' lang='lat' dir='ltr'><strong>universe</strong></span> <span class='ocrx_word' id='word_1_409' title='bbox 914 3267 943 3321; x_wconf 93' lang='lat' dir='ltr'><strong>in</strong></span> <span class='ocrx_word' id='word_1_410' title='bbox 999 3268 1134 3336; x_wconf 89' lang='lat' dir='ltr'><strong>ostendit,</strong></span> <span class='ocrx_word' id='word_1_411' title='bbox 1156 3280 1275 3338; x_wconf 87' lang='lat' dir='ltr'><strong>magnus</strong></span> <span class='ocrx_word' id='word_1_412' title='bbox 1297 3266 1401 3320; x_wconf 89' lang='lat' dir='ltr'><strong>clamat</strong></span> <span class='ocrx_word' id='word_1_413' title='bbox 1417 3264 1553 3333; x_wconf 85' lang='lat' dir='ltr'><strong>Basilius,</strong></span> <span class='ocrx_word' id='word_1_414' title='bbox 1569 3276 1603 3318; x_wconf 91' lang='lat' dir='ltr'><strong>ex</strong></span> <span class='ocrx_word' id='word_1_415' title='bbox 1619 3266 1721 3333; x_wconf 83' lang='lat' dir='ltr'><strong>utroqu</strong></span> 
     </span>
     <span class='ocr_line' id='line_1_36' title="bbox 124 3350 1721 3426; baseline -0.001 -17"><span class='ocrx_word' id='word_1_416' title='bbox 124 3354 332 3424; x_wconf 87' lang='lat' dir='ltr'><strong>aptoordinem</strong></span> <span class='ocrx_word' id='word_1_417' title='bbox 356 3355 509 3426; x_wconf 88' lang='lat' dir='ltr'><strong>intuentes,</strong></span> <span class='ocrx_word' id='word_1_418' title='bbox 535 3368 659 3426; x_wconf 88' lang='lat' dir='ltr'><strong>peream</strong></span> <span class='ocrx_word' id='word_1_419' title='bbox 682 3356 944 3412; x_wconf 81' lang='lat' dir='ltr'><strong>intellectnanimae</strong></span> <span class='ocrx_word' id='word_1_420' title='bbox 999 3357 1033 3412; x_wconf 91' lang='lat' dir='ltr'><strong>ad</strong></span> <span class='ocrx_word' id='word_1_421' title='bbox 1058 3356 1258 3412; x_wconf 86' lang='lat' dir='ltr'><strong>tortitudinem</strong></span> <span class='ocrx_word' id='word_1_422' title='bbox 1282 3354 1333 3410; x_wconf 94' lang='lat' dir='ltr'><strong>hos</strong></span> <span class='ocrx_word' id='word_1_423' title='bbox 1352 3354 1402 3424; x_wconf 92' lang='lat' dir='ltr'><strong>qui</strong></span> <span class='ocrx_word' id='word_1_424' title='bbox 1424 3352 1585 3421; x_wconf 91' lang='lat' dir='ltr'><strong>attendunt,</strong></span> <span class='ocrx_word' id='word_1_425' title='bbox 1608 3350 1684 3422; x_wconf 89' lang='lat' dir='ltr'><strong>erigi</strong></span> <span class='ocrx_word' id='word_1_426' title='bbox 1713 3365 1721 3407; x_wconf 84' lang='lat' dir='ltr'><strong>v</strong></span> 
     </span>
     <span class='ocr_line' id='line_1_37' title="bbox 124 3439 1721 3517; baseline -0.002 -20"><span class='ocrx_word' id='word_1_427' title='bbox 124 3441 262 3498; x_wconf 90' lang='lat' dir='ltr'><strong>similiter</strong></span> <span class='ocrx_word' id='word_1_428' title='bbox 282 3443 475 3514; x_wconf 89' lang='lat' dir='ltr'><strong>generationis</strong></span> <span class='ocrx_word' id='word_1_429' title='bbox 498 3444 636 3500; x_wconf 86' lang='lat' dir='ltr'><strong>rationem</strong></span> <span class='ocrx_word' id='word_1_430' title='bbox 664 3444 846 3500; x_wconf 87' lang='lat' dir='ltr'><strong>considerare</strong></span> <span class='ocrx_word' id='word_1_431' title='bbox 866 3440 943 3517; x_wconf 69' lang='lat' dir='ltr'><strong>ier„</strong></span> <span class='ocrx_word' id='word_1_432' title='bbox 999 3445 1095 3501; x_wconf 87' lang='lat' dir='ltr'><strong>Brevis</strong></span> <span class='ocrx_word' id='word_1_433' title='bbox 1109 3445 1195 3513; x_wconf 88' lang='lat' dir='ltr'><strong>enim,</strong></span> <span class='ocrx_word' id='word_1_434' title='bbox 1214 3449 1246 3499; x_wconf 92' lang='lat' dir='ltr'><strong>ut</strong></span> <span class='ocrx_word' id='word_1_435' title='bbox 1260 3443 1327 3512; x_wconf 90' lang='lat' dir='ltr'><strong>quis</strong></span> <span class='ocrx_word' id='word_1_436' title='bbox 1340 3442 1457 3510; x_wconf 84' lang='lat' dir='ltr'><strong>dixerit,</strong></span> <span class='ocrx_word' id='word_1_437' title='bbox 1473 3448 1501 3496; x_wconf 91' lang='lat' dir='ltr'><strong>et</strong></span> <span class='ocrx_word' id='word_1_438' title='bbox 1513 3439 1721 3510; x_wconf 87' lang='lat' dir='ltr'><strong>capitularism</strong></span> 
     </span>
     <span class='ocr_line' id='line_1_38' title="bbox 124 3527 1721 3605; baseline 0 -20"><span class='ocrx_word' id='word_1_439' title='bbox 124 3530 306 3600; x_wconf 90' lang='lat' dir='ltr'><strong>proportione</strong></span> <span class='ocrx_word' id='word_1_440' title='bbox 322 3531 521 3601; x_wconf 91' lang='lat' dir='ltr'><strong>productivum</strong></span> <span class='ocrx_word' id='word_1_441' title='bbox 532 3533 594 3601; x_wconf 85' lang='lat' dir='ltr'><strong>ejus</strong></span> <span class='ocrx_word' id='word_1_442' title='bbox 607 3531 722 3588; x_wconf 89' lang='lat' dir='ltr'><strong>verbum</strong></span> <span class='ocrx_word' id='word_1_443' title='bbox 736 3529 843 3605; x_wconf 90' lang='lat' dir='ltr'><strong>cons.],</strong></span> <span class='ocrx_word' id='word_1_444' title='bbox 855 3537 883 3586; x_wconf 92' lang='lat' dir='ltr'><strong>et</strong></span> <span class='ocrx_word' id='word_1_445' title='bbox 896 3544 945 3601; x_wconf 90' lang='lat' dir='ltr'><strong>per</strong></span> <span class='ocrx_word' id='word_1_446' title='bbox 999 3535 1169 3603; x_wconf 86' lang='lat' dir='ltr'><strong>gestoruma</strong></span> <span class='ocrx_word' id='word_1_447' title='bbox 1184 3532 1292 3601; x_wconf 88' lang='lat' dir='ltr'><strong>pictore</strong></span> <span class='ocrx_word' id='word_1_448' title='bbox 1305 3532 1333 3586; x_wconf 94' lang='lat' dir='ltr'><strong>in</strong></span> <span class='ocrx_word' id='word_1_449' title='bbox 1349 3531 1473 3602; x_wconf 89' lang='lat' dir='ltr'><strong>imagine</strong></span> <span class='ocrx_word' id='word_1_450' title='bbox 1488 3527 1565 3604; x_wconf 68' lang='lat' dir='ltr'><strong>[de.</strong></span> <span class='ocrx_word' id='word_1_451' title='bbox 1581 3529 1663 3585; x_wconf 92' lang='lat' dir='ltr'><strong>abeo</strong></span> <span class='ocrx_word' id='word_1_452' title='bbox 1680 3543 1721 3600; x_wconf 95' lang='lat' dir='ltr'><strong>qu</strong></span> 
     </span>
     <span class='ocr_line' id='line_1_39' title="bbox 122 3615 1721 3693; baseline 0 -20"><span class='ocrx_word' id='word_1_453' title='bbox 122 3631 182 3673; x_wconf 90' lang='lat' dir='ltr'><strong>eam</strong></span> <span class='ocrx_word' id='word_1_454' title='bbox 200 3618 338 3674; x_wconf 82' lang='lat' dir='ltr'><strong>veraciter</strong></span> <span class='ocrx_word' id='word_1_455' title='bbox 356 3619 524 3674; x_wconf 88' lang='lat' dir='ltr'><strong>existentem</strong></span> <span class='ocrx_word' id='word_1_456' title='bbox 546 3620 634 3673; x_wconf 87' lang='lat' dir='ltr'><strong>Deum</strong></span> <span class='ocrx_word' id='word_1_457' title='bbox 656 3619 784 3688; x_wconf 89' lang='lat' dir='ltr'><strong>adorare,</strong></span> <span class='ocrx_word' id='word_1_458' title='bbox 805 3619 945 3690; x_wconf 87' lang='lat' dir='ltr'><strong>quemad·</strong></span> <span class='ocrx_word' id='word_1_459' title='bbox 998 3624 1115 3675; x_wconf 88' lang='lat' dir='ltr'><strong>ctusest</strong></span> <span class='ocrx_word' id='word_1_460' title='bbox 1129 3620 1157 3674; x_wconf 93' lang='lat' dir='ltr'><strong>in</strong></span> <span class='ocrx_word' id='word_1_461' title='bbox 1174 3615 1239 3693; x_wconf 83' lang='lat' dir='ltr'><strong>im}</strong></span> <span class='ocrx_word' id='word_1_462' title='bbox 1254 3619 1285 3674; x_wconf 92' lang='lat' dir='ltr'><strong>lit</strong></span> <span class='ocrx_word' id='word_1_463' title='bbox 1311 3617 1402 3686; x_wconf 88' lang='lat' dir='ltr'><strong>nobis,</strong></span> <span class='ocrx_word' id='word_1_464' title='bbox 1420 3618 1469 3689; x_wconf 94' lang='lat' dir='ltr'><strong>qui</strong></span> <span class='ocrx_word' id='word_1_465' title='bbox 1484 3617 1652 3687; x_wconf 90' lang='lat' dir='ltr'><strong>aspicimus,</strong></span> <span class='ocrx_word' id='word_1_466' title='bbox 1668 3617 1721 3673; x_wconf 89' lang='lat' dir='ltr'><strong>iml</strong></span> 
     </span>
     <span class='ocr_line' id='line_1_40' title="bbox 123 3701 1717 3778; baseline -0.001 -18"><span class='ocrx_word' id='word_1_467' title='bbox 123 3707 237 3762; x_wconf 88' lang='lat' dir='ltr'><strong>modum</strong></span> <span class='ocrx_word' id='word_1_468' title='bbox 252 3706 353 3762; x_wconf 89' lang='lat' dir='ltr'><strong>beatus</strong></span> <span class='ocrx_word' id='word_1_469' title='bbox 363 3706 549 3776; x_wconf 82' lang='lat' dir='ltr'><strong>Athanasius,</strong></span> <span class='ocrx_word' id='word_1_470' title='bbox 568 3719 726 3761; x_wconf 91' lang='lat' dir='ltr'><strong>sermonem</strong></span> <span class='ocrx_word' id='word_1_471' title='bbox 747 3710 847 3762; x_wconf 84' lang='lat' dir='ltr'><strong>contra</strong></span> <span class='ocrx_word' id='word_1_472' title='bbox 868 3707 945 3762; x_wconf 88' lang='lat' dir='ltr'><strong>idola</strong></span> <span class='ocrx_word' id='word_1_473' title='bbox 999 3707 1226 3777; x_wconf 89' lang='lat' dir='ltr'><strong>visionisipsius</strong></span> <span class='ocrx_word' id='word_1_474' title='bbox 1237 3705 1379 3762; x_wconf 82' lang='lat' dir='ltr'><strong>formatio.</strong></span> <span class='ocrx_word' id='word_1_475' title='bbox 1398 3706 1433 3761; x_wconf 90' lang='lat' dir='ltr'><strong>Ut</strong></span> <span class='ocrx_word' id='word_1_476' title='bbox 1442 3719 1509 3778; x_wconf 91' lang='lat' dir='ltr'><strong>ergo</strong></span> <span class='ocrx_word' id='word_1_477' title='bbox 1522 3711 1549 3761; x_wconf 95' lang='lat' dir='ltr'><strong>et</strong></span> <span class='ocrx_word' id='word_1_478' title='bbox 1562 3718 1626 3760; x_wconf 90' lang='lat' dir='ltr'><strong>cum</strong></span> <span class='ocrx_word' id='word_1_479' title='bbox 1640 3701 1717 3778; x_wconf 51' lang='grc' dir='ltr'><strong>[δη</strong></span> 
     </span>
     <span class='ocr_line' id='line_1_41' title="bbox 122 3792 1722 3870; baseline 0.002 -22"><span class='ocrx_word' id='word_1_480' title='bbox 122 3807 302 3865; x_wconf 92' lang='lat' dir='ltr'><strong>componens,</strong></span> <span class='ocrx_word' id='word_1_481' title='bbox 317 3792 577 3864; x_wconf 87' lang='lat' dir='ltr'><strong>liquidiusedccet.</strong></span> <span class='ocrx_word' id='word_1_482' title='bbox 588 3794 668 3850; x_wconf 85' lang='lat' dir='ltr'><strong>Sicut</strong></span> <span class='ocrx_word' id='word_1_483' title='bbox 684 3808 750 3866; x_wconf 91' lang='lat' dir='ltr'><strong>ergo</strong></span> <span class='ocrx_word' id='word_1_484' title='bbox 771 3793 850 3850; x_wconf 89' lang='lat' dir='ltr'><strong>nulla</strong></span> <span class='ocrx_word' id='word_1_485' title='bbox 864 3808 946 3851; x_wconf 86' lang='lat' dir='ltr'><strong>com-</strong></span> <span class='ocrx_word' id='word_1_486' title='bbox 999 3794 1151 3852; x_wconf 91' lang='lat' dir='ltr'><strong>admodum</strong></span> <span class='ocrx_word' id='word_1_487' title='bbox 1175 3801 1203 3851; x_wconf 91' lang='lat' dir='ltr'><strong>et</strong></span> <span class='ocrx_word' id='word_1_488' title='bbox 1217 3793 1301 3870; x_wconf 90' lang='lat' dir='ltr'><strong>curn]</strong></span> <span class='ocrx_word' id='word_1_489' title='bbox 1314 3794 1400 3850; x_wconf 89' lang='lat' dir='ltr'><strong>idolis</strong></span> <span class='ocrx_word' id='word_1_490' title='bbox 1412 3793 1550 3850; x_wconf 81' lang='lat' dir='ltr'><strong>salsorum</strong></span> <span class='ocrx_word' id='word_1_491' title='bbox 1565 3793 1685 3849; x_wconf 91' lang='lat' dir='ltr'><strong>deorum</strong></span> <span class='ocrx_word' id='word_1_492' title='bbox 1698 3807 1722 3851; x_wconf 82' lang='lat' dir='ltr'><strong>st</strong></span> 
     </span>
     <span class='ocr_line' id='line_1_42' title="bbox 123 3878 1722 3956; baseline 0.001 -20"><span class='ocrx_word' id='word_1_493' title='bbox 123 3882 280 3937; x_wconf 89' lang='lat' dir='ltr'><strong>muricatio</strong></span> <span class='ocrx_word' id='word_1_494' title='bbox 298 3881 356 3937; x_wconf 90' lang='lat' dir='ltr'><strong>luel</strong></span> <span class='ocrx_word' id='word_1_495' title='bbox 369 3880 403 3936; x_wconf 89' lang='lat' dir='ltr'><strong>ad</strong></span> <span class='ocrx_word' id='word_1_496' title='bbox 417 3880 557 3953; x_wconf 88' lang='lat' dir='ltr'><strong>tenebras,</strong></span> <span class='ocrx_word' id='word_1_497' title='bbox 570 3881 612 3937; x_wconf 89' lang='lat' dir='ltr'><strong>rel</strong></span> <span class='ocrx_word' id='word_1_498' title='bbox 627 3883 777 3938; x_wconf 88' lang='lat' dir='ltr'><strong>conventio</strong></span> <span class='ocrx_word' id='word_1_499' title='bbox 787 3882 895 3939; x_wconf 84' lang='lat' dir='ltr'><strong>Christi</strong></span> <span class='ocrx_word' id='word_1_500' title='bbox 909 3885 943 3940; x_wconf 90' lang='lat' dir='ltr'><strong>ad</strong></span> <span class='ocrx_word' id='word_1_501' title='bbox 1000 3883 1127 3952; x_wconf 92' lang='lat' dir='ltr'><strong>ipsorum</strong></span> <span class='ocrx_word' id='word_1_502' title='bbox 1140 3884 1303 3940; x_wconf 90' lang='lat' dir='ltr'><strong>coexistunt</strong></span> <span class='ocrx_word' id='word_1_503' title='bbox 1316 3880 1390 3956; x_wconf 70' lang='lat' dir='ltr'><strong>idm,</strong></span> <span class='ocrx_word' id='word_1_504' title='bbox 1405 3883 1491 3938; x_wconf 92' lang='lat' dir='ltr'><strong>simul</strong></span> <span class='ocrx_word' id='word_1_505' title='bbox 1510 3878 1667 3956; x_wconf 88' lang='lat' dir='ltr'><strong>apparent]</strong></span> <span class='ocrx_word' id='word_1_506' title='bbox 1684 3892 1722 3938; x_wconf 80' lang='lat' dir='ltr'><strong>act</strong></span> 
     </span>
     <span class='ocr_line' id='line_1_43' title="bbox 122 3967 1718 4042; baseline 0.001 -18"><span class='ocrx_word' id='word_1_507' title='bbox 122 3968 209 4024; x_wconf 86' lang='lat' dir='ltr'><strong>Belial</strong></span> <span class='ocrx_word' id='word_1_508' title='bbox 220 3968 263 4039; x_wconf 82' lang='lat' dir='ltr'><strong>(ll</strong></span> <span class='ocrx_word' id='word_1_509' title='bbox 274 3968 333 4023; x_wconf 82' lang='lat' dir='ltr'><strong>dor.</strong></span> <span class='ocrx_word' id='word_1_510' title='bbox 348 3967 407 4039; x_wconf 76' lang='lat' dir='ltr'><strong>vri:</strong></span> <span class='ocrx_word' id='word_1_511' title='bbox 421 3969 463 4024; x_wconf 87' lang='lat' dir='ltr'><strong>ita</strong></span> <span class='ocrx_word' id='word_1_512' title='bbox 483 3969 558 4025; x_wconf 94' lang='lat' dir='ltr'><strong>nihil</strong></span> <span class='ocrx_word' id='word_1_513' title='bbox 573 3976 617 4026; x_wconf 91' lang='lat' dir='ltr'><strong>est</strong></span> <span class='ocrx_word' id='word_1_514' title='bbox 633 3984 781 4026; x_wconf 89' lang='lat' dir='ltr'><strong>commune</strong></span> <span class='ocrx_word' id='word_1_515' title='bbox 799 3970 946 4027; x_wconf 86' lang='lat' dir='ltr'><strong>Christia—</strong></span> <span class='ocrx_word' id='word_1_516' title='bbox 998 3972 1125 4028; x_wconf 92' lang='lat' dir='ltr'><strong>etalium</strong></span> <span class='ocrx_word' id='word_1_517' title='bbox 1139 3973 1253 4042; x_wconf 92' lang='lat' dir='ltr'><strong>quidem</strong></span> <span class='ocrx_word' id='word_1_518' title='bbox 1266 3986 1301 4027; x_wconf 90' lang='lat' dir='ltr'><strong>ex</strong></span> <span class='ocrx_word' id='word_1_519' title='bbox 1315 3971 1417 4028; x_wconf 90' lang='lat' dir='ltr'><strong>auditu</strong></span> <span class='ocrx_word' id='word_1_520' title='bbox 1430 3971 1633 4041; x_wconf 90' lang='lat' dir='ltr'><strong>percipientem</strong></span> <span class='ocrx_word' id='word_1_521' title='bbox 1654 3982 1718 4041; x_wconf 90' lang='lat' dir='ltr'><strong>eaq</strong></span> 
     </span>
     <span class='ocr_line' id='line_1_44' title="bbox 123 4057 1722 4132; baseline 0.002 -20"><span class='ocrx_word' id='word_1_522' title='bbox 123 4057 179 4127; x_wconf 91' lang='lat' dir='ltr'><strong>nis,</strong></span> <span class='ocrx_word' id='word_1_523' title='bbox 191 4057 241 4127; x_wconf 92' lang='lat' dir='ltr'><strong>qni</strong></span> <span class='ocrx_word' id='word_1_524' title='bbox 253 4071 341 4113; x_wconf 93' lang='lat' dir='ltr'><strong>unum</strong></span> <span class='ocrx_word' id='word_1_525' title='bbox 353 4059 441 4113; x_wconf 88' lang='lat' dir='ltr'><strong>Deum</strong></span> <span class='ocrx_word' id='word_1_526' title='bbox 455 4058 647 4115; x_wconf 90' lang='lat' dir='ltr'><strong>inaccessibili</strong></span> <span class='ocrx_word' id='word_1_527' title='bbox 659 4059 826 4116; x_wconf 85' lang='lat' dir='ltr'><strong>claritateet</strong></span> <span class='ocrx_word' id='word_1_528' title='bbox 838 4060 945 4116; x_wconf 89' lang='lat' dir='ltr'><strong>virtute</strong></span> <span class='ocrx_word' id='word_1_529' title='bbox 998 4061 1198 4117; x_wconf 88' lang='lat' dir='ltr'><strong>sanctosviros</strong></span> <span class='ocrx_word' id='word_1_530' title='bbox 1215 4065 1384 4132; x_wconf 90' lang='lat' dir='ltr'><strong>gestasunt,</strong></span> <span class='ocrx_word' id='word_1_531' title='bbox 1415 4060 1444 4114; x_wconf 96' lang='lat' dir='ltr'><strong>in</strong></span> <span class='ocrx_word' id='word_1_532' title='bbox 1463 4060 1722 4115; x_wconf 83' lang='lat' dir='ltr'><strong>recordationema</strong></span> 
     </span>
     <span class='ocr_line' id='line_1_45' title="bbox 121 4146 1722 4221; baseline 0.002 -20"><span class='ocrx_word' id='word_1_533' title='bbox 121 4146 295 4201; x_wconf 90' lang='lat' dir='ltr'><strong>adorandum</strong></span> <span class='ocrx_word' id='word_1_534' title='bbox 310 4146 417 4216; x_wconf 75' lang='lat' dir='ltr'><strong>colunt,</strong></span> <span class='ocrx_word' id='word_1_535' title='bbox 432 4147 466 4202; x_wconf 89' lang='lat' dir='ltr'><strong>ad</strong></span> <span class='ocrx_word' id='word_1_536' title='bbox 478 4160 525 4203; x_wconf 88' lang='lat' dir='ltr'><strong>eos</strong></span> <span class='ocrx_word' id='word_1_537' title='bbox 542 4149 591 4219; x_wconf 93' lang='lat' dir='ltr'><strong>qui</strong></span> <span class='ocrx_word' id='word_1_538' title='bbox 605 4149 716 4221; x_wconf 91' lang='lat' dir='ltr'><strong>lingunt</strong></span> <span class='ocrx_word' id='word_1_539' title='bbox 731 4150 832 4219; x_wconf 85' lang='lat' dir='ltr'><strong>lieum,</strong></span> <span class='ocrx_word' id='word_1_540' title='bbox 845 4155 873 4205; x_wconf 92' lang='lat' dir='ltr'><strong>et</strong></span> <span class='ocrx_word' id='word_1_541' title='bbox 885 4149 945 4204; x_wconf 90' lang='lat' dir='ltr'><strong>hu·</strong></span> <span class='ocrx_word' id='word_1_542' title='bbox 999 4164 1060 4206; x_wconf 93' lang='lat' dir='ltr'><strong>rum</strong></span> <span class='ocrx_word' id='word_1_543' title='bbox 1078 4149 1243 4220; x_wconf 77' lang='lat' dir='ltr'><strong>huiusmodi</strong></span> <span class='ocrx_word' id='word_1_544' title='bbox 1265 4149 1467 4218; x_wconf 85' lang='lat' dir='ltr'><strong>contemplatio</strong></span> <span class='ocrx_word' id='word_1_545' title='bbox 1485 4147 1617 4218; x_wconf 93' lang='lat' dir='ltr'><strong>impellit.</strong></span> <span class='ocrx_word' id='word_1_546' title='bbox 1643 4147 1722 4205; x_wconf 79' lang='lat' dir='ltr'><strong>Aliur</strong></span> 
     </span>
     <span class='ocr_line' id='line_1_46' title="bbox 118 4234 1722 4312; baseline 0.001 -20"><span class='ocrx_word' id='word_1_547' title='bbox 118 4234 244 4305; x_wconf 86' lang='lat' dir='ltr'><strong>jusmodi</strong></span> <span class='ocrx_word' id='word_1_548' title='bbox 260 4248 276 4290; x_wconf 92' lang='lat' dir='ltr'><strong>a</strong></span> <span class='ocrx_word' id='word_1_549' title='bbox 291 4235 427 4306; x_wconf 88' lang='lat' dir='ltr'><strong>propheta</strong></span> <span class='ocrx_word' id='word_1_550' title='bbox 436 4237 513 4306; x_wconf 84' lang='lat' dir='ltr'><strong>juste</strong></span> <span class='ocrx_word' id='word_1_551' title='bbox 527 4237 624 4293; x_wconf 89' lang='lat' dir='ltr'><strong>miseri</strong></span> <span class='ocrx_word' id='word_1_552' title='bbox 636 4239 836 4294; x_wconf 82' lang='lat' dir='ltr'><strong>vocanturlsa.</strong></span> <span class='ocrx_word' id='word_1_553' title='bbox 852 4238 940 4310; x_wconf 82' lang='lat' dir='ltr'><strong>xnrv).</strong></span> <span class='ocrx_word' id='word_1_554' title='bbox 1000 4239 1176 4312; x_wconf 88' lang='lat' dir='ltr'><strong>ignorantem</strong></span> <span class='ocrx_word' id='word_1_555' title='bbox 1187 4238 1221 4294; x_wconf 88' lang='lat' dir='ltr'><strong>ad</strong></span> <span class='ocrx_word' id='word_1_556' title='bbox 1232 4236 1386 4309; x_wconf 88' lang='lat' dir='ltr'><strong>diligenter</strong></span> <span class='ocrx_word' id='word_1_557' title='bbox 1399 4236 1722 4307; x_wconf 86' lang='lat' dir='ltr'><strong>percunctanduminstr</strong></span> 
     </span>
     <span class='ocr_line' id='line_1_47' title="bbox 121 4311 1722 4400; baseline 0.002 -21"><span class='ocrx_word' id='word_1_558' title='bbox 121 4323 182 4379; x_wconf 92' lang='lat' dir='ltr'><strong>lllis</strong></span> <span class='ocrx_word' id='word_1_559' title='bbox 207 4324 283 4380; x_wconf 92' lang='lat' dir='ltr'><strong>enim</strong></span> <span class='ocrx_word' id='word_1_560' title='bbox 312 4324 387 4380; x_wconf 90' lang='lat' dir='ltr'><strong>cinis</strong></span> <span class='ocrx_word' id='word_1_561' title='bbox 415 4325 530 4396; x_wconf 91' lang='lat' dir='ltr'><strong>quidem</strong></span> <span class='ocrx_word' id='word_1_562' title='bbox 550 4339 599 4382; x_wconf 92' lang='lat' dir='ltr'><strong>cor</strong></span> <span class='ocrx_word' id='word_1_563' title='bbox 628 4331 681 4396; x_wconf 87' lang='lat' dir='ltr'><strong>est,</strong></span> <span class='ocrx_word' id='word_1_564' title='bbox 697 4327 773 4382; x_wconf 93' lang='lat' dir='ltr'><strong>sieut</strong></span> <span class='ocrx_word' id='word_1_565' title='bbox 803 4327 942 4396; x_wconf 87' lang='lat' dir='ltr'><strong>scriptum</strong></span> <span class='ocrx_word' id='word_1_566' title='bbox 958 4311 1062 4400; x_wconf 84' lang='lat' dir='ltr'><strong>unae</strong></span> <span class='ocrx_word' id='word_1_567' title='bbox 1081 4342 1131 4398; x_wconf 90' lang='lat' dir='ltr'><strong>per</strong></span> <span class='ocrx_word' id='word_1_568' title='bbox 1142 4327 1225 4383; x_wconf 92' lang='lat' dir='ltr'><strong>illum</strong></span> <span class='ocrx_word' id='word_1_569' title='bbox 1240 4326 1379 4382; x_wconf 90' lang='lat' dir='ltr'><strong>docentur</strong></span> <span class='ocrx_word' id='word_1_570' title='bbox 1393 4323 1466 4398; x_wconf 71' lang='lat' dir='ltr'><strong>idm,</strong></span> <span class='ocrx_word' id='word_1_571' title='bbox 1479 4325 1561 4381; x_wconf 92' lang='lat' dir='ltr'><strong>illius</strong></span> <span class='ocrx_word' id='word_1_572' title='bbox 1577 4329 1639 4380; x_wconf 89' lang='lat' dir='ltr'><strong>acta</strong></span> <span class='ocrx_word' id='word_1_573' title='bbox 1658 4326 1722 4383; x_wconf 75' lang='lat' dir='ltr'><strong>edo(</strong></span> 
     </span>
     <span class='ocr_line' id='line_1_48' title="bbox 120 4412 1716 4485; baseline 0.001 -18"><span class='ocrx_word' id='word_1_574' title='bbox 120 4417 181 4468; x_wconf 92' lang='lat' dir='ltr'><strong>est:</strong></span> <span class='ocrx_word' id='word_1_575' title='bbox 204 4425 325 4483; x_wconf 92' lang='lat' dir='ltr'><strong>qnorum</strong></span> <span class='ocrx_word' id='word_1_576' title='bbox 352 4412 403 4468; x_wconf 91' lang='lat' dir='ltr'><strong>alil</strong></span> <span class='ocrx_word' id='word_1_577' title='bbox 425 4414 539 4484; x_wconf 88' lang='lat' dir='ltr'><strong>quidem</strong></span> <span class='ocrx_word' id='word_1_578' title='bbox 571 4427 655 4484; x_wconf 90' lang='lat' dir='ltr'><strong>opera</strong></span> <span class='ocrx_word' id='word_1_579' title='bbox 680 4413 791 4469; x_wconf 91' lang='lat' dir='ltr'><strong>doliia</strong></span> <span class='ocrx_word' id='word_1_580' title='bbox 819 4428 849 4471; x_wconf 91' lang='lat' dir='ltr'><strong>se</strong></span> <span class='ocrx_word' id='word_1_581' title='bbox 871 4413 944 4485; x_wconf 73' lang='lat' dir='ltr'><strong>lactp</strong></span> <span class='ocrx_word' id='word_1_582' title='bbox 1000 4417 1030 4473; x_wconf 91' lang='lat' dir='ltr'><strong>ln</strong></span> <span class='ocrx_word' id='word_1_583' title='bbox 1042 4429 1166 4472; x_wconf 90' lang='lat' dir='ltr'><strong>amorem</strong></span> <span class='ocrx_word' id='word_1_584' title='bbox 1188 4419 1216 4470; x_wconf 90' lang='lat' dir='ltr'><strong>et</strong></span> <span class='ocrx_word' id='word_1_585' title='bbox 1231 4414 1343 4470; x_wconf 92' lang='lat' dir='ltr'><strong>landem</strong></span> <span class='ocrx_word' id='word_1_586' title='bbox 1356 4414 1405 4470; x_wconf 82' lang='lat' dir='ltr'><strong>liei</strong></span> <span class='ocrx_word' id='word_1_587' title='bbox 1433 4412 1540 4469; x_wconf 82' lang='lat' dir='ltr'><strong>fervide</strong></span> <span class='ocrx_word' id='word_1_588' title='bbox 1555 4414 1716 4470; x_wconf 81' lang='lat' dir='ltr'><strong>suscitant:</strong></span> 
     </span>
     <span class='ocr_line' id='line_1_49' title="bbox 120 4499 1722 4576; baseline 0.001 -20"><span class='ocrx_word' id='word_1_589' title='bbox 120 4499 210 4557; x_wconf 89' lang='lat' dir='ltr'><strong>creari</strong></span> <span class='ocrx_word' id='word_1_590' title='bbox 222 4500 278 4556; x_wconf 94' lang='lat' dir='ltr'><strong>sibi</strong></span> <span class='ocrx_word' id='word_1_591' title='bbox 291 4503 379 4557; x_wconf 87' lang='lat' dir='ltr'><strong>Deum</strong></span> <span class='ocrx_word' id='word_1_592' title='bbox 390 4505 528 4557; x_wconf 89' lang='lat' dir='ltr'><strong>recentem</strong></span> <span class='ocrx_word' id='word_1_593' title='bbox 548 4515 582 4557; x_wconf 90' lang='lat' dir='ltr'><strong>ex</strong></span> <span class='ocrx_word' id='word_1_594' title='bbox 595 4514 651 4557; x_wconf 91' lang='lat' dir='ltr'><strong>non</strong></span> <span class='ocrx_word' id='word_1_595' title='bbox 670 4500 862 4560; x_wconf 87' lang='lat' dir='ltr'><strong>existentibus</strong></span> <span class='ocrx_word' id='word_1_596' title='bbox 874 4503 943 4573; x_wconf 90' lang='lat' dir='ltr'><strong>opi·</strong></span> <span class='ocrx_word' id='word_1_597' title='bbox 1000 4520 1048 4576; x_wconf 92' lang='lat' dir='ltr'><strong>per</strong></span> <span class='ocrx_word' id='word_1_598' title='bbox 1060 4510 1215 4573; x_wconf 90' lang='lat' dir='ltr'><strong>utrumqne</strong></span> <span class='ocrx_word' id='word_1_599' title='bbox 1231 4503 1351 4558; x_wconf 91' lang='lat' dir='ltr'><strong>istorum</strong></span> <span class='ocrx_word' id='word_1_600' title='bbox 1365 4502 1537 4572; x_wconf 90' lang='lat' dir='ltr'><strong>aspicientes</strong></span> <span class='ocrx_word' id='word_1_601' title='bbox 1559 4507 1722 4559; x_wconf 86' lang='lat' dir='ltr'><strong>sanctorum</strong></span> 
     </span>
     <span class='ocr_line' id='line_1_50' title="bbox 120 4590 1722 4664; baseline 0.002 -20"><span class='ocrx_word' id='word_1_602' title='bbox 120 4595 243 4645; x_wconf 92' lang='lat' dir='ltr'><strong>nantur:</strong></span> <span class='ocrx_word' id='word_1_603' title='bbox 268 4594 297 4646; x_wconf 91' lang='lat' dir='ltr'><strong>et</strong></span> <span class='ocrx_word' id='word_1_604' title='bbox 324 4594 474 4646; x_wconf 88' lang='lat' dir='ltr'><strong>corruente</strong></span> <span class='ocrx_word' id='word_1_605' title='bbox 498 4590 553 4646; x_wconf 91' lang='lat' dir='ltr'><strong>hoc</strong></span> <span class='ocrx_word' id='word_1_606' title='bbox 584 4605 618 4646; x_wconf 90' lang='lat' dir='ltr'><strong>ex</strong></span> <span class='ocrx_word' id='word_1_607' title='bbox 642 4590 772 4661; x_wconf 91' lang='lat' dir='ltr'><strong>qualibet</strong></span> <span class='ocrx_word' id='word_1_608' title='bbox 802 4603 891 4648; x_wconf 86' lang='lat' dir='ltr'><strong>causa</strong></span> <span class='ocrx_word' id='word_1_609' title='bbox 915 4597 943 4648; x_wconf 92' lang='lat' dir='ltr'><strong>et</strong></span> <span class='ocrx_word' id='word_1_610' title='bbox 998 4593 1081 4660; x_wconf 89' lang='lat' dir='ltr'><strong>bona,</strong></span> <span class='ocrx_word' id='word_1_611' title='bbox 1102 4591 1263 4664; x_wconf 79' lang='lat' dir='ltr'><strong>glorificent</strong></span> <span class='ocrx_word' id='word_1_612' title='bbox 1277 4593 1386 4646; x_wconf 86' lang='lat' dir='ltr'><strong>Patrem</strong></span> <span class='ocrx_word' id='word_1_613' title='bbox 1405 4597 1533 4647; x_wconf 93' lang='lat' dir='ltr'><strong>nostrum</strong></span> <span class='ocrx_word' id='word_1_614' title='bbox 1550 4590 1599 4662; x_wconf 94' lang='lat' dir='ltr'><strong>qui</strong></span> <span class='ocrx_word' id='word_1_615' title='bbox 1623 4590 1652 4646; x_wconf 94' lang='lat' dir='ltr'><strong>in</strong></span> <span class='ocrx_word' id='word_1_616' title='bbox 1669 4590 1722 4648; x_wconf 80' lang='lat' dir='ltr'><strong>cml</strong></span> 
     </span>
     <span class='ocr_line' id='line_1_51' title="bbox 120 4677 1722 4751; baseline 0.004 -21"><span class='ocrx_word' id='word_1_617' title='bbox 120 4678 317 4747; x_wconf 89' lang='lat' dir='ltr'><strong>exterminato,</strong></span> <span class='ocrx_word' id='word_1_618' title='bbox 342 4677 462 4733; x_wconf 84' lang='lat' dir='ltr'><strong>tirmiter</strong></span> <span class='ocrx_word' id='word_1_619' title='bbox 476 4683 573 4733; x_wconf 93' lang='lat' dir='ltr'><strong>tenent</strong></span> <span class='ocrx_word' id='word_1_620' title='bbox 596 4693 652 4735; x_wconf 93' lang='lat' dir='ltr'><strong>non</strong></span> <span class='ocrx_word' id='word_1_621' title='bbox 673 4692 734 4736; x_wconf 88' lang='lat' dir='ltr'><strong>esse</strong></span> <span class='ocrx_word' id='word_1_622' title='bbox 749 4678 805 4736; x_wconf 92' lang='lat' dir='ltr'><strong>sibi</strong></span> <span class='ocrx_word' id='word_1_623' title='bbox 823 4679 943 4735; x_wconf 92' lang='lat' dir='ltr'><strong>omnino</strong></span> <span class='ocrx_word' id='word_1_624' title='bbox 998 4682 1153 4738; x_wconf 89' lang='lat' dir='ltr'><strong>secundum</strong></span> <span class='ocrx_word' id='word_1_625' title='bbox 1175 4679 1321 4751; x_wconf 87' lang='lat' dir='ltr'><strong>Evangelii</strong></span> <span class='ocrx_word' id='word_1_626' title='bbox 1350 4693 1443 4735; x_wconf 88' lang='lat' dir='ltr'><strong>rocem</strong></span> <span class='ocrx_word' id='word_1_627' title='bbox 1469 4678 1580 4750; x_wconf 76' lang='lat' dir='ltr'><strong>(Mutii.</strong></span> <span class='ocrx_word' id='word_1_628' title='bbox 1598 4678 1638 4751; x_wconf 95' lang='lat' dir='ltr'><strong>v).</strong></span> <span class='ocrx_word' id='word_1_629' title='bbox 1660 4678 1722 4737; x_wconf 80' lang='lat' dir='ltr'><strong>hts</strong></span> 
     </span>
     <span class='ocr_line' id='line_1_52' title="bbox 120 4765 1722 4842; baseline 0.001 -24"><span class='ocrx_word' id='word_1_630' title='bbox 120 4765 219 4835; x_wconf 86' lang='lat' dir='ltr'><strong>Deum,</strong></span> <span class='ocrx_word' id='word_1_631' title='bbox 243 4766 301 4822; x_wconf 91' lang='lat' dir='ltr'><strong>nisi</strong></span> <span class='ocrx_word' id='word_1_632' title='bbox 317 4766 453 4837; x_wconf 81' lang='lat' dir='ltr'><strong>quiddam</strong></span> <span class='ocrx_word' id='word_1_633' title='bbox 469 4766 548 4823; x_wconf 89' lang='lat' dir='ltr'><strong>aliud</strong></span> <span class='ocrx_word' id='word_1_634' title='bbox 572 4768 633 4838; x_wconf 91' lang='lat' dir='ltr'><strong>pari</strong></span> <span class='ocrx_word' id='word_1_635' title='bbox 651 4768 734 4824; x_wconf 92' lang='lat' dir='ltr'><strong>modo</strong></span> <span class='ocrx_word' id='word_1_636' title='bbox 748 4767 938 4824; x_wconf 92' lang='lat' dir='ltr'><strong>condiderint.</strong></span> <span class='ocrx_word' id='word_1_637' title='bbox 996 4772 1118 4841; x_wconf 87' lang='lat' dir='ltr'><strong>hloysem</strong></span> <span class='ocrx_word' id='word_1_638' title='bbox 1132 4769 1275 4842; x_wconf 87' lang='lat' dir='ltr'><strong>legislatio</strong></span> <span class='ocrx_word' id='word_1_639' title='bbox 1291 4768 1422 4838; x_wconf 80' lang='lat' dir='ltr'><strong>praecipit</strong></span> <span class='ocrx_word' id='word_1_640' title='bbox 1438 4767 1543 4838; x_wconf 89' lang='lat' dir='ltr'><strong>populo</strong></span> <span class='ocrx_word' id='word_1_641' title='bbox 1565 4768 1645 4824; x_wconf 93' lang='lat' dir='ltr'><strong>lllum</strong></span> <span class='ocrx_word' id='word_1_642' title='bbox 1661 4767 1722 4840; x_wconf 80' lang='lat' dir='ltr'><strong>hya</strong></span> 
     </span>
     <span class='ocr_line' id='line_1_53' title="bbox 118 4854 1722 4927; baseline 0.002 -19"><span class='ocrx_word' id='word_1_643' title='bbox 118 4855 153 4908; x_wconf 85' lang='lat' dir='ltr'><strong>Et</strong></span> <span class='ocrx_word' id='word_1_644' title='bbox 173 4855 225 4910; x_wconf 93' lang='lat' dir='ltr'><strong>hoc</strong></span> <span class='ocrx_word' id='word_1_645' title='bbox 243 4854 356 4925; x_wconf 93' lang='lat' dir='ltr'><strong>liquido</strong></span> <span class='ocrx_word' id='word_1_646' title='bbox 378 4868 429 4911; x_wconf 90' lang='lat' dir='ltr'><strong>nos</strong></span> <span class='ocrx_word' id='word_1_647' title='bbox 458 4855 558 4912; x_wconf 87' lang='lat' dir='ltr'><strong>divina</strong></span> <span class='ocrx_word' id='word_1_648' title='bbox 581 4857 663 4913; x_wconf 88' lang='lat' dir='ltr'><strong>dccet</strong></span> <span class='ocrx_word' id='word_1_649' title='bbox 690 4857 838 4927; x_wconf 89' lang='lat' dir='ltr'><strong>Scriptura</strong></span> <span class='ocrx_word' id='word_1_650' title='bbox 865 4856 894 4912; x_wconf 91' lang='lat' dir='ltr'><strong>in</strong></span> <span class='ocrx_word' id='word_1_651' title='bbox 909 4871 941 4914; x_wconf 91' lang='lat' dir='ltr'><strong>eo</strong></span> <span class='ocrx_word' id='word_1_652' title='bbox 997 4872 1064 4914; x_wconf 92' lang='lat' dir='ltr'><strong>num</strong></span> <span class='ocrx_word' id='word_1_653' title='bbox 1079 4859 1108 4914; x_wconf 91' lang='lat' dir='ltr'><strong>in</strong></span> <span class='ocrx_word' id='word_1_654' title='bbox 1122 4856 1437 4927; x_wconf 80' lang='lat' dir='ltr'><strong>limbriisquaesuntin</strong></span> <span class='ocrx_word' id='word_1_655' title='bbox 1455 4854 1674 4912; x_wconf 90' lang='lat' dir='ltr'><strong>summitatibus</strong></span> <span class='ocrx_word' id='word_1_656' title='bbox 1687 4869 1722 4913; x_wconf 84' lang='lat' dir='ltr'><strong>ve</strong></span> 
     </span>
     <span class='ocr_line' id='line_1_54' title="bbox 120 4942 1720 5018; baseline 0.003 -19"><span class='ocrx_word' id='word_1_657' title='bbox 120 4944 194 5012; x_wconf 89' lang='lat' dir='ltr'><strong>quod</strong></span> <span class='ocrx_word' id='word_1_658' title='bbox 207 4942 312 5000; x_wconf 87' lang='lat' dir='ltr'><strong>iactum</strong></span> <span class='ocrx_word' id='word_1_659' title='bbox 327 4949 370 5001; x_wconf 92' lang='lat' dir='ltr'><strong>est</strong></span> <span class='ocrx_word' id='word_1_660' title='bbox 383 4945 412 5000; x_wconf 95' lang='lat' dir='ltr'><strong>in</strong></span> <span class='ocrx_word' id='word_1_661' title='bbox 423 4958 527 5014; x_wconf 88' lang='lat' dir='ltr'><strong>eremo,</strong></span> <span class='ocrx_word' id='word_1_662' title='bbox 541 4959 625 5016; x_wconf 91' lang='lat' dir='ltr'><strong>opere</strong></span> <span class='ocrx_word' id='word_1_663' title='bbox 635 4946 720 5002; x_wconf 91' lang='lat' dir='ltr'><strong>vituli</strong></span> <span class='ocrx_word' id='word_1_664' title='bbox 733 4945 768 5001; x_wconf 88' lang='lat' dir='ltr'><strong>ab</strong></span> <span class='ocrx_word' id='word_1_665' title='bbox 791 4946 939 5015; x_wconf 87' lang='lat' dir='ltr'><strong>israelitis,</strong></span> <span class='ocrx_word' id='word_1_666' title='bbox 997 4947 1105 5018; x_wconf 93' lang='lat' dir='ltr'><strong>imponi</strong></span> <span class='ocrx_word' id='word_1_667' title='bbox 1121 4948 1156 5002; x_wconf 88' lang='lat' dir='ltr'><strong>ad</strong></span> <span class='ocrx_word' id='word_1_668' title='bbox 1174 4946 1397 5003; x_wconf 88' lang='lat' dir='ltr'><strong>recordationem</strong></span> <span class='ocrx_word' id='word_1_669' title='bbox 1412 4950 1617 5015; x_wconf 80' lang='lat' dir='ltr'><strong>praceptorum</strong></span> <span class='ocrx_word' id='word_1_670' title='bbox 1629 4949 1720 5016; x_wconf 86' lang='lat' dir='ltr'><strong>atque</strong></span> 
     </span>
     <span class='ocr_line' id='line_1_55' title="bbox 119 5032 1711 5104; baseline 0.003 -17"><span class='ocrx_word' id='word_1_671' title='bbox 119 5032 408 5102; x_wconf 84' lang='lat' dir='ltr'><strong>quandoseditionem</strong></span> <span class='ocrx_word' id='word_1_672' title='bbox 423 5033 773 5091; x_wconf 88' lang='lat' dir='ltr'><strong>commoventesdiccbant</strong></span> <span class='ocrx_word' id='word_1_673' title='bbox 782 5036 818 5090; x_wconf 94' lang='lat' dir='ltr'><strong>ad</strong></span> <span class='ocrx_word' id='word_1_674' title='bbox 828 5035 937 5092; x_wconf 73' lang='lat' dir='ltr'><strong>Aaron:</strong></span> <span class='ocrx_word' id='word_1_675' title='bbox 995 5036 1075 5092; x_wconf 92' lang='lat' dir='ltr'><strong>dium</strong></span> <span class='ocrx_word' id='word_1_676' title='bbox 1092 5034 1185 5100; x_wconf 77' lang='lat' dir='ltr'><strong>(Nara.</strong></span> <span class='ocrx_word' id='word_1_677' title='bbox 1203 5034 1268 5104; x_wconf 76' lang='lat' dir='ltr'><strong>xvi:</strong></span> <span class='ocrx_word' id='word_1_678' title='bbox 1287 5033 1495 5104; x_wconf 87' lang='lat' dir='ltr'><strong>quantomagis</strong></span> <span class='ocrx_word' id='word_1_679' title='bbox 1509 5032 1711 5091; x_wconf 80' lang='lat' dir='ltr'><strong>conconvenit</strong></span> 
     </span>
     <span class='ocr_line' id='line_1_56' title="bbox 118 5120 1723 5198; baseline 0.003 -24"><span class='ocrx_word' id='word_1_680' title='bbox 118 5121 172 5175; x_wconf 78' lang='lat' dir='ltr'><strong>line</strong></span> <span class='ocrx_word' id='word_1_681' title='bbox 192 5121 270 5175; x_wconf 83' lang='lat' dir='ltr'><strong>nobis</strong></span> <span class='ocrx_word' id='word_1_682' title='bbox 291 5122 362 5176; x_wconf 77' lang='lat' dir='ltr'><strong>deos.</strong></span> <span class='ocrx_word' id='word_1_683' title='bbox 386 5124 434 5192; x_wconf 83' lang='lat' dir='ltr'><strong>qui</strong></span> <span class='ocrx_word' id='word_1_684' title='bbox 456 5138 505 5177; x_wconf 83' lang='lat' dir='ltr'><strong>nos</strong></span> <span class='ocrx_word' id='word_1_685' title='bbox 523 5123 681 5192; x_wconf 76' lang='lat' dir='ltr'><strong>precedunt</strong></span> <span class='ocrx_word' id='word_1_686' title='bbox 699 5120 800 5192; x_wconf 60' lang='lat' dir='ltr'><strong>(movi.</strong></span> <span class='ocrx_word' id='word_1_687' title='bbox 825 5124 938 5198; x_wconf 84' lang='lat' dir='ltr'><strong>xxxn):</strong></span> <span class='ocrx_word' id='word_1_688' title='bbox 995 5123 1189 5180; x_wconf 92' lang='lat' dir='ltr'><strong>militudinem</strong></span> <span class='ocrx_word' id='word_1_689' title='bbox 1215 5123 1334 5193; x_wconf 80' lang='lat' dir='ltr'><strong>pictura</strong></span> <span class='ocrx_word' id='word_1_690' title='bbox 1356 5126 1520 5178; x_wconf 88' lang='lat' dir='ltr'><strong>sanctorum</strong></span> <span class='ocrx_word' id='word_1_691' title='bbox 1541 5121 1673 5177; x_wconf 90' lang='lat' dir='ltr'><strong>virorum</strong></span> <span class='ocrx_word' id='word_1_692' title='bbox 1694 5135 1723 5179; x_wconf 79' lang='lat' dir='ltr'><strong>ae</strong></span> 
     </span>
     <span class='ocr_line' id='line_1_57' title="bbox 118 5208 1721 5282; baseline 0.002 -18"><span class='ocrx_word' id='word_1_693' title='bbox 118 5209 298 5264; x_wconf 88' lang='lat' dir='ltr'><strong>ostendentes</strong></span> <span class='ocrx_word' id='word_1_694' title='bbox 315 5223 365 5279; x_wconf 92' lang='lat' dir='ltr'><strong>per</strong></span> <span class='ocrx_word' id='word_1_695' title='bbox 385 5209 447 5277; x_wconf 90' lang='lat' dir='ltr'><strong>hoc,</strong></span> <span class='ocrx_word' id='word_1_696' title='bbox 462 5224 491 5265; x_wconf 86' lang='lat' dir='ltr'><strong>se</strong></span> <span class='ocrx_word' id='word_1_697' title='bbox 514 5210 648 5265; x_wconf 91' lang='lat' dir='ltr'><strong>arbitrari</strong></span> <span class='ocrx_word' id='word_1_698' title='bbox 672 5222 726 5265; x_wconf 93' lang='lat' dir='ltr'><strong>non</strong></span> <span class='ocrx_word' id='word_1_699' title='bbox 748 5224 810 5266; x_wconf 86' lang='lat' dir='ltr'><strong>essc</strong></span> <span class='ocrx_word' id='word_1_700' title='bbox 822 5213 940 5268; x_wconf 90' lang='lat' dir='ltr'><strong>omnino</strong></span> <span class='ocrx_word' id='word_1_701' title='bbox 995 5217 1160 5282; x_wconf 86' lang='lat' dir='ltr'><strong>proventum</strong></span> <span class='ocrx_word' id='word_1_702' title='bbox 1176 5209 1401 5266; x_wconf 85' lang='lat' dir='ltr'><strong>conversationis</strong></span> <span class='ocrx_word' id='word_1_703' title='bbox 1418 5223 1525 5273; x_wconf 86' lang='lat' dir='ltr'><strong>eorum,</strong></span> <span class='ocrx_word' id='word_1_704' title='bbox 1540 5213 1568 5264; x_wconf 93' lang='lat' dir='ltr'><strong>et</strong></span> <span class='ocrx_word' id='word_1_705' title='bbox 1590 5208 1694 5266; x_wconf 91' lang='lat' dir='ltr'><strong>horum</strong></span> <span class='ocrx_word' id='word_1_706' title='bbox 1711 5209 1721 5266; x_wconf 91' lang='lat' dir='ltr'><strong>i</strong></span> 
     </span>
     <span class='ocr_line' id='line_1_58' title="bbox 118 5295 1705 5370; baseline 0.001 -18"><span class='ocrx_word' id='word_1_707' title='bbox 118 5298 217 5366; x_wconf 88' lang='lat' dir='ltr'><strong>Deum,</strong></span> <span class='ocrx_word' id='word_1_708' title='bbox 232 5310 541 5368; x_wconf 89' lang='lat' dir='ltr'><strong>nequeverum,neque</strong></span> <span class='ocrx_word' id='word_1_709' title='bbox 555 5295 620 5352; x_wconf 82' lang='lat' dir='ltr'><strong>falsi</strong></span> <span class='ocrx_word' id='word_1_710' title='bbox 643 5297 778 5370; x_wconf 89' lang='lat' dir='ltr'><strong>nominis,</strong></span> <span class='ocrx_word' id='word_1_711' title='bbox 800 5297 940 5356; x_wconf 89' lang='lat' dir='ltr'><strong>nisiiorte</strong></span> <span class='ocrx_word' id='word_1_712' title='bbox 995 5299 1076 5355; x_wconf 88' lang='lat' dir='ltr'><strong>hdcm</strong></span> <span class='ocrx_word' id='word_1_713' title='bbox 1100 5298 1256 5354; x_wconf 90' lang='lat' dir='ltr'><strong>secundum</strong></span> <span class='ocrx_word' id='word_1_714' title='bbox 1283 5298 1471 5367; x_wconf 86' lang='lat' dir='ltr'><strong>apostolieum</strong></span> <span class='ocrx_word' id='word_1_715' title='bbox 1503 5296 1705 5367; x_wconf 88' lang='lat' dir='ltr'><strong>magisterium</strong></span> 
     </span>
    </p>

    <p class='ocr_par' dir='ltr' id='par_1_4' title="bbox 118 5381 1723 5549">
     <span class='ocr_line' id='line_1_59' title="bbox 119 5381 1723 5458; baseline 0.002 -18"><span class='ocrx_word' id='word_1_716' title='bbox 119 5384 293 5440; x_wconf 91' lang='lat' dir='ltr'><strong>idolumsibi</strong></span> <span class='ocrx_word' id='word_1_717' title='bbox 309 5385 434 5441; x_wconf 89' lang='lat' dir='ltr'><strong>artilrcio</strong></span> <span class='ocrx_word' id='word_1_718' title='bbox 447 5385 525 5440; x_wconf 87' lang='lat' dir='ltr'><strong>lieret</strong></span> <span class='ocrx_word' id='word_1_719' title='bbox 535 5384 576 5440; x_wconf 90' lang='lat' dir='ltr'><strong>vel</strong></span> <span class='ocrx_word' id='word_1_720' title='bbox 588 5385 764 5455; x_wconf 86' lang='lat' dir='ltr'><strong>exquisitum</strong></span> <span class='ocrx_word' id='word_1_721' title='bbox 775 5381 849 5458; x_wconf 68' lang='lat' dir='ltr'><strong>lde„</strong></span> <span class='ocrx_word' id='word_1_722' title='bbox 864 5389 937 5458; x_wconf 89' lang='lat' dir='ltr'><strong>qnod</strong></span> <span class='ocrx_word' id='word_1_723' title='bbox 993 5401 1045 5443; x_wconf 81' lang='lat' dir='ltr'><strong>sur</strong></span> <span class='ocrx_word' id='word_1_724' title='bbox 1056 5387 1085 5458; x_wconf 75' lang='lat' dir='ltr'><strong>li</strong></span> <span class='ocrx_word' id='word_1_725' title='bbox 1096 5387 1209 5441; x_wconf 85' lang='lat' dir='ltr'><strong>Domini</strong></span> <span class='ocrx_word' id='word_1_726' title='bbox 1223 5392 1317 5442; x_wconf 88' lang='lat' dir='ltr'><strong>autem</strong></span> <span class='ocrx_word' id='word_1_727' title='bbox 1334 5386 1488 5442; x_wconf 80' lang='lat' dir='ltr'><strong>secumdum</strong></span> <span class='ocrx_word' id='word_1_728' title='bbox 1505 5385 1602 5441; x_wconf 83' lang='lat' dir='ltr'><strong>carrris</strong></span> <span class='ocrx_word' id='word_1_729' title='bbox 1614 5385 1723 5443; x_wconf 85' lang='lat' dir='ltr'><strong>risioni</strong></span> 
     </span>
     <span class='ocr_line' id='line_1_60' title="bbox 118 5469 1723 5549; baseline 0.002 -20"><span class='ocrx_word' id='word_1_730' title='bbox 118 5469 320 5549; x_wconf 86' lang='lat' dir='ltr'><strong>exquirebant]</strong></span> <span class='ocrx_word' id='word_1_731' title='bbox 334 5472 400 5543; x_wconf 73' lang='lat' dir='ltr'><strong>,cui</strong></span> <span class='ocrx_word' id='word_1_732' title='bbox 421 5473 550 5543; x_wconf 91' lang='lat' dir='ltr'><strong>posthoc</strong></span> <span class='ocrx_word' id='word_1_733' title='bbox 571 5473 679 5530; x_wconf 87' lang='lat' dir='ltr'><strong>exitum</strong></span> <span class='ocrx_word' id='word_1_734' title='bbox 692 5487 789 5530; x_wconf 90' lang='lat' dir='ltr'><strong>eorum</strong></span> <span class='ocrx_word' id='word_1_735' title='bbox 802 5489 837 5532; x_wconf 85' lang='lat' dir='ltr'><strong>ex</strong></span> <span class='ocrx_word' id='word_1_736' title='bbox 851 5477 939 5549; x_wconf 82' lang='lat' dir='ltr'><strong>AEgy-</strong></span> <span class='ocrx_word' id='word_1_737' title='bbox 994 5475 1113 5548; x_wconf 88' lang='lat' dir='ltr'><strong>ginibus</strong></span> <span class='ocrx_word' id='word_1_738' title='bbox 1127 5474 1244 5532; x_wconf 88' lang='lat' dir='ltr'><strong>iormarl</strong></span> <span class='ocrx_word' id='word_1_739' title='bbox 1256 5475 1458 5544; x_wconf 87' lang='lat' dir='ltr'><strong>characterem,</strong></span> <span class='ocrx_word' id='word_1_740' title='bbox 1469 5473 1499 5529; x_wconf 94' lang='lat' dir='ltr'><strong>in</strong></span> <span class='ocrx_word' id='word_1_741' title='bbox 1513 5474 1723 5545; x_wconf 81' lang='lat' dir='ltr'><strong>redargutione</strong></span> 
     </span>
    </p>
   </div>
   <div class='ocr_carea' id='block_1_3' title="bbox 0 0 1955 6084">
    <p class='ocr_par' dir='ltr' id='par_1_5' title="bbox 0 0 1955 6084">
     <span class='ocr_line' id='line_1_61' title="bbox 0 0 1955 6084; baseline 0 0"><span class='ocrx_word' id='word_1_742' title='bbox 0 0 1955 6084; x_wconf 95' lang='lat' dir='ltr'><strong> </strong></span> 
     </span>
    </p>
   </div>
  </div>
 </body>
</html>
