3876 6090
47 244 106 305 623
406 244 660 304 COLLECTANEA.
680 273 717 288 -
734 245 863 302 DISPUT.
887 246 988 303 INTER
1008 247 1036 303 S.
1057 247 1183 304 nixum.
1205 248 1249 305 ET
1267 247 1389 306 ΤΗΕΟΙ).
1708 249 1763 310 θῦ

48 369 217 428 sistentiam
228 370 284 426 sibi
294 369 391 426 unitas
402 369 570 441 innotescat,
582 370 608 426 si
618 375 732 441 propter
743 370 881 427 unitatem
893 371 924 432 A
936 370 1174 441 quemadmodum
1186 375 1215 427 et
1231 371 1279 428 isti
1293 371 1375 428 ddem
1391 386 1425 429 ex
1437 374 1511 430 bono
1530 378 1559 430 et
1572 375 1647 432 malo
1664 375 1763 446 prole-

49 474 137 518 uuam
150 458 346 530 operationem
362 459 570 531 dogmatizent:
584 459 658 530 quod
674 460 704 516 bi
726 459 776 531 qui
789 460 819 515 in
831 459 883 516 di·
936 464 1005 515 runt
1016 458 1226 516 affectantibus.
1243 459 1322 517 Unde
1336 465 1364 516 ct
1386 460 1493 518 talibus
1505 461 1762 522 circumvenientes

49 549 163 607 visione
174 548 305 618 corrupti
318 552 386 605 suut
397 547 509 619 dicunt,
523 547 704 604 allectuosam
726 548 798 604 banc
819 562 881 605 esse
937 546 1044 603 litteris
1058 548 1083 603 oi
1101 548 1151 618 qui
1166 548 1283 605 miserat
1297 548 1426 605 mittunt.
1441 549 1515 619 Quia
1527 563 1594 622 erqo
1610 550 1639 605 in
1660 565 1761 621 magno

48 639 249 712 operationem
271 637 401 695 fabuloso
421 637 567 710 lingentes.
589 637 636 693 Sic
648 643 742 695 autem
758 643 786 694 et
809 653 883 695 cou—
936 641 1051 707 proptor
1062 638 1120 693 baec
1134 638 1261 708 periculo
1272 644 1341 696 sunt
1355 652 1400 695 res
1420 651 1492 709 pene
1507 639 1600 696 totius
1613 640 1761 698 catbottcu

49 727 163 787 insioui
192 727 286 784 iocum
302 726 462 783 tribuentes
484 731 512 782 et
534 726 696 783 deivirilem
724 727 881 784 secundum
936 730 964 781 et
976 725 1140 795 apostolicae
1150 727 1200 782 liei
1215 726 1348 783 Ecclesia
1359 728 1534 797 constitute,
1551 741 1644 797 proca
1657 727 1763 800 depre-

48 818 186 874 Sererum
209 815 282 872 male
300 815 534 886 interpretantur,
552 828 636 871 unam
654 816 736 888 banc,
762 815 808 871 sod
825 829 881 873 non
936 827 1036 870 camur
1049 820 1077 869 et
1099 813 1283 872 obsecramus
1305 816 1503 872 sanctissimos
1525 816 1613 886 viros,
1630 831 1665 874 ne
1689 818 1762 876 banc

48 907 122 963 duas
135 906 296 963 secundum
311 905 470 961 unitionem
485 904 612 960 divinam
624 908 760 960 naturaei
768 903 882 960 virilem
936 902 1105 973 despiciatis
1116 903 1336 974 periclitantem,
1352 904 1400 961 sed
1420 905 1562 976 adjuvetis
1582 907 1763 977 tempestati-

49 994 219 1069 signidoare
240 993 450 1063 contendentes,
467 999 495 1048 et
510 992 582 1048 banc
603 992 712 1048 lleiviri
729 991 880 1064 quamdam
936 990 991 1046 bus
1007 991 1193 1058 laborantem,
1214 994 1337 1049 scientes
1363 992 1393 1049 iu
1418 1000 1543 1065 tempore
1561 994 1762 1052 tribulationis

51 1088 196 1153 naturam,
214 1081 329 1139 sednon
344 1082 439 1138 virum
453 1080 559 1137 luctum
571 1082 660 1137 Deum
677 1080 795 1137 sibimet
809 1080 884 1136 sub-
935 1079 1129 1153 dilectionem,
1144 1096 1207 1152 qum
1221 1083 1250 1137 in
1262 1082 1374 1152 Spiritu
1393 1088 1491 1140 sancto
1510 1088 1563 1152 est,
1580 1083 1658 1140 nasci
1673 1101 1680 1138 ι
1694 1089 1724 1140 et
1734 1084 1760 1140 sl

50 1172 199 1243 indicunt,
217 1171 374 1242 praesertim
390 1184 454 1227 cum
472 1170 525 1226 boc
540 1169 698 1239 previdens
710 1169 796 1225 ctiam
819 1183 883 1226 vere
937 1168 1074 1238 possibile
1087 1176 1130 1227 est
1142 1170 1431 1244 vostranslrecitius,
1442 1172 1525 1243 quasi
1536 1171 1653 1242 aliapro
1664 1185 1760 1243 causa,

50 1261 227 1333 deiphantor
241 1259 397 1330 Dionysius
407 1272 431 1328 a,
444 1272 498 1315 nou
527 1272 611 1315 unam
635 1258 776 1314 vocaverit
797 1257 880 1329 banc,
935 1259 970 1314 ad
984 1259 1108 1315 senioris
1123 1261 1216 1315 Romae
1243 1260 1306 1331 pios
1327 1266 1355 1316 et
1368 1261 1464 1318 llrmos
1480 1266 1511 1318 ut
1533 1267 1639 1332 petram
1661 1261 1760 1333 viros,

51 1353 99 1408 sed
115 1364 190 1408 nova
205 1350 328 1422 quadam
340 1348 469 1405 deivirili
482 1346 565 1404 uobis
576 1360 641 1403 eum
653 1347 762 1403 dixerit
778 1360 883 1417 opera·
937 1346 987 1416 qui
1001 1347 1136 1403 videlicet
1157 1348 1304 1407 vobiscum
1325 1353 1435 1406 tutores
1450 1350 1541 1407 nostri
1557 1356 1624 1407 sunt
1638 1363 1761 1422 semper,

52 1443 352 1500 tiouecouversatum.
371 1437 530 1495 Ostendens
552 1435 881 1494 noualteramabaltera
936 1439 1199 1508 etpropuguatores
1218 1435 1421 1494 ferventissimi
1448 1439 1588 1507 veritatis,
1612 1438 1763 1496 obsecrare

52 1532 240 1601 disjunctam,
257 1529 305 1604 sed
318 1527 416 1584 ambas
428 1541 477 1598 per
491 1528 646 1583 alterutras
655 1525 883 1582 connaturaliter
938 1522 989 1579 bos
1001 1524 1219 1594 supplicatoriis
1232 1525 1352 1583 vocibus
1362 1531 1391 1583 et
1405 1527 1539 1598 lacrymis
1559 1541 1610 1598 pro
1626 1528 1762 1586 omnibus

51 1620 205 1690 adunatas,
220 1619 250 1675 iu
266 1631 363 1675 eorum
376 1616 541 1687 exquibus,
554 1621 582 1671 et
595 1614 624 1671 in
645 1613 753 1686 quibus
773 1619 801 1669 et
819 1627 883 1684 quae
935 1610 1119 1686 Christianis,
1134 1620 1276 1684 quatenus
1289 1617 1444 1673 mercedem
1458 1630 1474 1672 a
1491 1617 1612 1674 Domino
1633 1617 1763 1674 semian-

52 1713 121 1780 erat,
135 1707 341 1765 certitudinem
352 1704 545 1776 proferendas,
558 1709 596 1769 et,
609 1708 642 1761 ut
658 1708 674 1757 b
696 1708 811 1773 paterne
832 1703 884 1758 di-
897 1694 922 1755 B
937 1707 1004 1757 tur:
1020 1702 1154 1759 omnibus
1173 1703 1312 1761 similiter
1322 1710 1351 1761 et
1370 1704 1487 1762 sibimet
1504 1706 1613 1778 absque
1631 1708 1763 1769 novitate

53 1811 151 1854 murus
162 1811 188 1866 c,
198 1810 263 1852 cum
273 1792 598 1852 alteriuscommunlone
608 1791 879 1861 borumutrumque.
938 1804 1035 1847 recens
1048 1805 1177 1862 superea
1186 1792 1283 1850 minus
1298 1793 1397 1864 plusve
1410 1795 1651 1867 suscipientesvel
1663 1809 1765 1867 appro-

54 1889 91 1942 lta
117 1892 152 1942 ut
176 1883 326 1941 mirabiles
350 1882 465 1954 quidem
488 1881 644 1951 passiones,
667 1879 883 1949 compassibilia
937 1881 1047 1951 bantes,
1062 1880 1375 1954 praeterquaediiiinita
1391 1885 1606 1941 suntasanctls
1629 1885 1763 1942 Patribus

55 1989 129 2034 vero.
147 1972 351 2045 proculdubio
366 1971 504 2027 miracula
529 1975 738 2041 cognoscantur
754 1982 803 2038 per
826 1982 886 2024 om·
936 1983 970 2026 ac
984 1969 1112 2040 synodis,
1127 1974 1159 2025 ut
1174 1968 1241 2025 boni
1258 1970 1349 2026 studii
1360 1971 1406 2027 sui
1417 1971 1600 2028 emulatione
1612 1973 1665 2030 boe
1675 1974 1765 2029 maxi-

56 2062 416 2132 uimodamcoaptationem
428 2073 537 2129 eorum,
549 2072 611 2128 quae
621 2057 699 2113 abeo
713 2055 883 2114 naturaliter
938 2072 1014 2115 mum
1035 2073 1100 2115 cum
1114 2060 1171 2114 Deo
1185 2057 1297 2114 auxilio
1319 2059 1428 2116 directe
1450 2065 1653 2131 prosequentes
1678 2074 1761 2132 opus,

56 2160 130 2228 qesta
145 2158 226 2210 sunt.
243 2151 334 2222 Dupla
349 2148 425 2205 enim
449 2147 556 2217 omnia,
585 2151 613 2202 et
634 2158 699 2201 vera
720 2145 829 2216 omnia,
855 2149 884 2202 et
936 2162 1000 2204 cum
1017 2147 1149 2204 illissive
1164 2161 1250 2212 nunc,
1273 2148 1333 2204 sive
1355 2148 1384 2203 lu
1405 2148 1453 2205 die
1465 2149 1582 2218 judicii,
1607 2149 1761 2206 Dominum

59 2245 135 2302 unita
146 2243 246 2300 omnia
263 2240 419 2311 predicant
430 2238 459 2292 iu
473 2236 564 2306 coqui
578 2235 689 2306 duplici
709 2241 753 2291 est
767 2239 881 2306 natura,
937 2235 1058 2292 babeant
1084 2235 1252 2308 debitorem,
1272 2249 1355 2308 quem
1383 2237 1521 2294 nimirum
1547 2239 1707 2297 babuerunt
1732 2241 1762 2296 iu

58 2348 161 2406 eaquae
178 2331 337 2390 secuudum
351 2334 480 2384 naturam
494 2325 621 2381 suntllei
636 2338 779 2396 precones
793 2328 822 2379 et
836 2324 884 2379 Pa·
936 2323 1045 2382 talibus
1063 2325 1243 2397 creditorem,
1259 2340 1315 2384 non
1328 2327 1408 2384 aliud
1433 2329 1502 2400 quid
1519 2334 1622 2400 preter
1646 2344 1686 2404 se,
1713 2333 1761 2390 sed

60 2431 111 2481 tres
127 2422 232 2480 nostri.
248 2418 368 2490 Quibus,
383 2422 417 2474 ut
433 2415 544 2471 dictum
563 2419 616 2485 est,
633 2427 716 2469 suum
740 2412 884 2484 corrigere
940 2413 1032 2483 ipsum
1045 2420 1146 2484 totum,
1159 2416 1228 2472 totis
1239 2416 1321 2473 vobis
1335 2422 1421 2488 atque
1433 2415 1495 2474 illis
1506 2418 1536 2475 in
1551 2423 1672 2477 aeternas
1685 2420 1766 2478 deli·

62 2513 186 2570 uolentes
199 2522 369 2578 sermonem,
379 2506 473 2562 adbuc
481 2510 508 2560 et
520 2503 644 2561 senioris
657 2503 751 2558 Romae
762 2501 885 2572 proprie
938 2504 1038 2559 ciaset
1052 2502 1233 2561 reiectionem
1249 2505 1400 2562 donantem
1417 2523 1424 2560 :
1442 2520 1526 2577 quem
1540 2512 1569 2563 et
1588 2521 1639 2566 nos
1664 2508 1767 2566 babere

63 2601 219 2660 consentire
230 2603 312 2656 scctae
324 2600 478 2669 coegerunt
493 2591 708 2664 apocrisiarius,
732 2604 818 2646 uuam
840 2605 886 2647 su·
939 2591 1209 2648 adversusllrianos
1225 2593 1276 2665 qui
1300 2594 1508 2653 continuantur
1529 2596 1586 2668 bic,
1607 2597 1769 2668 supplicate

66 2706 107 2762 per
117 2691 204 2760 duas,
223 2689 251 2745 id
273 2692 317 2744 est
343 2692 401 2742 tres
425 2697 520 2740 secum
543 2679 716 2751 praedicandi
738 2679 767 2735 in
787 2678 885 2735 eodem
941 2680 1007 2751 beo,
1021 2679 1097 2736 beati
1116 2687 1146 2736 et
1164 2686 1267 2738 nostrae
1290 2683 1324 2738 ad
1348 2683 1437 2739 Deum
1452 2683 1636 2741 deductionis
1657 2685 1766 2760 praevii,
1826 2681 1829 2685 ’

66 2780 178 2837 lumino
208 2783 306 2835 nostro
324 2777 389 2831 lesu
410 2771 525 2828 Christo
551 2769 713 2826 voluntates
734 2772 763 2824 et
782 2780 888 2837 opera·
941 2783 1006 2825 cum
1019 2767 1111 2825 simus
1120 2770 1212 2841 egeni,
1229 2784 1376 2842 pauperes,
1391 2776 1419 2828 et
1442 2771 1554 2845 indigui
1572 2773 1646 2832 survi
1669 2775 1766 2832 vestri.

69 2870 160 2938 tiones,
174 2865 301 2924 similem
312 2862 440 2921 scientie
449 2861 650 2934 liqnogustum
659 2855 885 2928 commiscentes,

96 2975 213 3046 suntet.
226 2973 263 3030 ad
277 2971 387 3028 Caium.

96 3066 249 3123 bicorne.
263 3061 380 3118 Petrum
390 3071 468 3115 more
480 3056 540 3113 sive
553 3054 656 3112 verbis.

977 2986 991 3023 c
1004 2963 1060 3020 Leo
1072 2977 1143 3036 papa
1156 2964 1240 3036 epist.
1256 2965 1289 3023 ad
1307 2966 1482 3024 Flavianum.

101 3315 225 3379 ΤΟΜΟΣ
245 3312 285 3372 il'.
297 3313 374 3372 ΤΟΥ
394 3311 442 3371 EN
457 3303 745 3369 autumnitanus
765 3299 871 3359 llblth
900 3287 924 3350 C
943 3277 971 3338 T
971 3279 1031 3340 Osi!
1032 3279 1087 3344 tis
1101 3309 1115 3344 ι
1134 3283 1288 3344 conulem
1311 3284 1486 3346 relationem
1509 3285 1545 3348 de
1570 3286 1768 3372 dromonem,

981 3402 1047 3467 quoe
1066 3392 1146 3442 neoto
1161 3392 1229 3443 sunt
1245 3384 1325 3443 cister
1338 3383 1374 3444 S.
1399 3382 1566 3444 Maximum
1589 3396 1618 3447 et
1642 3384 1771 3448 Theodo-

981 3481 1059 3540 sium
1073 3481 1225 3562 epicopum
1240 3479 1266 3543 C
1266 3499 1367 3543 esdrae
1382 3481 1546 3564 Bithynae,
1565 3502 1614 3544 seu
1640 3484 1770 3546 eonsules

983 3580 1039 3660 qui
1050 3599 1116 3641 cum
1134 3598 1166 3640 eo
1182 3589 1278 3641 erant.

133 3404 178 3465 καὶ
193 3403 353 3481 ὁμολεγητοῦ
373 3397 503 3472 Μαξίμου.
522 3395 581 3476 περὶ
600 3397 652 3453 τῶν
672 3387 871 3470 πρανιθέντωνέν

133 3488 277 3573 τῇπράντη
298 3491 375 3548 ottob
389 3486 481 3567 ἐξοριρ,
505 3484 562 3556 ἤτοι
584 3484 611 3540 ἐν
625 3476 724 3556 Βιζθη·
749 3473 782 3534 τδ
803 3470 872 3553 παρὰ

133 3585 177 3641 τῶ
190 3576 332 3639 Θεοδοσίου
347 3571 488 3634 ἐπισκόπου
510 3569 664 3649 Καισαρείας
688 3564 814 3639 Βιθυνίας,
830 3560 872 3620 καλ

134 3663 396 3746 ὠτῶδιολεχθέντα.

134 3815 177 3880 Τό
189 3814 346 3895 κεκινημένα
359 3813 474 3896 περὶτῆς
489 3807 634 3890 ἀμώμητον
648 3809 723 3886 ἡμῶν
737 3807 788 3863 τῶν
811 3802 871 3884 Χρι-

103 3910 203 3967 στιανῶν
215 3904 337 3974 πίστεως,
353 3903 454 3974 καὶτῆς
468 3903 519 3959 τῶν
533 3898 563 3956 δι’
578 3895 690 3961 ἐναντίοις
703 3890 873 3973 παρεισάκτου

102 3993 270 4073 memmiae.
289 3989 381 4071 μεταξὺ
392 3995 437 4049 τοῦ
451 3986 518 4046 dedu
531 3983 661 4061 Μαξίμου,
678 3982 721 4040 καὶ
733 3978 873 4038 θεοδοσθον

101 4080 236 4143 madoco
254 4078 407 4161 Καισαρείας
421 4079 560 4154 ἀναγκαῖον
577 4070 716 4150 ἡγησάμην
729 4067 874 4138 κατάδηλον

100 4177 200 4244 ποιῆσαι
213 4179 292 4230 πᾶσιν
311 4173 371 4247 ὑμῖν
390 4169 443 4234 τοῖς
460 4168 485 4224 ἐν
499 4161 627 4246 ὀρθοθοζῖμ
649 4161 819 4233 διατελοῦσιν,
834 4154 874 4214 ἵνα

100 4259 275 4344 ὢιριόέστερον
288 4256 321 4317 τδ
335 4257 392 4338 περὶ
405 4253 501 4316 τούτων
520 4249 611 4312 εἰδέναι
625 4247 739 4328 ἔχοντες,
755 4244 874 4316 δοξάζητε

101 4349 194 4424 μᾶλλον
214 4347 260 4408 τὸν
274 4344 450 4429 φιλάνθρωπον
472 4341 551 4410 Θεὸν,
574 4338 619 4398 τὸν
637 4334 736 4395 διδόντα
757 4331 834 4409 λόγον
848 4335 874 4390 ἐν

100 4436 185 4506 &vastet
198 4440 246 4496 τοῦ
260 4431 390 4511 στόματος
403 4434 454 4490 τῶν
477 4425 641 4511 ροόουμξνινν
664 4419 750 4483 αὐτόν.
775 4419 875 4492 θΙήπννς

101 4523 210 4598 wodecim
225 4526 250 4582 οἱ
264 4521 349 4603 ἐχθροὶ
362 4525 408 4591 τῆς
421 4518 551 4590 ἀληθείας,
573 4513 694 4574 τάναντία
706 4507 802 4580 ταύτης
817 4508 873 4566 δια·

100 4611 259 4692 γαμίζοντες,
275 4607 445 4690 ίαταράξωσιν
459 4608 530 4683 ὑμῶν
541 4602 586 4671 τδς
599 4601 711 4684 καρδίας.

132 4700 281 4781 Τοιγαροῦν
305 4701 337 4777 τῇ
363 4698 468 4772 εἰκοστῇ
500 4695 609 4772 τεταρτῇ
641 4695 688 4748 τοῦ
723 4682 873 4763 Αὐγούστου

100 4787 174 4865 μηνός
186 4793 234 4861 τῆς
258 4788 310 4847 νυνὶ
331 4781 505 4865 παρελθούσης
527 4775 802 4861 τεσσαρεσκαιδεκάτης
817 4776 875 4832 ἐπι·

98 4876 247 4954 νεμήσεως.
276 4873 362 4946 ἐξῆλθε
388 4870 451 4954 πρὸς
477 4869 552 4930 αὐτὸν
575 4872 599 4928 ἐν
624 4860 642 4947 ᾔ
666 4861 873 4947 παρερυλάττετο

99 4961 197 5046 δορός,
225 4960 357 5022 τουτέστιν
385 4963 411 5019 δν
435 4957 540 5040 κάστρῳ
570 4954 673 5027 Bitiae,
702 4959 716 5013 θ
742 4950 874 5033 προρηθεὶς

100 5050 236 5117 δεθσκοπος
256 5047 406 5113 Θεοδόσιος.
423 5049 458 5113 ὡς
472 5037 550 5115 εἶπεν,
573 5049 599 5104 ἐν
621 5038 760 5124 προσώπου
775 5035 874 5119 Πέτρον

99 5144 141 5198 τοῦ
151 5136 282 5220 προέδρου
292 5131 585 5199 Κωνστοοντινονπολεννς
598 5129 730 5211 πεμρθείς·
746 5127 790 5188 καὶ
804 5130 873 5186 Ποῦ·

99 5225 149 5294 λος.
169 5228 218 5287 καλ
234 5224 373 5291 Θεοδόσιος
398 5227 421 5283 οἱ
434 5221 537 5293 θπατοι,
560 5225 595 5288 ὡς
609 5212 680 5281 εἶπον
693 5219 737 5278 κοιλ
758 5216 875 5276 airolis

100 5315 234 5397 προσώπου
254 5312 382 5396 βασιλέως
400 5309 565 5393 πεμφθέντες.
583 5311 635 5369 Καὶ
648 5305 792 5373 ἀνελθόντες
812 5304 875 5388 πρὸ·

101 5402 288 5487 διειρημένον
302 5400 416 5481 μοναχὸν
431 5399 559 5476 Μάξιμον,
572 5389 628 5481 ἐνῷ
639 5396 711 5478 τόπῳ
726 5390 875 5453 ἄπεκάκλει·

978 3787 1046 3857 Quae
1060 3789 1134 3842 mota
1146 3791 1214 3843 sunt
1226 3786 1261 3843 de
1275 3786 1458 3844 immaculata
1477 3792 1574 3844 nostra
1587 3787 1772 3846 christiano-

944 3889 1007 3932 rum
1017 3876 1081 3946 tide,
1097 3881 1182 3946 atque
1195 3875 1414 3933 subintroducta
1425 3877 1637 3934 contrariorum
1646 3878 1772 3936 novitme

944 3966 1020 4021 inter
1033 3964 1161 4020 abbatem
1176 3965 1329 4041 Maximum
1349 3971 1377 4022 et
1398 3966 1588 4025 Theodosium
1605 3966 1772 4040 episcopum

943 4053 1051 4109 Cesarae
1086 4053 1237 4124 Bithyniae,
1282 4055 1475 4111 necessarium
1513 4054 1583 4112 duxi
1622 4055 1772 4114 manifesta

945 4140 1037 4196 iacere
1049 4141 1184 4197 omnibus
1194 4141 1275 4198 vobis
1289 4141 1340 4213 qui
1357 4143 1387 4198 in
1400 4142 1572 4200 orthodoxia
1585 4144 1749 4202 consistitis
1763 4162 1770 4200 :

947 4235 988 4300 ut,
1002 4244 1067 4286 cum
1080 4231 1189 4287 certius
1200 4230 1236 4287 de
1249 4230 1295 4287 bis
1307 4231 1382 4287 scire
1396 4231 1452 4288 visi
1463 4229 1588 4304 inuritis,
1605 4232 1773 4305 glorificetis

947 4320 1039 4392 magis
1053 4334 1086 4376 ao
1101 4320 1193 4392 magis
1207 4324 1361 4376 amatorem
1379 4320 1528 4377 bominum
1543 4323 1630 4377 θουοι
1653 4322 1703 4394 qui
1724 4322 1774 4379 dat

947 4408 1063 4465 verbum
1080 4409 1110 4465 in
1125 4409 1272 4480 apertione
1292 4409 1354 4465 oris
1378 4409 1543 4466 timentium
1567 4423 1615 4465 se:
1631 4423 1666 4465 ne
1688 4408 1771 4482 forte,

947 4511 1025 4554 more
1037 4498 1124 4554 solito
1137 4497 1267 4554 veritatis
1276 4496 1389 4554 inimici
1398 4497 1466 4553 buic
1476 4496 1775 4555 contrariadlllaman·

909 4594 1000 4675 Dies,
1014 4585 1204 4642 cordavestra
1218 4584 1397 4642 conturbent.

983 4675 1075 4747 igitur
1090 4674 1234 4731 nonoltal.
1247 4673 1449 4746 septembrias,
1462 4689 1525 4746 quae
1537 4687 1613 4731 nuuc
1630 4680 1774 4734 transacta

947 4772 991 4823 cst
1005 4770 1114 4838 quartae
1134 4763 1252 4842 decimae
1277 4764 1457 4837 indictionis,
1484 4764 1575 4821 exivit
1598 4765 1633 4823 ad
1655 4779 1720 4824 oum
1745 4766 1775 4824 ln

948 4854 1095 4925 exsilium,
1108 4853 1206 4924 inquo
1220 4851 1333 4922 positus
1352 4853 1530 4926 servabatur,
1556 4855 1584 4910 id
1606 4860 1650 4911 est
1670 4854 1704 4912 ad
1724 4868 1777 4913 ca-

948 4950 1039 5001 strum
1062 4943 1161 5016 Blzyae,
1185 4942 1339 5014 predictus
1361 4942 1776 5018 episcopusTbeodosius,c1

950 5046 1079 5104 persona,
1092 5036 1125 5090 ut
1136 5031 1222 5103 dixit,
1234 5031 1309 5088 Petri
1318 5030 1629 5103 constantinopolitani
1645 5033 1778 5106 presulis

951 5122 1068 5190 missus,
1086 5134 1194 5178 necnon
1210 5123 1238 5176 et
1251 5119 1358 5177 Paulus
1376 5131 1410 5175 ac
1428 5119 1609 5179 'lbeodoslus
1632 5121 1774 5192 consules,

951 5217 984 5267 ut
999 5209 1068 5267 lassi
1084 5215 1161 5282 sunt,
1172 5213 1201 5266 et
1217 5209 1273 5280 ipsi
1286 5221 1320 5264 ex
1332 5221 1451 5279 persona
1467 5209 1649 5280 imperatoris
1659 5208 1777 5266 directi.

951 5300 995 5371 Et,
1010 5312 1074 5359 cun
1089 5298 1287 5356 ascendissent
1297 5298 1332 5354 ad
1346 5297 1514 5370 pradictum
1530 5297 1699 5355 monachum
1715 5297 1779 5354 lia·

953 5390 1063 5448 simum
1076 5388 1107 5446 ln
1131 5387 1224 5445 locum
1246 5387 1275 5444 in
1291 5399 1348 5458 quo
1369 5390 1500 5445 retrusus
1518 5384 1683 5459 habebatur,
1703 5382 1778 5441 sede·

129 5519 254 5576 aTomus
263 5513 335 5567 ulier
346 5509 436 5565 suncti
446 5506 537 5562 Putris
549 5505 636 5559 nostri
651 5500 766 5556 lidelmi
775 5514 807 5553 oc
816 5513 885 5552 cort·
954 5497 1044 5579 Bizye
1053 5513 1066 5580 :¹
1078 5511 1138 5564 quae
1153 5495 1252 5579 scilicet
1267 5497 1337 5550 inter
1351 5494 1526 5576 Theodosium
1540 5489 1667 5546 Cesum
1687 5487 1779 5558 ntup-

102 5590 229 5660 {eosorite
243 5586 391 5657 que—qesta
405 5583 469 5634 sunt
480 5579 605 5650 imprimo
614 5575 672 5644 ejus
685 5570 830 5644 cosilioid
843 5572 883 5626 est
956 5582 1010 5624 ιιιεν
1023 5581 1176 5639 ιμιοοομυινι
1187 5581 1329 5638 ιμνυινιουε
1337 5567 1452 5633 maurit
1464 5562 1614 5633 desputcto
1625 5559 1707 5618 stult.
