3876 6090
183 237 237 302 tlt
707 221 946 290 sncusuoentl
964 219 1182 281 casinensis
1201 224 1355 283 nonnoni
1829 220 1887 280 tte

185 378 265 431 taxat
287 368 374 427 biarci
408 368 545 436 Lucaque
575 328 813 433 evangelistarum
843 350 1004 424 preconiis,
1017 349 1046 408 Α
1059 349 1139 405 bium
1152 354 1291 422 statuens,
1306 351 1392 420 idque
1400 349 1454 407 sub
1462 352 1527 421 jure
1534 349 1609 405 beati
1624 348 1811 405 beneriictiin
1827 360 1888 417 per-

186 463 237 535 qui
256 458 374 516 auditus
393 454 490 526 potius
511 465 595 523 quam
616 449 697 505 risus
719 444 870 516 Evangelia
892 438 1005 497 deseri·
1060 446 1176 509 petuum
1192 440 1312 494 tradidit
1326 441 1555 508 permanendum.
1572 439 1646 495 Patri
1660 439 1747 494 etiam
1759 436 1844 538 modo
1856 437 1884 535 in

184 550 312 622 pserunt,
1059 528 1207 585 territorio
1225 527 1338 583 tilliano
1355 523 1379 569 ¹¹
1390 529 1448 583 Deo
1462 528 1580 583 amabili
1602 529 1666 584 viro
1684 527 1840 582 ecclesiam
1857 538 1886 580 ru

217 634 244 691 9.
261 634 269 677 ¹
286 633 378 705 igitur
399 633 480 699 capta
491 641 524 683 ao
539 625 690 695 subjugata
708 620 791 677 Carlo
815 617 899 674 ltalia
923 611 1017 690 (77¹),
1062 617 1195 671 honorem
1211 615 1325 670 Domini
1340 616 1495 672 salvatoris
1509 616 1681 685 construxit,
1696 619 1725 671 et
1739 618 1886 670 monaste-

184 724 319 795 Pipinum
334 720 426 776 filium
440 731 524 773 suum
540 710 637 770 illuct
654 724 745 783 regem
755 706 916 776 constituit,
931 716 1007 759 cum·
1060 704 1135 759 rium
1150 704 1309 774 puellarum
1326 705 1464 775 instituit,
1481 711 1567 775 atque
1581 704 1687 760 ditioni
1705 702 1883 758 sanctissimi

185 826 240 884 que
260 811 311 866 illo
326 809 450 879 stipatus
470 801 675 861 innumerabili
696 797 873 854 exercituum
893 791 1007 863 agmine
1058 792 1202 849 vincentii
1220 793 1353 863 martyris
1367 793 1506 849 subdidit.

183 899 315 957 crebrius
330 898 517 953 beneventum
531 892 606 948 adiit
620 886 830 959 capessendam.
848 877 930 953 (¹8¹.)
944 880 1005 948 Quo
1095 878 1120 936 i.
1146 880 1285 937 Defuncto
1314 882 1419 937 debinc
1451 882 1596 951 dricbiso,
1630 881 1757 937 consilio
1786 879 1883 937 habito

183 995 309 1058 tempore
321 984 446 1051 Aricbis,
460 981 609 1054 generiam
627 977 677 1032 lati
690 973 843 1042 Desiderii,
858 963 904 1024 vir
916 966 1005 1022 Chri·
1060 969 1318 1027 beneventanorum
1348 976 1492 1042 magnates
1520 971 1543 1015 ¹¹
1567 971 1673 1042 legatos
1700 969 1735 1024 ad
1766 968 1881 1025 Karlum

184 1075 382 1134 stianisslmus
394 1077 423 1127 et
436 1069 517 1125 valde
532 1066 658 1123 illustris
669 1069 755 1134 atque
770 1062 800 1116 in
817 1058 901 1115 rebus
916 1053 1005 1110 belli·
1059 1058 1240 1114 destinarunt
1255 1059 1355 1115 multis
1370 1073 1433 1116 eum
1447 1060 1608 1132 flagitantes
1622 1057 1767 1130 precibus,
1783 1064 1816 1113 ut
1827 1059 1881 1128 jam

184 1164 228 1221 cis
248 1159 478 1227 strenuissimus,
506 1156 693 1211 Beneventum
719 1149 855 1206 ducatum
880 1142 1002 1215 regebat.
1059 1144 1149 1204 iatum
1171 1148 1367 1204 Grimoaldum
1384 1162 1497 1220 quemn
1517 1149 1646 1220 genitore
1670 1147 1804 1204 obsidem
1827 1147 1881 1216 jam

183 1251 238 1321 Qui
252 1235 373 1306 audiens
381 1260 430 1302 eos
440 1256 526 1314 super
537 1240 738 1309 seadventare,
754 1232 915 1304 Neapolitis
928 1230 1005 1300 quia
1061 1236 1170 1305 pridem
1186 1235 1210 1280 ¹¹
1225 1241 1389 1307 susceperat
1403 1237 1459 1293 sibi
1477 1251 1596 1308 praeesse
1611 1237 1768 1294 concedere
1780 1235 1882 1308 digna-

184 1334 378 1409 Langobardis
392 1331 507 1388 diutina
526 1326 711 1399 oppressione
730 1321 842 1394 fatigati
858 1321 939 1375 erant
951 1330 1007 1387 pa-
1060 1329 1148 1379 retur.
1164 1324 1291 1393 Quorum
1307 1325 1498 1395 petitionibus
1511 1339 1561 1382 rex
1573 1338 1704 1382 annuens
1717 1324 1784 1379 illic
1798 1322 1885 1379 conti-

182 1439 243 1482 cem
264 1422 361 1488 cessit,
383 1421 482 1491 eisque
500 1417 595 1473 diaria
607 1426 622 1457 a
634 1415 663 1470 iu
684 1408 826 1469 liburia3
840 1406 855 1449 ¹³
870 1414 898 1465 et
911 1404 1006 1462 041114-
1060 1413 1294 1482 nuopraedictum
1306 1414 1543 1486 contulitvirum,
1555 1413 1702 1484 simulque
1710 1411 1883 1486 jusregendi

183 1513 257 1570 terio
270 1523 283 1553 ⁰
298 1524 349 1582 per
360 1509 470 1566 incolas
486 1502 619 1562 sancita¹
632 1501 818 1572 dispensione
837 1494 1005 1553 misericor-
1061 1500 1241 1571 principatus
1255 1502 1378 1574 largitus
1393 1507 1445 1574 est,
1462 1508 1505 1560 set
1521 1503 1604 1574 prius
1620 1516 1685 1559 eum
1706 1504 1883 1558 sacramento

182 1602 239 1658 diae
253 1600 316 1656 vice
328 1596 491 1665 distribuit,
507 1592 646 1655 titubans,
664 1594 696 1647 ut
710 1588 804 1646 conici
820 1586 903 1654 valet,
920 1597 954 1639 ne
969 1581 1004 1637 ab
1060 1588 1225 1659 hujusmodi
1243 1590 1346 1662 vinxit,
1363 1596 1395 1647 ut
1411 1590 1660 1663 Langobardorum
1683 1593 1812 1646 mentum
1827 1592 1884 1644 tou·

183 1702 281 1746 eorum
296 1685 433 1743 versutiis
445 1682 545 1740 Franci
560 1681 671 1736 aditum
688 1675 854 1735 introeundi
868 1676 1004 1728 Beneven·
1020 1660 1121 1733 Bdepi
1142 1677 1255 1748 faceret,
1277 1684 1370 1735 cartas
1391 1693 1456 1735 rep-0
1478 1693 1665 1750 nummosque
1687 1679 1735 1735 gui
1760 1676 1883 1734 nominis

182 1782 244 1834 tutu
268 1773 454 1846 repperirent.
475 1766 558 1842 (784)
580 1769 672 1838 Sulci
693 1768 881 1822 Beneventum
905 1763 1002 1816 ³¹¹8OE
1060 1766 1274 1823 characteribus
1284 1766 1460 1838 superscribi
1473 1766 1706 1837 semperJ'uberet
1717 1765 1752 1820 ¹¹.
1765 1765 1882 1834 accepta

184 1864 295 1921 Gallico
320 1861 448 1919 exercitu
471 1857 652 1930 perveniente
675 1855 686 1898 ¹
711 1852 866 1924 praedictus
888 1847 1006 1905 Arichis
1060 1853 1882 1925 deniqueliceatiarepedandiabeneventicivibnsmagno

184 1949 410 2020 viribusquibus
417 1946 509 2022 valqit
517 1943 729 2016 primoiortiter
737 1939 855 2010 restitit,
864 1940 1006 2008 postremo
1062 1954 1126 1996 cum
1142 1941 1247 2012 gaudio
1261 1948 1397 2013 exceptus
1415 1948 1466 1998 est.
1484 1944 1515 1997 ln
1530 1943 1598 1998 suos
1609 1940 1634 1984 ¹⁸
1645 1953 1751 1996 aureos
1765 1941 1881 2009 ejusque

185 2044 290 2109 auum,
311 2037 416 2093 aeriter
440 2033 638 2105 praeliantibus
657 2031 791 2089 universa
807 2028 841 2083 ad
857 2027 949 2081 instar
961 2023 1008 2078 lo-
1063 2028 1178 2084 nomine
1197 2029 1370 2099 aliquandiu
1392 2029 1510 2102 tigurari
1535 2028 1654 2099 placuit,
1678 2027 1801 2083 schedas
1821 2038 1881 2081 rero

186 2131 333 2184 ousiarum
349 2125 445 2181 radice
458 2128 541 2179 tenus
558 2119 786 2188 corrodentibus,
800 2114 891 2187 magis
900 2112 1007 2169 civium
1063 2115 1200 2172 similiter
1218 2117 1367 2188 aliquanto
1384 2118 1473 2187 jussit
1492 2116 1603 2173 exarari
1623 2122 1762 2188 tempore,
1777 2114 1883 2186 reliqua

187 2215 274 2272 saluti
291 2226 375 2285 quam
397 2212 552 2268 liberorum
566 2209 716 2265 affectibus
735 2205 900 2275 consulens,
915 2200 1009 2273 gemi—
1064 2209 1158 2260 autem
1169 2206 1705 2275 pronichiloduvitobservandazmox
1716 2204 1883 2261 rebellionis

185 2301 263 2359 nas¹¹
277 2300 389 2358 soboles
405 2299 467 2356 vice
486 2297 613 2370 pigneris
630 2298 688 2367 jam
708 2295 785 2351 dicto
804 2291 926 2349 tradidit
946 2289 1009 2344 Cro-
1061 2293 1191 2364 jurgium
1210 2293 1346 2349 initiavit,

188 2392 258 2463 sari,
274 2386 328 2447 hoc
341 2395 384 2445 est
395 2387 591 2443 Grimoaldum
611 2391 640 2441 et
654 2384 844 2451 ddelcbisam,
864 2377 1009 2447 simulque
1035 2428 1047 2447 ,
1098 2380 1125 2437 5.
1145 2382 1201 2438 llac
1223 2383 1308 2438 etiam
1331 2386 1495 2452 tempestate
1517 2381 1592 2437 idem
1610 2381 1754 2438 Grimoalt
1777 2384 1883 2451 neptem

188 2484 324 2536 cunctum
352 2477 519 2532 thesaurum
545 2487 629 2529 suum
646 2487 702 2543 ,ex
728 2470 835 2542 quibus
857 2464 1009 2523 ridelcbisa
1062 2470 1185 2541 Augusti
1196 2470 1884 2542 Acptmrumropn00njugrumsumpsqgn0mpqe

189 2565 280 2621 multa
301 2577 365 2619 cum
385 2575 466 2632 prece
488 2560 604 2630 proprio
624 2559 757 2615 restituta
780 2571 832 2614 suo
850 2558 859 2597 ¹
874 2556 1008 2628 genitori,
1065 2559 1207 2614 Wautiam
1223 2578 1230 2629 3
1244 2564 1287 2615 set
1300 2561 1437 2630 nescitur,
1464 2574 1547 2630 quam
1569 2560 1604 2615 ob
1624 2573 1682 2614 rem
1702 2560 1737 2615 ad
1763 2557 1883 2615 fructum

188 2650 384 2708 Grimoaldum
403 2662 467 2704 vero
489 2661 584 2703 secum
607 2660 733 2703 remeans
752 2645 856 2704 detulit
871 2643 1008 2726 squiri,
1065 2646 1183 2701 minime
1206 2648 1342 2716 pervenit.
1363 2651 1395 2703 lu
1420 2653 1531 2704 tantum
1555 2649 1631 2704 enirn
1651 2647 1752 2704 odium
1778 2647 1885 2718 primus

190 2739 294 2797 collata
308 2736 423 2793 Aricbis
438 2749 506 2806 pace
520 2735 574 2791 sub
589 2734 693 2791 ioedere
709 2738 865 2806 pensionis.
1064 2748 1162 2790 eorum
1183 2735 1284 2792 avidus
1305 2737 1438 2806 prorupit
1459 2751 1548 2809 amer,
1570 2742 1602 2792 ut
1621 2741 1715 2792 sumta
1741 2736 1885 2792 occasione

225 2826 253 2885 3.
264 2830 390 2883 Nanctus
405 2826 502 2895 itaque
516 2824 588 2879 banc
603 2825 789 2897 occasionem,
806 2834 843 2900 et,
861 2835 892 2886 ut
907 2832 946 2888 ita
960 2833 1012 2889 di·
1066 2824 1237 2881 Francorum
1256 2825 1481 2896 circumquaque
1503 2840 1533 2881 se
1553 2825 1793 2897 repugnancium,
1814 2837 1885 2881 more

191 2931 263 2986 gam,
280 2916 451 2970 Francorum
472 2911 591 2968 orfitus
606 2917 683 2969 mesu
695 2911 708 2956 o
722 2955 729 2985 ‚
744 2914 819 2971 moer
833 2919 1012 2977 Luoenramu
1066 2911 1202 2968 liebreieo
1223 2919 1323 2983 sponte
1337 2927 1398 2969 earn
1418 2927 1435 2969 a
1456 2927 1485 2969 se
1504 2918 1695 2984 sequestraret
1708 2931 1716 2984 3
1729 2913 1797 2968 dato
1816 2913 1842 2968 ei
1857 2911 1886 2966 li·

190 3011 220 3061 et
232 3003 404 3059 Nuceriam⁰
415 3000 513 3057 urbem
527 3000 751 3058 munitissimam
763 3008 792 3059 et
807 3007 966 3074 praecisam
981 3010 1012 3066 in
1025 2980 1050 3047 G
1065 2999 1140 3057 btll⁰
1161 3002 1287 3075 repudii,
1303 3003 1337 3058 ³¹¹
1357 3003 1489 3073 1¹¹0l¹¹¹⁰s
1506 3002 1580 3058 lifes
1593 3016 1654 3058 ¹¹¹¹
1673 3002 1700 3058 ¹¹
1721 3002 1882 3059 ¹¹¹¹¹⁵¹0¹¹¹

192 3093 306 3148 modum
320 3088 460 3147 tutissimi
473 3089 560 3146 castri
575 3089 648 3144 idem
661 3088 776 3147 arichis
791 3106 874 3162 opere
890 3096 1012 3155 mirilico
1065 3090 1123 3145 ¹¹0⁰
1140 3090 1255 3161 cuidem
1276 3090 1381 3147 callide
1398 3091 1466 3147 licet
1484 3092 1584 3163 egerit,
1606 3090 1775 3146 efferitatem
1795 3097 1885 3146 umen

191 3179 334 3236 exstruxit
354 3178 385 3250 ¹.,
399 3192 454 3248 que
466 3175 490 3220 ¹⁰
504 3182 619 3247 propter
642 3191 718 3234 mare
737 3182 914 3255 contiguum,
936 3187 1011 3255 quod
1066 3180 1295 3248 supradictarum
1312 3179 1498 3236 barbararum
1513 3179 1641 3252 gentium
1657 3181 1756 3235 sedare
1771 3180 1886 3234 minime

191 3269 284 3325 salum
296 3266 466 3338 appellatur,
477 3270 505 3321 et
517 3266 553 3321 ob
564 3265 656 3322 rivum
668 3267 717 3336 qui
733 3269 842 3325 dicitur
857 3272 1000 3330 Lirinuse
1067 3267 1177 3337 quivit,
1188 3281 1250 3323 nam
1260 3269 1377 3324 tellures
1385 3270 1564 3326 Teatensium
1573 3275 1600 3325 et
1609 3267 1887 3325 urbesadominio¹¹

190 3369 227 3411 ex
239 3355 354 3416 dnobus
368 3356 555 3424 corruptum·
567 3353 715 3411 vocabulis
728 3356 876 3414 Salernum
890 3362 1015 3431 appella·
1066 3355 1326 3413 Beneventanorum
1343 3362 1410 3413 tunc
1423 3358 1575 3414 subtractae
1590 3364 1659 3415 suut
1671 3371 1763 3428 usque
1777 3358 1808 3413 iu
1824 3373 1888 3428 pra·

191 3451 241 3501 tur
255 3442 289 3514 ¹¹,
299 3450 372 3500 esset
381 3443 494 3500 scilicet
506 3442 636 3498 iuturum
648 3445 815 3513 presidium
829 3449 1013 3520 principibus
1067 3459 1142 3515 sens,
1163 3459 1214 3502 uec
1233 3460 1289 3502 uon
1306 3453 1334 3502 et
1351 3447 1479 3503 Nuceriae
1498 3447 1568 3503 urbs
1586 3452 1655 3503 tunc
1675 3453 1757 3517 capta
1773 3453 1828 3519 est,
1848 3453 1888 3503 set

192 3533 447 3603 superadventante
465 3531 593 3586 exercitu
615 3532 812 3588 Beneventum.
833 3535 894 3603 [llic
906 3535 931 3579 ¹¹
942 3537 1013 3594 ilri-
1067 3534 1198 3591 celeriter
1209 3549 1225 3590 a
1238 3535 1295 3591 lato
1310 3536 1475 3593 Grimoaldo
1490 3536 1633 3607 acquisita
1645 3543 1689 3592 est
1699 3534 1782 3609 (802),
1793 3549 1889 3608 appre

189 3620 254 3677 obis
266 3621 378 3691 primus
390 3618 538 3674 Beneventi
552 3619 710 3688 principem
721 3633 751 3675 se
760 3622 899 3691 appellari
911 3626 1010 3698 jussit,
1068 3624 1155 3679 beuso
1172 3624 1202 3679 in
1214 3639 1246 3680 ea
1258 3625 1431 3682 Guinicniso
1445 3627 1518 3681 duce
1531 3625 1738 3695 Spolitensium
1754 3640 1822 3682 cum
1834 3639 1888 3682 om·

190 3722 255 3765 eum
269 3721 360 3778 usque
374 3706 409 3762 ad
426 3706 513 3761 istum
528 3705 578 3775 qui
594 3706 751 3763 Benevento
767 3709 940 3778 praeiueraut
953 3715 1012 3771 du·
1067 3713 1154 3769 nibus
1169 3713 1357 3771 bellatoribus
1373 3714 1447 3770 inibi
1464 3715 1592 3785 repertis.

189 3795 459 3865 cesappellarentnr
471 3811 479 3863 3
490 3806 556 3848 nam
568 3798 596 3848 et
605 3793 641 3848 ab
651 3794 795 3865 episcopis
806 3800 875 3871 ungi
888 3815 919 3856 se
932 3801 1009 3876 iecit,
1101 3801 1126 3857 6.
1144 3803 1316 3874 Frequenter
1330 3809 1424 3859 autem
1444 3805 1548 3860 llarlus
1564 3818 1629 3860 oum
1644 3805 1760 3861 cunctis
1777 3804 1886 3874 liberis,

188 3889 218 3939 et
227 3895 360 3939 coronam
370 3880 427 3936 sibi
441 3881 589 3950 imposuit,
603 3885 688 3952 atque
701 3882 731 3938 in
742 3884 804 3940 suis
818 3889 907 3946 cartis
918 3908 924 3944 :
937 3895 1011 3946 scri-
1067 3904 1138 3962 quos
1151 3892 1209 3962 jam
1224 3906 1303 3964 reges
1316 3893 1515 3964 constituerat,
1528 3899 1632 3950 etcum
1649 3893 1792 3950 immenso
1806 3893 1890 3950 bella·

184 3973 265 4040 ptum
279 3970 311 4022 in
324 3969 507 4022 remotissimo
522 3973 614 4022 nostro
632 3971 750 4043 palatio,
768 3974 798 4029 in
814 3975 897 4033 tinem
920 3980 1009 4035 scribi
1065 3984 1160 4034 torum
1174 3981 1287 4051 agmine
1301 3982 1488 4038 Beneventum
1505 3983 1689 4053 praeliaturus
1701 3983 1886 4056 aggreditur,

189 4053 344 4130 praecepit]
367 4054 443 4111 inira
462 4056 611 4111 Beneventi
631 4064 725 4115 autem
749 4065 853 4121 moenia
870 4068 1009 4137 templum
1065 4073 1117 4136 set,
1132 4070 1189 4125 Deo
1201 4070 1361 4125 decertante
1375 4084 1426 4140 pro
1440 4070 1532 4141 uobis,
1545 4072 1599 4127 sub
1614 4072 1699 4141 cujus
1709 4071 1806 4128 adbuc
1820 4071 1889 4143 regi·

186 4144 308 4200 Domino
318 4143 569 4214 opulentissimum
579 4158 611 4201 ac
622 4146 855 4208 decentissimum
866 4155 1006 4227 condidit,
1064 4157 1141 4212 mine
1153 4156 1327 4229 fovebamur,
1344 4159 1606 4215 innumerabilibus
1618 4160 1653 4215 de
1663 4161 1728 4216 suis
1740 4167 1819 4230 peste
1832 4174 1890 4231 per·

187 4233 262 4302 quod
275 4233 372 4289 Graeco
382 4231 520 4289 vocabulo
531 4232 623 4305 agian
637 4234 774 4306 Sophian,
788 4238 816 4294 id
827 4245 870 4295 est
880 4251 1005 4299 sanctam
1062 4244 1145 4316 ditis,
1160 4259 1223 4302 cum
1238 4246 1338 4316 paucis
1352 4259 1557 4318 nonnunquam
1574 4247 1719 4320 inglorius
1734 4248 1890 4305 reverteba-

185 4319 366 4391 sapientiam,
397 4320 557 4377 nominavit
579 4337 586 4392 ;
606 4322 788 4394 ditatumque
815 4306 1047 4399 amplissimisD
1064 4338 1119 4390 tur.
1138 4333 1216 4390 Unde
1231 4334 1336 4390 iactum
1352 4341 1405 4408 est,
1423 4343 1455 4392 ut
1469 4337 1572 4406 Pipino
1592 4343 1728 4410 regnante
1744 4338 1775 4393 ia
1788 4337 1888 4393 Ticino

182 4407 300 4478 lilaedfis
317 4414 346 4464 ¹¹
359 4409 448 4466 taliis
468 4409 573 4479 Opibus
592 4410 856 4470 ⁵¹ss⁰¹¹m⁰ni³¹ium
869 4417 894 4460 ¹¹
906 4432 1006 4478 coeno-
1062 4429 1090 4480 et
1103 4423 1269 4480 Grimoaldo
1292 4425 1462 4495 presidente
1480 4425 1509 4481 iu
1526 4427 1693 4495 Benevento,
1716 4425 1888 4499 frequentis

871 4540 986 4600 VARIAE
1005 4547 1200 4604 LECTIONES.

197 4699 203 4712 ⁹
219 4631 229 4674 ¹
244 4633 364 4712 cupitum
378 4629 538 4712 diuisionem
553 4628 643 4711 Godeoe
656 4635 719 4712 onte
733 4640 816 4718 ceput
830 4633 864 4692 ll
878 4639 954 4695 houd
968 4647 1101 4710 agnoscit.
1144 4645 1157 4687 ¹
1171 4648 1216 4701 lto
1230 4651 1278 4701 out
1294 4646 1355 4703 illis
1372 4645 1396 4702 4.
1414 4648 1512 4704 babae
1527 4650 1636 4705 uidetur
1650 4669 1659 4716 ς
1676 4650 1741 4707 illic
1754 4649 1782 4708 2.
1827 4652 1840 4696 ¹
1854 4651 1887 4708 ll·

182 4698 803 4823 liguriae.percunctanterlrgurrascrrbu.
847 4707 1073 4771 ¹sancita::o.
1118 4715 1130 4758 ¹
1162 4717 1235 4771 deest
1253 4715 1278 4772 4.
1299 4734 1384 4772 mona
1402 4717 1428 4774 2.
1473 4721 1539 4776 cero
1558 4720 1575 4777 4
1594 4719 1629 4791 (4.
1652 4719 1884 4796 ii);geminac·

179 4768 330 4852 leugae.
360 4767 458 4860 ulti..
488 4768 640 4840 8uquoe.
684 4771 849 4859 ¹met::c.
895 4782 918 4824 ¹¹
932 4783 1159 4857 dalemipsisse
1178 4788 1446 4854 oidrtwmunivit
1459 4796 1487 4847 et
1506 4806 1579 4848 nova
1598 4791 1708 4848 fabrica
1731 4795 1883 4865 reparavit,

181 4838 392 4952 praeorrrtasb.
470 4847 584 4922 corruet
599 4860 616 4898 z:
634 4860 656 4898 c.
702 4843 725 4889 ¹¹
740 4851 781 4902 rto
796 4844 808 4931 4
826 4849 859 4920 i,
874 4854 1060 4930 appellatum,
1079 4872 1163 4929 quam
1177 4859 1321 4915 civitatem
1338 4860 1381 4915 sic
1393 4861 1467 4917 idem
1480 4868 1613 4933 princeps
1627 4862 1797 4920 l'ortidcavit
1811 4873 1842 4922 ut
1857 4864 1882 4920 i.

181 4912 191 4953 ¹
223 4911 276 4992 llic
292 4926 378 4995 usque
396 4917 531 4994 praecepit
549 4929 583 4967 ec
603 4911 628 4996 4.
653 4912 676 4985 (4
684 4913 731 4986 .9.,
752 4934 800 5001 qut
819 4936 850 4974 ea
869 4939 902 4977 ec
918 4927 1048 4983 Heredem
1068 4935 1124 4982 erto
1144 4931 1250 4994 laudat,
1271 4931 1409 4992 adsumto,
1425 4935 1456 4986 in
1477 4936 1566 4989 codice
1585 4935 1692 4989 dsunt.
1739 4937 1764 4980 1¹
1778 4941 1819 4991 itu
1835 4935 1883 5003 4.;

180 4981 416 5038 sanctimoniale.
456 4981 481 5025 ¹¹
494 4986 534 5037 rto
546 4987 868 5055 restrtuendumurdetur,
883 4996 1010 5063 predicto
1024 4945 1119 5055 asiano
1133 4998 1159 5055 9.
1172 5001 1308 5070 aliphano
1320 5000 1345 5058 ὅ.
1388 5003 1621 5077 timagnantesc.
1663 5005 1688 5050 ¹¹
1703 5009 1883 5065 itucorroart:

178 5052 273 5166 pnridie
283 5069 306 5106 o.
346 5053 370 5097 ¹¹
381 5053 499 5165 jubeaeret·
507 5067 604 5111 muros
618 5055 727 5139 Salerni
743 5059 919 5120 Acheruntia
933 5071 961 5122 et
972 5069 1083 5126 Consiua
1096 5070 1228 5128 funditus
1240 5077 1386 5129 everteret.
1402 5074 1533 5147 Accepta.
1549 5078 1611 5133 edd.
1629 5093 1663 5132 ear
1674 5074 1702 5134 3.
1749 5078 1775 5122 18
1788 5093 1843 5136 suo
1858 5096 1881 5134 c.

219 5136 365 5179 acriorum
379 5140 401 5178 c.
459 5124 528 5178 ¹¹rta
547 5124 574 5182 2.
596 5127 723 5184 domrms
741 5127 782 5184 l‘t

980 5211 1083 5268 NOTAE

214 5273 402 5330 ¹Pensiones.
1093 5294 1232 5350 ⁰llorere.

213 5341 370 5408 burcardo,
390 5349 464 5398 turo
482 5345 512 5399 di
530 5346 644 5402 bermo.
1096 5362 1246 5446 curionis
1270 5366 1418 5426 Salernum
1440 5370 1498 5440 lam
1523 5377 1589 5428 ante
1609 5372 1765 5429 adventum
1790 5372 1883 5430 Caroli

212 5415 466 5544 iiiiiablimi·
1057 5436 1480 5568 lllliiaiblilaiais·
1497 5439 1522 5515 ⁴²
1538 5441 1599 5499 ⁴⁴⁸·
1615 5440 1675 5516 ⁴⁶⁸²
1695 5442 1755 5501 ⁴⁶⁹·
