3876 6090
51 238 107 297 497
259 247 536 308 mrnnrnnnnnlo
554 249 678 310 Sinoni
696 256 744 311 vll
761 255 853 312 GENE
859 254 968 313 RALIS.
984 287 1021 297 -
1038 255 1215 315 ACTIOMJM
1234 260 1422 315 INDlCULUbl
1441 258 1560 317 BREVE.
1707 256 1758 317 ⁴98

50 366 232 470 lmpngmm„
247 371 322 446 Ergo
338 372 462 448 regulas,
478 379 650 448 quasGraeci
661 384 763 436 asexta
776 379 883 449 synodo
895 382 925 442 A
936 383 1095 438 Pnusenim
1112 397 1175 439 cum
1192 382 1265 438 nulli
1281 383 1320 438 sit
1335 383 1377 438 las
1391 397 1407 439 a
1422 397 1474 439 suo
1489 383 1581 452 capite
1595 381 1756 439 discidendi

53 457 207 560 perbibent
219 461 323 562 editas,
339 465 379 521 ita
393 466 423 522 in
434 467 486 523 hac
500 469 607 538 synodo
621 469 790 540 principalis
803 469 883 525 sedes
938 466 1136 546 [discedendi],
1151 485 1202 527 nec
1213 472 1287 542 quod
1301 477 1420 531 restmm
1431 471 1536 528 viderit
1548 477 1643 527 mucre
1652 472 1755 543 sedem,

52 545 193 650 admittat,
208 565 239 606 ιιι
255 552 425 611 nullatenus
436 570 470 611 ex
487 555 535 612 bis
548 556 604 613 illae
620 558 805 629 recipiantur,
820 571 883 629 quae
937 575 1000 630 quae
1012 562 1141 617 omnium
1158 567 1201 617 est
1214 562 1360 634 magistra,
1380 561 1580 631 quoquomodo
1593 559 1755 630 respuendi.

51 637 204 737 prioribus
226 642 391 700 canonibus
411 645 455 701 vel
476 647 599 702 decretis
619 653 783 705 sanctorum
805 649 882 705 sedis
936 648 1089 718 Quaenim
1102 650 1406 721 supervenerabilium
1422 650 1578 721 imaginum
1594 648 1759 704 adoratione

53 723 143 825 buyus
168 729 350 804 pontilicum,
375 739 427 790 aut
449 740 525 791 certe
548 735 632 792 bonis
656 736 784 793 moribus
808 737 883 793 inve-
937 752 1060 806 prensens
1077 741 1205 810 synodus
1220 739 1311 810 docet,
1328 740 1385 794 baec
1400 744 1426 794 et
1443 738 1599 811 apostolica
1617 738 1697 794 sedes
1708 751 1760 793 ve-

53 819 179 871 nruntnr
195 819 341 876 adversae:
361 823 492 893 quamvis
508 838 605 881 omnes
619 826 756 882 hactenus
771 840 805 882 ex
823 830 881 882 toto
936 829 1005 898 stra,
1014 827 1545 897 sicutnonnullaconscriptainnuunt,
1553 826 1761 896 antiquituste

54 908 191 959 maneant
202 907 278 976 apud
293 910 411 967 Latinos
424 910 585 986 incognitae,
600 915 669 984 quia
682 928 732 970 nec
746 915 882 984 interpre
937 915 1010 984 nuit,
1022 921 1051 970 et
1067 915 1239 971 universalis
1255 916 1381 972 Ecclesia
1399 929 1508 985 semper
1525 919 1656 970 venerata
1669 920 1720 984 est,
1733 919 1760 970 et

52 994 138 1090 tatae3
153 993 205 1049 sed
219 1008 270 1052 nec
284 996 314 1052 in
328 1003 493 1056 ceterarum
508 1002 744 1072 patriarchalium
757 1003 879 1074 sodium,
937 1003 1075 1060 hactenus
1103 1011 1254 1062 veneratur
1270 1024 1275 1059 :
1295 1005 1467 1076 quibusdam
1493 1004 1633 1060 duntaxat
1659 1003 1761 1060 Gallo-

52 1078 124 1180 11111
141 1080 243 1138 Graeca
264 1090 386 1143 utantur
404 1088 514 1161 lingua,
536 1091 717 1161 reperiantur
734 1091 878 1147 archivis:
937 1105 1000 1146 rum
1012 1095 1149 1164 exceptis,
1163 1094 1270 1164 quibus
1285 1095 1385 1164 utique
1397 1094 1524 1150 nondum
1538 1097 1581 1149 est
1593 1093 1694 1148 harum
1706 1091 1761 1148 uti·

52 1181 196 1226 nimirum
210 1171 280 1242 quia
293 1174 373 1231 nulla
385 1189 482 1233 earnm
496 1191 560 1233 cum
577 1179 739 1251 ederentur,
757 1185 808 1234 aut
821 1193 883 1249 pro·
937 1177 1004 1235 litas
1016 1181 1147 1237 revelata.
1160 1182 1251 1237 Aiunt
1264 1197 1386 1252 namque
1397 1181 1470 1252 quod
1488 1196 1544 1237 non
1560 1181 1599 1237 sit
1614 1180 1762 1251 quodlibet

53 1257 200 1330 nauigans,
220 1265 272 1317 aut
293 1265 485 1338 consentiens,
506 1267 673 1323 autsaltem
699 1282 822 1337 praesens
841 1268 882 1322 iu·
936 1281 1009 1337 opus
1023 1283 1157 1327 manuum
1176 1271 1324 1327 hominum
1340 1270 1515 1327 adorandum
1531 1271 1633 1341 ,qnasi
1648 1284 1704 1326 non
1721 1269 1761 1325 sit

50 1352 137 1401 tenta
149 1352 204 1418 est,
226 1363 390 1422 quanquam
400 1355 513 1410 eosdem
527 1357 624 1412 Patres
637 1356 703 1412 illas
717 1356 807 1413 Graeci
820 1368 882 1425 pro·
936 1357 1022 1412 codex
1036 1359 1254 1429 Evangeliorum
1271 1374 1344 1430 opus
1357 1373 1492 1415 manuum
1505 1359 1663 1431 hominum,
1675 1371 1760 1429 quem

51 1434 199 1535 mulgasse
221 1440 399 1514 perhibeant,
418 1444 468 1514 qui
489 1445 518 1499 in
538 1450 617 1503 sexta
634 1444 882 1517 synodosuntin-
936 1446 1067 1517 quotidie
1098 1447 1260 1503 osculantes
1290 1447 1434 1519 adorant,
1455 1447 1650 1503 venerabilior
1679 1459 1758 1514 cane,

49 1530 130 1578 senti
143 1543 150 1578 :
163 1525 213 1581 sed
225 1526 279 1584 boe
291 1529 381 1586 nullis
392 1528 608 1600 probarecertis
620 1539 739 1604 possunt
750 1532 878 1588 indiciis.
936 1549 1019 1607 quem
1031 1549 1087 1591 non
1098 1549 1160 1591 esse
1170 1550 1243 1606 opus
1257 1550 1392 1593 mannum
1406 1537 1555 1592 hominum
1570 1533 1760 1605 proculdubio

51 1611 229 1715 1119ῡὶ11116,
254 1616 487 1689 quoirequenter
508 1622 697 1678 universalem
721 1620 882 1677 oecumenl-
936 1640 993 1681 non
1018 1624 1172 1697 negabunt.
1199 1625 1341 1681 Similiter
1364 1631 1392 1681 ct
1412 1624 1502 1681 torma
1526 1627 1629 1680 sanctae
1652 1622 1759 1692 crucis,

49 1717 116 1804 cum
135 1717 165 1759 an
181 1703 235 1760 hac
249 1706 356 1776 synodo
368 1708 459 1764 Greci
473 1710 665 1779 patriarcham
679 1724 762 1766 suum
777 1710 881 1765 1111011-
894 1714 921 1775 B
937 1727 1021 1785 quam
1032 1729 1062 1770 se
1072 1713 1190 1770 adorare
1206 1728 1304 1770 omnes
1321 1715 1428 1786 ubique
1441 1715 1603 1770 Christiani
1617 1712 1758 1770 latemur:

53 1796 202 1892 innianter
220 1793 375 1866 appeliant,
398 1798 575 1866 apostolatus
603 1804 695 1855 vester
717 1797 880 1854 adulationi
938 1802 967 1858 in
982 1803 1378 1873 quovruunetcolsuenre
1392 1803 1589 1874 linenqlnsr
1603 1802 1762 1875 quamlibet

51 1892 164 1980 iem
184 1882 242 1952 det,
257 1898 331 1954 saepe
344 1885 470 1955 lltaelaiis
492 1888 555 1944 suis
571 1902 627 1944 non
645 1888 707 1944 sine
726 1887 883 1957 1111111111-
936 1892 1224 1947 crucemaureamxel
1234 1898 1394 1964 argenteam
1404 1893 1585 1965 autligneam
1597 1893 1760 1962 adoramus,

52 1983 135 2070 saone
154 1971 267 2042 placere
285 1975 474 2032 studentium.
496 1978 598 2033 Verum
619 1991 685 2034 cum
701 1977 777 2047 apud
790 1976 883 2032 Cons-
937 1995 1000 2051 quae
1020 1980 1121 2050 utique
1138 1993 1194 2037 non
1212 1980 1308 2036 eadem
1327 1987 1370 2036 est
1386 1981 1447 2051 ipsa
1461 1995 1542 2051 crux,
1561 1981 1663 2051 inqua
1683 1980 1762 2037 salus

53 2060 259 2130 tantrnopolim
275 2063 388 2132 positus
410 2062 573 2135 frequenter
593 2065 706 2121 Graecos
723 2078 809 2134 super
828 2064 882 2120 hoc
938 2073 1034 2126 nostra
1052 2073 1162 2138 patrata
1180 2074 1233 2140 est,
1254 2069 1302 2126 sed
1322 2070 1412 2141 ligura
1425 2075 1454 2127 et
1470 2071 1562 2141 imago
1576 2070 1657 2138 ejus,
1674 2080 1762 2138 quare

53 2147 193 2205 ’Μῧῑῐῖθ
213 2151 459 2224 reprehenderem,
483 2157 511 2210 et
530 2151 622 2211 fastus
645 2152 687 2210 vel
712 2152 883 2225 arrogantia
937 2173 993 2216 non
1009 2160 1160 2216 adoremus
1178 2159 1297 2231 liguram
1311 2164 1339 2216 et
1357 2159 1508 2231 imaginem
1528 2161 1600 2230 ejus,
1617 2159 1667 2230 qui
1681 2171 1763 2214 eam-

57 2235 276 2312 'fflafssuefflmi
293 2241 467 2314 ³⁵⁸⁰i⁰b³¹¹h
485 2243 560 2314 (1110(1
578 2258 635 2301 ¹10ss
650 2244 714 2300 id⁰0
731 2241 884 2299 oecumcni-
936 2249 1000 2305 dem
1018 2247 1139 2304 salutem
1156 2253 1291 2318 operatus
1302 2250 1345 2304 est
1361 2248 1391 2304 in
1409 2248 1501 2303 medio
1515 2253 1596 2303 terras
1611 2247 1763 2304 ‘illenera-

57 2339 128 2395 cnm,
142 2341 229 2397 <luem
244 2330 327 2387 mulli
343 2331 531 2390 universalem
547 2332 727 2404 interpretati
740 2337 818 2402 sunt,
834 2330 885 2386 di·
938 2335 1026 2392 bilior
1043 2349 1165 2406 namque
1183 2336 1292 2406 estqui
1313 2335 1433 2392 salutem
1452 2340 1586 2405 operatus
1602 2337 1656 2405 est,
1677 2347 1763 2404 quam

59 2419 150 2469 cerem
163 2416 369 2492 patriarcham,
384 2421 458 2492 quod
472 2421 600 2478 universi
616 2420 803 2477 orbisteneat
816 2433 885 2490 prae-
938 2437 970 2479 ea
988 2425 1117 2494 materia,
1135 2424 1165 2479 in
1185 2437 1241 2494 qua
1262 2423 1336 2480 idem
1357 2422 1477 2478 salutern
1496 2426 1631 2492 operatus
1650 2426 1702 2476 est.
1724 2418 1764 2475 hc

62 2502 182 2559 sulatum
192 2523 201 2576 3
213 2507 262 2562 sed
274 2508 350 2579 quod
361 2508 475 2566 cuidam
488 2509 563 2579 parti
578 2510 677 2580 praeslt
687 2509 776 2580 orbis,
792 2521 855 2579 quae
867 2521 884 2563 a
940 2525 989 2581 per
1002 2512 1054 2568 hoc
1070 2512 1161 2584 magis
1173 2511 1341 2568 adoratione
1352 2511 1439 2582 digna
1456 2511 1548 2583 imago
1557 2509 1667 2566 Christi
1681 2508 1764 2564 salu-

60 2590 232 2651 Christianis
246 2594 436 2654 inhabitatur.
447 2598 884 2670 NamquodGraecioecumenem
939 2605 995 2655 tem
1019 2601 1174 2671 operantis,
1203 2614 1288 2671 quam
1314 2600 1406 2671 imago
1432 2599 1528 2655 crucis
1550 2597 1671 2655 salutern
1696 2601 1764 2652 tan-

63 2687 197 2754 rocant,a
215 2685 327 2741 latinis
346 2700 403 2743 non
421 2687 513 2744 solum
530 2685 650 2760 orbis,a
668 2687 753 2757 cujus
773 2685 886 2742 unirer·
940 2688 1086 2743 tummodo
1104 2687 1270 2757 baiulantis.
1286 2686 1485 2757 Quamobrem,
1501 2686 1665 2742 beatissime
1679 2697 1761 2756 papa,

63 2769 139 2827 sitate
150 2773 329 2830 universalis
340 2774 511 2846 appellatur,
523 2776 717 2833 verumetiam
732 2774 884 2847 habitatio,
940 2788 1026 2844 super
1041 2779 1163 2831 montem
1179 2775 1321 2831 excelsum
1336 2774 1466 2844 ascende,
1481 2777 1524 2831 sta
1539 2773 1567 2828 in
1582 2771 1763 2842 tortitudine,

63 2863 189 2920 relloens
205 2862 377 2921 habitabilis
392 2869 584 2935 nuncupatur.
599 2865 651 2929 Sed
663 2870 691 2921 et
704 2863 775 2921 illud
788 2867 886 2919 notan·
941 2864 1024 2934 quasi
1040 2863 1109 2919 tuba
1128 2878 1222 2920 vocem
1240 2864 1342 2920 exalta.
1363 2865 1433 2919 Ecce
1457 2863 1533 2918 enim
1555 2862 1612 2917 Deo
1633 2865 1760 2931 auctore,

63 2950 131 3023 dnm,
158 2951 298 3024 quoniam
323 2951 489 3024 ubicunque
511 2953 540 3010 in
565 2954 653 3023 hujus
675 2952 776 3023 synodi
802 2955 883 3008 textu
940 2950 1041 3022 angelo
1057 2955 1116 3021 tua,
1133 2951 1319 3021 utquondam
1332 2951 1408 3006 Petri
1422 2949 1492 3022 (Act.
1508 2949 1570 3022 ιιι),
1587 2947 1765 3019 percutiente

63 3039 277 3098 subsistentiam
291 3041 385 3111 posui,
400 3055 548 3112 personam
565 3041 689 3114 intelligi
702 3040 790 3097 volui.
805 3039 885 3110 Quod
901 3043 925 3104 C
942 3039 1030 3096 latera
1049 3039 1202 3096 surrexisti
1217 3058 1224 3108 3
1239 3039 1352 3095 lumbos
1369 3038 1532 3109 accinxisti,
1551 3038 1696 3093 lucernam
1714 3049 1766 3091 ac-

65 3130 130 3186 enin
144 3132 248 3187 Gracc
262 3129 426 3201 hypostasis
440 3131 560 3203 dicitur,
577 3131 630 3187 boc
645 3130 778 3188 nonnulli
795 3141 888 3200 perso·
941 3128 1075 3200 condisti,
1100 3129 1160 3185 zelo
1180 3128 1229 3183 Dei
1252 3126 1416 3183 comederis.
1435 3127 1569 3196 Superest
1590 3130 1712 3189 tantum,
1733 3125 1767 3178 ut

63 3218 364 3294 nam,nonnullirero
379 3218 596 3276 subsistentiam
611 3218 790 3289 interpretati
808 3221 884 3274 sunt.
942 3216 1024 3273 iidem
1061 3230 1145 3287 quam
1176 3215 1279 3286 credis,
1316 3214 1527 3284 doceas3yiam
1558 3227 1642 3284 quarn
1675 3216 1763 3282 tenes,

10 3326 13 3351 ι
64 3305 142 3365 Porro
164 3306 388 3365 subsistentiam
412 3307 496 3365 multi
525 3321 683 3378 personam,
712 3306 797 3363 multi
822 3320 887 3362 vero
941 3304 1055 3360 cunctis
1080 3303 1230 3359 ostendas:
1249 3307 1389 3373 quatenus
1414 3303 1471 3357 Deo
1497 3305 1622 3370 auctore,
1649 3305 1676 3355 te
1704 3298 1764 3355 illio

63 3395 251 3454 numantiam
266 3397 352 3453 etiam
371 3396 582 3454 intellexerunt.
598 3396 635 3452 ht
650 3396 717 3453 illos
729 3409 780 3468 ego
797 3409 886 3450 secu·
942 3405 1137 3461 excussorum,
1161 3391 1362 3461 prophetarum
1384 3389 1496 3444 scilicet
1511 3393 1540 3443 et
1556 3387 1763 3458 apostolorum,

65 3486 172 3557 tunqui
180 3485 403 3543 subsistentiam
410 3500 466 3544 non
474 3484 886 3555 substantiam,sedpers0nam
941 3480 1069 3550 ductore,
1088 3493 1137 3549 per
1155 3478 1232 3534 invia
1250 3491 1302 3533 nos
1321 3489 1419 3532 omnes
1434 3475 1541 3530 Christi
1562 3489 1627 3531 oves
1642 3473 1766 3529 solertia

66 3571 183 3648 intelligi
200 3573 358 3631 voluerunt
377 3572 483 3647 (magni
498 3574 604 3646 quippe
619 3574 705 3644 sunt),
722 3572 886 3642 ubicunque
941 3573 998 3626 tuae
1019 3582 1069 3639 per
1087 3569 1201 3624 Petrum
1216 3571 1244 3622 et
1266 3566 1295 3621 in
1318 3571 1397 3635 petra
1416 3565 1585 3634 commissa,
1614 3560 1764 3618 inollensis

66 3661 151 3722 brace
168 3665 200 3721 in
222 3664 279 3721 boc
297 3663 398 3721 codice
419 3663 593 3735 hypostasim
614 3661 717 3733 reperi,
737 3661 766 3716 in
786 3660 887 3717 subsi-
941 3657 1090 3731 gressibus
1114 3655 1290 3723 incedamus,
1311 3658 1339 3709 et
1360 3654 1395 3709 ad
1417 3666 1526 3708 arumna
1547 3652 1612 3707 vitae
1632 3649 1766 3720 perennis

67 3753 192 3811 sentiam
221 3751 372 3824 transtuli,
398 3752 472 3809 banc
497 3765 655 3823 personam,
684 3750 760 3807 sicut
783 3754 811 3805 et
834 3748 885 3804 alii
942 3760 1046 3816 pascua
1057 3745 1172 3801 Christo
1187 3744 1342 3814 aperiente,
1355 3742 1405 3813 qui
1419 3741 1511 3797 claves
1529 3740 1608 3812 regni
1623 3740 1652 3794 in
1665 3739 1726 3809 ipso
1738 3743 1767 3794 et

69 3840 280 3913 quamplurimi,
294 3840 393 3898 volens
404 3839 538 3913 intelligi.
550 3841 639 3896 Tanta
654 3838 745 3910 igitur
756 3836 889 3894 auctori·
942 3848 991 3905 per
1004 3835 1099 3905 ipsum
1114 3832 1169 3888 tibi
1181 3831 1311 3901 tradidit,
1327 3829 1452 3886 feliciter
1468 3828 1580 3900 ingredi
1598 3840 1765 3883 mereamur.

70 3932 115 3984 lale
123 3935 224 3987 sancta
238 3928 368 3987 Ecclesia
380 3928 500 4000 predita
513 3942 568 3985 non
582 3931 674 3998 potest
685 3925 885 3982 dissimulare:
941 3921 1138 3993 apostolatum
1151 3924 1276 3976 vestrum
1291 3933 1323 3975 ac
1335 3917 1536 3974 exaltationem
1548 3916 1682 3972 Ecclesia
1697 3929 1767 3987 suar,

72 4018 455 4090 nonpotestquisqnesemet
467 4013 888 4085 rationabiliterabimaginum
942 4023 975 4066 ac
990 4023 1167 4066 communem
1186 4013 1315 4063 nostrum
1332 4005 1464 4076 salutem,
1486 4018 1535 4075 per
1554 4004 1661 4059 multos
1677 4016 1769 4058 annos

78 4116 208 4164 amarum
222 4105 393 4164 adoratione
404 4112 537 4163 avertere.
553 4103 691 4175 Alioquin
705 4107 797 4160 restra
807 4101 890 4157 debet
943 4100 1036 4173 gratia
1053 4111 1175 4169 superna
1188 4095 1343 4165 custodiat,
1358 4095 1473 4151 domine
1488 4092 1669 4149 sanctissime
1684 4101 1765 4162 papa.

76 4193 110 4262 pia
120 4195 256 4254 doctrina
270 4195 380 4269 doceri,
399 4208 576 4266 censuraque
595 4192 752 4265 apostolica
771 4190 888 4262 corrigi.

45 4394 50 4423 l

843 4537 1007 4608 aladii
1065 4605 1069 4614 .

389 4696 610 4788 designantes
637 4697 675 4766 in
709 4694 802 4764 brevi
830 4714 902 4783 qnae
924 4693 962 4762 in
987 4691 1045 4761 boe
1069 4686 1180 4756 codice
1207 4685 1430 4754 continentur.

10 4985 13 4991 “
101 4979 190 5039 Prima
202 4980 282 5038 actio
298 4979 428 5038 continet
442 4978 607 5036 testimonia
622 4978 800 5035 diversarum
819 4972 931 5047 pro-D
948 4988 1010 5031 rum
1028 4970 1148 5029 hdrlani
1169 4984 1247 5041 papae
1268 4969 1398 5040 nonani,
1418 4972 1447 5024 et
1465 4966 1622 5025 secundum
1645 4971 1771 5023 tenorem

78 5063 202 5129 labilium
213 5069 443 5141 scripturarum,
453 5067 559 5139 quibus
569 5067 730 5124 ostenditur
741 5066 890 5123 haereticos
945 5077 1042 5119 earum
1062 5064 1231 5117 cunctorum
1250 5058 1428 5115 sacerdotum
1444 5057 1494 5127 qui
1510 5054 1705 5113 interfueram
1719 5070 1772 5126 sy-

76 5153 213 5216 abbaeresi
228 5159 264 5215 ad
281 5157 469 5214 orthodoxam
483 5156 565 5213 idem
580 5170 732 5213 conversos
747 5169 829 5226 posse
843 5170 890 5212 su·
945 5151 1029 5224 nodo,
1051 5148 1254 5221 professionem
1273 5153 1301 5205 et
1316 5146 1582 5219 promulgationem.

75 5247 410 5319 teiphsimilitereteos,
422 5245 546 5316 quicum
558 5244 888 5303 luerintsintevenrtho
979 5241 1073 5296 Tertia
1095 5244 1190 5295 autem
1206 5238 1281 5293 actio
1300 5236 1428 5292 continet
1448 5236 1637 5305 receptionem
1658 5232 1771 5290 antisti-

75 5332 139 5407 taxi,
162 5350 268 5394 manns
280 5341 375 5393 tamen
398 5335 611 5405 impositionem
626 5334 662 5390 ab
675 5334 818 5391 haeretiois
834 5334 889 5389 ha·
945 5335 1005 5386 tum
1025 5327 1061 5385 ab
1087 5328 1188 5384 baeresi
1213 5339 1425 5391 conversorum,
1450 5328 1478 5380 et
1499 5324 1635 5394 synodica
1658 5319 1768 5378 Tarasii

75 5422 194 5485 haunt.
946 5418 1125 5491 patriarcha,
1148 5421 1176 5474 et
1202 5416 1341 5484 rescripta
1367 5413 1552 5470 orientalium
1578 5413 1766 5477 sacerdotum,

10 5564 12 5585 ,
101 5515 227 5574 &nuda
248 5527 316 5572 nero
336 5511 467 5572 continet
486 5512 563 5570 actio
585 5513 735 5572 lectionem
758 5511 890 5583 epistola·
945 5500 1769 5577 necnonetsubscriptionesepiscoporum,nariampapa
