3876 6090
695 165 871 223 xuhsrnstt
896 160 1165 222 BtttttOtttttclttttl

143 308 160 351 s
188 299 306 365 quarto,
334 293 448 364 imperii
473 307 537 348 vero
555 291 666 349 domini
688 285 907 346 clementissimi
920 285 948 344 A
961 286 1034 345 iccto
1054 290 1144 345 solers
1156 288 1331 360 experientia
1346 301 1402 346 nou
1420 289 1543 362 ignorat.
1558 286 1640 358 Quod
1653 303 1720 346 eum
1733 304 1783 348 nou

137 381 176 440 oli
191 395 303 452 semper
314 380 437 454 Augusti
451 381 552 450 primo.
961 379 1054 449 egisse
1066 378 1102 434 ob
1113 378 1198 434 aliurn
1210 379 1479 450 causamexistimo,
1490 378 1549 436 nisi
1561 379 1707 451 quiscum
1716 387 1783 436 esset

963 464 1084 522 humilis
1095 467 1213 537 spiritu,
1231 482 1286 523 non
1300 468 1484 538 presumpsit
1494 467 1573 523 verbi
1588 466 1783 538 proprietatem

382 520 546 578 EHSTOLA
571 522 604 575 ¹¹·
961 554 1110 623 deserere,
1127 569 1161 610 ne
1184 556 1283 627 aliquo
1297 556 1407 612 modoa
1428 569 1529 612 sensus
1541 556 1664 611 veritate
1675 555 1783 612 decide·

411 658 579 701 xnuuunuu.
962 646 1013 697 ret.
1035 641 1114 698 Unde
1138 642 1243 699 iactum
1264 650 1309 699 est
1325 648 1356 701 ut
1370 648 1482 700 tantum
1502 645 1608 714 virum,
1631 643 1685 714 qui
1703 657 1783 713 perse

960 730 1040 815 (quia
1054 731 1156 787 intima
1167 733 1293 788 ctardua
1303 746 1423 803 quaeque
1436 733 1591 804 utriusque
1601 730 1783 802 philosophia

964 819 1120 888 penetralia
1136 819 1235 875 rimari
1250 821 1407 891 proposuit)
1423 821 1574 891 perplexus
1587 820 1700 876 nostris
1712 819 1783 875 intel·

141 892 231 959 (Apud
248 894 390 952 usserium,
406 893 468 943 vct.
487 894 569 955 Epist.
589 891 696 940 1hbern.
715 886 847 950 Sl¹¹⁰8⁰·)
963 905 1086 963 lectibus
1098 907 1258 979 videbatur,
1272 906 1783 979 intraeujusdamlabyrinthidihici

117 1011 195 1067 Inter
206 1017 306 1065 caetera
318 1009 414 1066 studia
425 1023 488 1079 quae
498 1013 555 1063 tam
568 1004 809 1063 laudabilisactio
823 1015 908 1073 quam
965 993 1004 1049 lla
1019 993 1155 1064 irretiret,
1171 1003 1199 1052 et
1213 997 1241 1051 in
1254 996 1348 1052 antris
1362 996 1602 1067 profundioribus
1620 994 1783 1051 invisibilio

82 1098 271 1156 saluberrima
284 1097 481 1166 commonitio,
506 1097 577 1166 quin
599 1095 685 1150 etiam
699 1091 841 1149 odorifera
857 1104 911 1145 ro·
965 1096 1022 1138 rem
1036 1085 1157 1153 quodam
1170 1085 1251 1140 modo
1263 1085 1434 1154 collocaret3
1451 1091 1479 1140 et
1495 1098 1579 1154 quem
1592 1084 1783 1152 interpretatu

81 1186 145 1243 lans
153 1187 253 1257 opinio
262 1188 297 1243 de
307 1187 447 1243 virtutum
457 1200 490 1241 uc
502 1198 611 1239 morum
624 1182 783 1254 quantitate
793 1184 908 1236 tuorum
964 1185 1027 1227 runt
1040 1177 1213 1244 susceperat,
1229 1173 1323 1228 adhuc
1337 1173 1464 1229 redderet
1481 1171 1742 1243 interpretandum.

81 1271 108 1346 (o
121 1275 245 1333 dictator
258 1274 363 1345 inclyte
375 1275 393 1347 l)
406 1273 571 1329 mortalium
583 1278 690 1328 mentes
702 1270 817 1339 excitat,
833 1273 860 1322 et
873 1267 906 1322 ad
998 1260 1176 1330 Quapropter
1190 1262 1249 1331 lise
1261 1261 1362 1317 ῐῐὶθῑῑῑθ
1376 1261 1490 1329 aniius,
1511 1260 1583 1329 cmpi
1601 1259 1705 1316 3941110
1724 1272 1783 1329 ‹11¹ae

81 1355 907 1432 effodiendumsapientimbortaturrelutthesauros3illud
965 1362 1026 1405 rere
1048 1350 1073 1404 si
1095 1349 1167 1405 torte
1182 1351 1300 1420 reperiri
1323 1351 1462 1420 potuisset
1475 1354 1630 1418 preceptor
1643 1348 1783 1418 quisquan

82 1464 197 1523 quoque
207 1464 263 1507 non
277 1451 459 1507 mediocriter
470 1457 514 1506 est
525 1449 716 1506 admiratione
725 1445 908 1516 stupendum,
964 1438 1007 1494 vel
1024 1438 1142 1508 aliquod
1158 1439 1308 1509 scriptum,
1331 1453 1387 1508 quo
1402 1438 1580 1509 enucleante,
1603 1441 1705 1493 tantus
1716 1437 1783 1490 Pate:

83 1540 158 1610 quod
174 1553 230 1595 non
255 1539 347 1596 solum
365 1539 481 1595 Latinos
507 1540 612 1605 Patres,
630 1539 677 1594 sed
693 1543 721 1593 et
733 1536 846 1591 Grecos
865 1533 911 1588 ri·
965 1525 1049 1582 nobis
1064 1526 1208 1596 liquidius
1222 1527 1433 1597 illuscesceret;
1448 1531 1476 1582 et
1491 1525 1632 1596 quiajam
1649 1538 1700 1595 per
1711 1524 1784 1579 inter

83 1628 155 1683 mari
170 1641 225 1683 non
245 1641 349 1695 cessas,
365 1634 394 1683 et
405 1628 531 1683 Romana
546 1626 645 1698 lingua
660 1626 799 1696 pollentes
811 1623 911 1679 Pelas-
925 1611 950 1672 B
966 1615 1055 1686 prelis
1071 1615 1243 1669 industriam
1259 1615 1366 1686 linguae
1377 1613 1585 1670 nostraeiuerat
1595 1613 1735 1682 traditus,
1751 1626 1783 1668 ue

83 1728 182 1786 garum
208 1713 280 1770 iacis
303 1727 398 1770 rerum
420 1726 476 1769 non
491 1719 628 1783 expertes.
649 1714 690 1767 Tu
706 1711 812 1781 quippe
828 1708 910 1774 iacis,
966 1703 1035 1759 stris
1050 1717 1163 1773 quoque
1179 1702 1285 1772 patulis
1302 1699 1362 1777 [ot.
1381 1701 1505 1776 patulus]
1528 1702 1700 1757 redderetur
1712 1699 1783 1771 perir

84 1803 135 1874 qui
148 1804 183 1858 ad
199 1802 361 1859 iaciendum
381 1803 505 1858 suscitas
518 1810 545 1857 et
568 1802 710 1857 hortaris:
734 1801 803 1872 quia
819 1804 847 1855 et
860 1812 912 1855 uos
965 1792 1041 1848 etius
1060 1791 1272 1847 intellectibus:
1285 1806 1348 1847 cum
1360 1805 1423 1847 ecce
1437 1797 1550 1861 repente
1564 1790 1730 1862 paratheses
1739 1789 1783 1845 siv

83 1903 157 1960 sape
182 1903 309 1960 magnam
333 1889 448 1945 domum
468 1888 570 1945 iecisse
583 1888 720 1954 dicimur,
746 1901 801 1943 non
817 1891 911 1941 tamen
966 1879 1075 1936 scholia
1092 1880 1120 1934 in
1144 1893 1208 1935 euru
1230 1879 1303 1950 (aqua
1321 1879 1569 1949 Constantinopoli
1587 1879 1704 1949 positus
1716 1878 1783 1933 ride

84 1976 228 2042 manibus,
250 1977 298 2031 sed
332 1976 475 2034 affatibus.
500 1978 601 2033 Beatus
624 1977 720 2046 itaque
740 1973 910 2045 Areopagita
968 1968 1038 2038 ratu)
1051 1969 1085 2023 ad
1104 1982 1205 2024 manus
1220 1982 1329 2039 venere,
1347 1968 1621 2038 quibusutcunque
1635 1968 1783 2036 interprete

82 2063 239 2134 Dionysius
260 2063 446 2121 Atheniensis
466 2065 587 2121 antistes
608 2063 700 2135 (quem
723 2064 912 2118 intercutem
969 2057 1019 2126 tis,
1031 2056 1104 2110 mihi
1116 2055 1330 2126 aliquantulum
1344 2056 1435 2127 magis
1444 2056 1576 2127 emicuit,
1590 2068 1656 2126 quae
1667 2052 1782 2110 videlice

84 2158 196 2209 constat
210 2153 354 2209 industria
368 2160 427 2224 tua,
445 2153 682 2224 praestantissime
694 2152 869 2222 principum,
882 2149 911 2204 in
968 2145 997 2200 in
1013 2144 1192 2216 marginibus
1204 2144 1382 2213 interpretati
1399 2144 1509 2200 codicis
1521 2145 1595 2214 ejus,
1610 2150 1643 2200 ut
1658 2143 1689 2199 in
1703 2143 1783 2199 Gracc

84 2241 242 2297 llomanum
256 2254 414 2296 sermonem
425 2242 725 2314 translatumJtantum
740 2244 794 2308 est,
807 2244 839 2295 ut
852 2237 925 2308 ipse,
968 2234 1071 2302 reperi,
1094 2247 1157 2288 mox
1188 2233 1372 2302 interpretata
1395 2238 1542 2304 utcunque
1562 2231 1783 2301 (donecadocto

85 2329 231 2399 patentius
241 2329 327 2396 nosti,
340 2330 373 2385 ad
387 2329 606 2402 intelligendum
619 2327 758 2396 diihcilis,
773 2330 912 2398 quantum
969 2321 1073 2377 melius
1087 2320 1353 2393 interpretarentur)
1364 2321 1606 2391 respondentibus
1613 2321 1783 2392 signisiuter·

85 2428 214 2471 sermone
229 2417 383 2472 sublimis:
403 2417 461 2473 imo
477 2422 583 2487 quanto
596 2416 727 2473 diflicilia
744 2420 812 2471 sunt
825 2413 916 2470 iutel-
971 2423 1035 2480 pres
1047 2422 1098 2480 ego
1107 2409 1177 2464 satis
1192 2409 1483 2480 imperitusapposui,
1495 2416 1655 2479 vestraque
1667 2408 1782 2479 gloriose

85 2501 160 2557 lectu
176 2506 204 2557 et
228 2503 286 2558 alta
302 2504 457 2575 mysteriis,
483 2519 546 2575 que
563 2505 623 2574 ipse
639 2507 845 2574 perscrutatus,
860 2516 915 2558 su·
970 2497 1118 2566 sapientia
1141 2497 1323 2567 potissimum
1345 2496 1405 2553 tore
1428 2498 1567 2553 mittenda
1579 2510 1638 2554 non
1656 2496 1782 2552 immerito

87 2602 175 2660 perna
185 2589 435 2661 revelantegratia,
456 2592 578 2661 didicit,
605 2598 634 2647 et
648 2605 750 2647 arcana
763 2590 915 2662 theologiae
966 2586 1095 2655 judicavi
1109 2603 1116 2656 3
1130 2592 1162 2641 ut
1174 2585 1296 2657 scilicet,
1309 2601 1371 2656 quae
1386 2584 1444 2642 luit
1455 2586 1579 2641 alterius
1591 2585 1783 2655 interpretatio

85 2676 195 2747 (divina
210 2679 373 2734 seducente
388 2678 483 2752 manu)
508 2679 656 2750 ingressus
673 2680 701 2735 in
716 2678 913 2735 sanctuarium
970 2675 1016 2730 nis
1031 2675 1173 2730 hortatrix
1188 2679 1215 2731 et
1229 2675 1410 2745 auxiliatrix,
1427 2675 1466 2730 sit
1476 2674 1566 2730 etiam
1580 2671 1782 2744 uostraequalls

84 2765 135 2821 Dei
150 2765 246 2821 ablato
261 2765 401 2822 velamine
416 2768 583 2836 penetravit.
970 2776 1083 2832 cunque
1106 2764 1268 2832 susceptrix
1292 2769 1320 2818 et
1334 2762 1529 2832 approbatrix.
1554 2765 1684 2832 ipsorum
1704 2765 1779 2817 auhn

122 2854 286 2910 Mirandum
302 2853 394 2926 igitur
404 2860 457 2927 est,
474 2857 542 2926 quia
559 2857 650 2926 pietas
663 2861 712 2913 tua
725 2868 776 2912 nec
788 2854 858 2911 talia
875 2853 918 2909 ln·
970 2851 1147 2907 scholiorum
1158 2852 1218 2907 sive
1231 2852 1416 2920 paratheseon
1426 2864 1606 2921 quoeunque
1617 2851 1646 2906 in
1660 2850 1780 2906 calccsuo

85 2941 219 2998 discussa
241 2942 371 3013 reliquit.
395 2944 447 3000 Sed
464 2944 512 3000 hic
537 2944 606 3001 licet
626 2945 657 3001 in
676 2953 752 3001 terra
777 2942 914 3007 ambulat,
971 2941 1085 3012 signum
1102 2941 1221 2995 vivifice
1234 2939 1330 2995 crucis
1344 2939 1447 2995 habent
1461 2953 1477 2994 a
1492 2939 1575 2996 beato
1586 2939 1711 2995 Maximo
1725 2949 1776 2994 cor

86 3034 221 3101 tanguam
243 3029 274 3086 in
298 3030 380 3087 cmlis
394 3045 566 3088 conversans
578 3033 688 3089 ambit:
706 3033 747 3089 ita
768 3037 809 3098 ut,
825 3030 914 3086 veluti
972 3027 1078 3085 iessore
1091 3034 1119 3084 et
1144 3028 1281 3085 monacho
1296 3028 1410 3084 inventa
1427 3033 1600 3098 narrantur3
1615 3033 1715 3083 catera
1729 3038 1770 3082 reu

85 3116 202 3187 quidam
214 3115 258 3189 (ut
271 3117 311 3174 ita
327 3116 476 3191 lateamur)
490 3120 610 3192 angelus
624 3122 666 3176 rel
680 3120 806 3177 coelestis
819 3119 914 3189 homo,
971 3116 1062 3172 saneti
1073 3114 1191 3170 Joacnts
1201 3115 1426 3186 scythopolitani
1437 3117 1565 3187 episcopi
1576 3131 1640 3173 esse
1655 3115 1763 3172 leruntu

85 3205 186 3262 Sancta
205 3212 370 3264 sanctorum
397 3209 510 3280 ingredi
524 3209 764 3280 contemplatione
779 3206 914 3276 videaris,
970 3205 1044 3261 Sane
1060 3203 1109 3261 ubi
1123 3216 1139 3258 a
1153 3203 1249 3259 verbis
1264 3204 1431 3275 interpretis
1441 3206 1551 3262 scholia
1569 3206 1631 3275 ipsa
1643 3201 1755 3261 disserti

87 3297 116 3349 et
129 3294 164 3349 ad
173 3294 272 3351 abdita
284 3300 311 3351 et
321 3297 405 3366 adyta
419 3296 524 3353 dirinae
541 3296 761 3368 ineffabilitatis,
776 3299 915 3367 qnantum
970 3292 1041 3362 ridi,
1059 3297 1091 3348 ut
1104 3291 1192 3347 lector
1207 3292 1276 3362 quid
1302 3292 1338 3348 de
1356 3293 1486 3363 apposita
1504 3293 1635 3350 dictione
1659 3293 1750 3362 interp

87 3382 225 3451 possibile
235 3387 278 3440 est
292 3384 475 3456 mortalibus,
489 3386 584 3442 acutis
598 3386 798 3456 spiritualium
813 3383 916 3440 oculo-
973 3379 1743 3454 senserit,quldscholioninsinuetinditheultcragnoe

87 3482 150 3525 rum
161 3470 273 3526 visibus
283 3472 438 3528 accessisse
453 3473 590 3529 credaris.
605 3473 767 3529 Mirandum
782 3475 826 3527 est
840 3484 917 3541 quo-
971 3475 999 3525 et
1013 3469 1097 3524 rerba
1122 3469 1288 3538 interpretis
1311 3470 1422 3526 scholio
1444 3471 1544 3542 inseri,
1567 3476 1596 3527 et
1618 3471 1736 3543 qualiter

87 3569 142 3626 que
152 3557 295 3626 quomodo
307 3557 352 3613 vir
367 3557 417 3613 illc
427 3558 567 3614 barbarus
579 3557 639 3630 (qui
654 3558 801 3615 infinibus
816 3557 916 3613 mundi
973 3557 1078 3614 scholii
1093 3558 1268 3626 compositor
1288 3558 1457 3629 praetulerit,
1473 3560 1566 3616 innui.

87 3644 210 3714 positus,
227 3649 334 3714 quanto
353 3644 389 3700 ab
404 3645 571 3702 homiuibus
592 3647 818 3718 conversatione,
838 3651 918 3704 tanto
1008 3646 1061 3702 Sed
1077 3650 1114 3717 et,
1142 3646 1236 3701 sicubi
1252 3653 1445 3716 opportunum
1473 3646 1533 3703 lore
1547 3649 1723 3720 conspext,e

86 3730 268 3801 credipotuit
276 3730 398 3788 alterius
408 3732 516 3805 linguae
525 3733 663 3797 dictione,
678 3733 864 3807 longinquus)
880 3738 920 3789 ta·
974 3748 1089 3805 quoque
1099 3732 1245 3806 (quoniam
1263 3748 1324 3790 esse
1337 3735 1422 3790 aliter
1434 3750 1490 3791 non
1507 3736 1611 3809 potuit)
1626 3735 1716 3808 pauci

87 3816 128 3873 lia
143 3817 291 3874 intellectu
303 3831 403 3889 capere
417 3821 447 3875 in
461 3820 606 3892 aliamque
621 3821 750 3894 linguam
764 3821 919 3880 transferre
975 3823 1113 3892 quadam,
1127 3829 1156 3878 et
1170 3837 1232 3891 quae
1246 3821 1362 3879 facilius
1374 3823 1410 3879 ab
1429 3823 1608 3896 intelligente
1623 3839 1709 3898 agnos

87 3903 218 3960 valuerit.
246 3905 380 3963 loannem
402 3909 492 3965 innuo
506 3910 686 3983 scotigenam
706 3912 812 3982 rtrum,
833 3925 916 3983 quem
974 3915 1077 3982 terant,
1092 3911 1261 3980 interposui.

87 3992 191 4049 auditu
204 3995 329 4064 comperi
345 4010 394 4065 per
407 3998 504 4054 omnia
517 4004 657 4056 sanctum.
673 4000 725 4056 Sed
742 4000 796 4057 hoc
813 4013 919 4070 opera-
1009 4000 1146 4054 Praeterea
1165 4001 1321 4056 notandum
1343 4003 1483 4072 estquod,
1510 4001 1578 4058 licet
1596 4006 1683 4059 tantae

88 4086 136 4136 tus
148 4080 249 4137 estille
262 4082 367 4140 artilex
376 4084 513 4155 Spiritus,
530 4088 581 4158 qui
599 4087 676 4143 hunc
685 4089 830 4144 ardentem
845 4088 919 4158 pari·
974 4091 1116 4157 tantaque
1130 4087 1258 4142 scientim
1273 4088 1330 4143 sive
1340 4091 1526 4159 antiquitatis
1540 4091 1595 4146 iste
1607 4096 1689 4148 sanct

69 4186 72 4193 ·
88 4172 131 4224 ter
143 4174 171 4224 et
193 4169 353 4240 loquentem
379 4172 455 4230 tecit.
475 4175 538 4231 Nisi
563 4176 639 4232 enim
655 4189 689 4232 ex
710 4177 803 4247 gratia
823 4176 917 4245 ipsius
975 4176 1078 4246 nysius
1091 4173 1190 4231 luerit.
1204 4190 1350 4247 nunquam
1367 4183 1460 4233 tamen
1475 4178 1683 4249 atiquaopusc

89 4255 155 4328 igne
167 4258 484 4335 charitatistlagrasset,
496 4277 676 4334 nequaquam
689 4265 796 4321 donum
807 4265 918 4338 linguis
931 4252 959 4314 D
972 4262 1098 4319 edidisse
1108 4261 1175 4332 (nisi
1188 4262 1281 4335 iallor)
1296 4278 1473 4335 quacunque
1485 4265 1676 4323 orthodoxort

89 4343 225 4416 loquendi
242 4349 447 4417 proculdubio
469 4352 653 4420 suscepisset.
675 4354 744 4408 Nam
762 4355 837 4410 huno
853 4368 918 4410 ma·
973 4356 1020 4422 pta
1041 4351 1160 4406 traditio
1183 4352 1289 4421 prodit,
1314 4352 1481 4424 priusquam
1506 4355 1626 4409 Romani
1652 4369 1669 4426 p

87 4432 177 4503 gistra
187 4434 430 4507 charitnsdocuit,
440 4439 515 4508 quod
529 4438 563 4493 ad
576 4439 731 4497 multorum
743 4439 917 4499 instructio·
971 4439 1115 4513 (videlicet
1129 4440 1294 4511 Gregorius,
1319 4442 1468 4508 llartinus,
1486 4448 1514 4496 et
1525 4443 1645 4516 Agatho)
1658 4460 1662 4491 ι

89 4533 151 4576 nem
166 4526 194 4576 et
206 4521 422 4580 aeditlcationem
445 4526 576 4594 patravit.
971 4528 1035 4599 ejus
1050 4527 1080 4582 in
1106 4528 1281 4597 conscriptis
1302 4528 1365 4585 suis
1385 4530 1558 4587 mentionem
1582 4528 1656 4586 lcoer

124 4608 227 4663 Verum
242 4616 270 4665 ot
290 4611 315 4666 si
333 4611 368 4666 ad
392 4625 553 4670 mensuram
573 4614 659 4673 datus
678 4622 722 4674 est
735 4618 761 4674 ei
776 4619 913 4691 Spiritus,
973 4631 1023 4688 per
1035 4616 1093 4671 haee
1102 4615 1262 4685 probabilia
1272 4617 1437 4686 judicantes
1448 4618 1650 4686 admiserint,t

90 4695 152 4765 ipsc
175 4700 278 4767 mmen,
302 4700 429 4767 paternis
450 4701 591 4759 doctrinis
612 4705 751 4777 imbutus,
775 4713 914 4778 quantum
971 4707 1085 4764 scilieet
1099 4705 1128 4760 in
1139 4705 1261 4761 homilia
1275 4705 1396 4775 capituli
1409 4706 1557 4777 Evangelii
1570 4707 1643 4764 deor

90 4783 185 4850 potuit
200 4781 277 4854 iecit,
300 4791 329 4841 et
340 4788 472 4857 prodesse
495 4791 636 4860 proximis
652 4794 727 4851 ultra
739 4795 815 4852 vires
828 4801 915 4853 tenta-
972 4796 1026 4852 bus
1048 4799 1077 4850 et
1097 4794 1191 4849 decem
1218 4792 1383 4862 drachmis,
1408 4795 1551 4851 Martinus
1574 4795 1635 4851 ins

90 4869 139 4925 rit.
155 4870 310 4941 Siquidem
325 4881 427 4944 preter
438 4877 489 4932 illa
500 4894 563 4948 quae
575 4880 651 4936 hunc
664 4882 784 4939 latuisse
796 4884 915 4954 proban·
972 4897 1057 4955 quam
1072 4885 1166 4939 liomm
1181 4890 1280 4939 contra
1297 4883 1447 4938 haereticos
1461 4883 1629 4941 celebravitr

89 4960 148 5026 tur,
158 4958 245 5014 exhis
255 4975 318 5032 quae
330 4964 451 5033 sparsim
466 4979 481 5020 a
495 4966 666 5037 quibusdam
677 4970 713 5027 dc
726 4972 855 5042 prmdicti
867 4974 914 5029 l‘a-
971 4972 1002 5028 in
1025 4972 1147 5040 epistola
1172 4986 1256 5041 quam
1277 4972 1311 5027 ad
1335 4977 1442 5026 sextam
1465 4973 1607 5042 synodum

90 5043 144 5099 tris
165 5048 345 5105 sermonibus
370 5056 398 5106 et
421 5053 553 5122 epistolis
567 5061 632 5111 ante
653 5071 706 5114 nos
730 5058 914 5129 interpretata
972 5059 1053 5115 Unde
1063 5073 1113 5130 ego
1129 5073 1221 5115 reram
1239 5073 1300 5115 esse
1314 5058 1476 5115 Gracorum
1490 5061 1615 5130 opinion

92 5133 289 5204 inveniuntur,
299 5138 584 5206 plurimumutilitati
596 5146 916 5217 subtraxit3quiatauto
974 5148 1188 5219 perhibentium
1201 5149 1293 5205 libros
1303 5150 1388 5218 ejusa
1403 5149 1551 5218 prioribus
1559 5150 1609 5205 haer

91 5221 189 5278 studio
214 5223 331 5280 verbum
355 5227 390 5282 de
409 5229 492 5285 verbo
516 5232 619 5288 elicere
641 5237 814 5302 procurarit.
839 5238 914 5308 quod
975 5242 1059 5306 totos,
1082 5239 1171 5294 donec
1196 5238 1279 5310 longo
1305 5244 1368 5307 post
1380 5243 1505 5307 tempore
1520 5252 1555 5294 ex
1569 5252 1602 5309 op

91 5322 180 5380 genus
196 5310 442 5383 interpretationis
465 5317 542 5389 (licet
556 5324 585 5375 et
600 5321 661 5391 ipsc
682 5322 849 5394 plerumque
868 5341 918 5382 se-
975 5326 1055 5381 solus
1070 5327 1158 5382 codex
1173 5326 1223 5397 qui
1247 5340 1322 5381 nunc
1344 5326 1473 5397 habetur,
1493 5332 1537 5381 est
1551 5328 1593 5382 Ro

91 5395 174 5470 quar)
186 5405 325 5471 quantum
341 5401 472 5462 illustres
484 5406 653 5479 interpretes
666 5408 765 5483 vitent,
781 5419 831 5469 tua
847 5428 919 5485 pro-
976 5415 1145 5485 caterisque
1166 5415 1292 5471 nondum
1308 5415 1442 5486 inventis,
1471 5415 1500 5470 in
1516 5416 1589 5472 Gra«

107 788 118 829 r
143 771 343 857 areopagiticis
365 776 391 825 et
417 773 520 826 Jounrrc
540 769 617 824 Scuto
632 784 723 823 eorum
751 767 905 834 interprete.
