3876 6090
40 261 95 321 285
287 286 292 299 ·
428 260 701 319 mmeramme
720 261 845 318 SYNODI
862 261 910 317 Vll
928 260 1129 318 Gemmantes.
1143 293 1180 303 —
1197 262 1298 320 ACTIO
1319 266 1362 320 tv.
1702 266 1759 327 286

39 391 189 464 spongiam
202 394 284 446 aceto
299 387 422 460 plenam.
439 388 551 444 Rursus
567 388 686 444 dicunt:
699 387 873 460 Didicimus,
889 386 919 448 A
935 386 1070 458 seniores,
1097 392 1126 443 et
1152 389 1276 458 populus
1299 389 1472 461 ludaeorum,
1493 390 1630 463 virorum,
1652 407 1761 463 puoro-

41 479 231 553 quiaealamo
251 483 455 549 percusserunt
466 480 553 548 caput
565 476 630 545 ejus
651 480 745 544 patres
760 477 870 532 nostri:
932 489 1006 546 rum,
1023 480 1051 531 et
1066 476 1220 532 mulierum
1238 478 1422 533 crediderunt
1440 479 1469 533 iu
1488 480 1641 535 Dominum
1664 483 1759 538 iesum

42 570 68 626 id
85 570 181 640 ipsum
194 574 225 624 et
236 582 290 624 nos
306 566 466 636 iaciamus,
489 570 517 622 et
533 564 707 634 accipientes
719 565 872 637 calamum,
930 564 1087 634 Christum,
1114 566 1282 623 clamantes:
1309 568 1408 624 Gloria
1437 569 1501 641 tibi,
1529 570 1652 640 Christe,
1676 585 1759 640 quem

42 657 240 731 percutiebant
252 661 339 727 caput
352 654 478 712 Domini.
493 655 630 710 Caeterum
656 653 810 709 nouissime
822 654 875 709 di-
931 660 1026 724 patres
1040 655 1134 711 nostri
1147 656 1363 728 crucifixerunt,
1381 657 1430 728 qui
1446 663 1501 713 eta
1517 657 1601 714 nobis
1612 672 1688 714 nunc
1698 673 1761 716 cru·

42 752 122 804 cunt:
139 747 177 802 Ut
193 746 340 818 liquidius
352 745 513 812 edocemur,
526 743 594 815 quia
608 742 704 798 lancea
722 743 797 799 latus
811 743 874 812 ejus
930 744 1034 800 citisus
1054 757 1084 799 es
1104 744 1133 800 in
1148 745 1273 817 imagine
1292 751 1350 802 tua.
1365 745 1463 803 Gloria
1480 747 1544 817 tibi,
1560 747 1615 802 Fili
1630 747 1690 811 Dei,
1710 748 1760 819 qui

43 840 230 908 aperueruut,
246 835 322 891 nihil
337 834 601 905 praetermittamus,
627 833 674 888 sed
695 831 834 887 addamus
847 835 875 888 et
930 835 1008 888 tantu
1024 832 1116 889 iecisti
1131 834 1269 890 miracula
1281 852 1287 888 :
1301 834 1354 890 tibi
1370 836 1533 892 credimus:
1550 837 1694 907 propitius
1714 850 1763 892 uo·

44 927 107 995 boc3
122 931 152 981 et
163 923 305 980 iacientes
318 921 423 979 deterri
443 921 580 990 lanceam,
597 926 793 990 praeceperunt
807 920 876 976 eui·
929 919 974 976 bis
997 928 1067 990 esto,
1093 926 1121 977 et
1141 923 1255 993 suscipe
1278 937 1338 979 nos.
1362 925 1425 980 llaec
1446 925 1610 981 clamabant
1632 925 1762 998 lugentes

44 1016 103 1073 dam
118 1027 244 1070 suorum
260 1012 361 1068 tollere
373 1011 509 1071 lanceam.
522 1015 551 1065 et
564 1013 710 1080 percutere
724 1012 823 1064 contra
837 1008 876 1064 la·
930 1022 1038 1079 omnes,
1055 1017 1083 1065 et
1099 1024 1181 1066 voees
1195 1011 1409 1079 emittebantur,
1424 1017 1452 1068 et
1466 1012 1604 1069 miracula
1626 1013 1760 1083 perucia-

45 1109 88 1161 tes
102 1102 246 1174 imaginis
260 1100 386 1157 Domini.
401 1099 465 1155 bion
480 1111 547 1170 ergo
561 1097 705 1153 emanavit
717 1097 875 1153 multitudo
934 1095 1050 1168 bantur,
1063 1100 1184 1155 summis
1196 1100 1394 1157 sacerdotibus
1406 1102 1590 1173 ungentibus,
1607 1106 1635 1157 et
1647 1102 1762 1159 cunctis

46 1191 329 1265 sanguinisetaquae
340 1187 376 1244 ab
387 1185 562 1252 ea.Cbriste,
576 1185 669 1258 gloria
680 1185 752 1241 tibi:
771 1186 877 1242 iucom·
931 1188 1042 1245 curatis
1053 1193 1083 1243 et
1101 1188 1264 1244 vivificatis.
1284 1190 1436 1261 Postquam
1451 1195 1545 1247 autem
1559 1205 1657 1247 omnes
1668 1191 1762 1247 sanati

48 1278 263 1353 prehensibilis,
286 1277 379 1349 gloria
411 1274 483 1332 tibi:
510 1275 577 1346 quis
602 1275 680 1331 sicut
705 1278 747 1345 tu,
776 1273 877 1331 beust
933 1283 1010 1346 sunt,
1032 1275 1182 1332 confestim
1201 1279 1235 1334 ad
1253 1279 1419 1349 episcopum
1440 1280 1631 1336 sanctissima
1649 1279 1764 1336 consti-

48 1371 108 1442 quis
127 1372 235 1439 praetcr
249 1370 286 1436 te,
304 1368 389 1438 Deus,
407 1364 516 1421 iaciens
528 1363 673 1420 terribilia
688 1368 716 1419 et
736 1362 877 1433 obstupe-
934 1369 1003 1422 tutac
1018 1365 1080 1421 illic
1091 1366 1227 1436 ecelesiae,
1243 1368 1292 1438 qui
1305 1369 1363 1438 jam
1384 1382 1447 1440 quae
1466 1368 1582 1425 fueraut
1595 1367 1667 1424 iactu
1680 1369 1763 1425 didi-

48 1456 394 1516 sceudaiOmiraculum
410 1454 565 1511 salvatoris
584 1446 677 1509 nostri
702 1440 874 1522 majestattsi
932 1461 1019 1527 cerat,
1054 1455 1256 1512 multitudines
1293 1457 1446 1513 currebant
1473 1458 1642 1514 clamantes:
1681 1458 1761 1513 Unus

49 1549 227 1604 llorraerunt
252 1545 393 1601 ueraciter
412 1549 440 1600 et
461 1543 520 1613 jam
551 1556 637 1613 super
663 1541 718 1598 hoc
747 1555 877 1613 superare
932 1546 1008 1601 Deus
1023 1546 1114 1614 Pater,
1137 1559 1212 1601 unus
1230 1548 1313 1601 Deus
1324 1545 1427 1617 Filius,
1446 1551 1473 1602 et
1495 1547 1556 1616 ipse
1572 1546 1757 1618 unigenitus:

49 1638 166 1694 simules
190 1641 258 1692 tuae.
280 1635 505 1706 Oquantuses,
534 1632 663 1700 Domine,
688 1631 723 1687 ad
751 1631 878 1687 humili-
933 1648 1009 1690 unus
1030 1634 1172 1705 Christus,
1200 1648 1283 1705 quem
1308 1638 1401 1704 patres
1427 1636 1517 1691 nostri
1541 1636 1757 1692 crucifixerunt.

50 1731 128 1782 iabm
155 1721 237 1799 [Gr.,
270 1719 516 1797 humanitatemil
538 1736 555 1778 o
588 1726 714 1792 quantus
742 1721 777 1777 ad
809 1720 876 1776 lon·
891 1704 1030 1791 Btpsum
1052 1723 1141 1778 Deum
1161 1722 1302 1786 novimus,
1323 1723 1390 1778 huic
1410 1737 1462 1779 uos
1485 1724 1637 1784 credimus.
1659 1722 1759 1778 Multis

50 1813 270 1888 ganimitatem!
305 1827 323 1869 o
357 1816 480 1884 quantus
515 1824 546 1867 es
580 1811 609 1866 in
646 1809 876 1866 misericordia!
935 1809 1032 1880 itaque
1052 1809 1186 1866 laudibus
1207 1811 1400 1882 glorificantes
1420 1812 1520 1883 Deum,
1550 1812 1761 1884 imaginemque

51 1904 129 1960 Prius
158 1903 240 1959 enim
270 1906 387 1973 propter
410 1915 463 1956 nos
487 1904 517 1956 et
536 1904 651 1970 propter
675 1900 795 1954 salutem
824 1912 881 1954 no-
935 1898 1151 1968 archiepiscopo
1171 1900 1409 1970 demonstrantes,
1435 1901 1677 1957 etannuntiantes
1696 1914 1759 1970 quc

52 1996 144 2063 stum,
157 2005 226 2047 cum
240 2004 319 2047 esses
338 1990 401 2046 sine
419 2002 512 2058 earne,
528 1988 694 2045 incarnatus
715 2002 749 2043 ex
766 1986 881 2058 Virgine
936 1984 1060 2042 fecerant
1077 1988 1330 2060 imaginiDomini,
1344 1990 1468 2060 qualiter
1478 1989 1634 2060 etsanguis
1645 1994 1673 2044 et
1685 1999 1760 2058 aqua

53 2082 145 2152 ituria,
171 2080 331 2136 crucifixus
349 2093 380 2136 es
400 2078 497 2135 inille
519 2091 612 2147 carne,
634 2090 795 2133 cumesses
820 2076 881 2146 ipse
935 2076 1067 2131 exierunt
1083 2076 1219 2132 exlatere
1239 2076 1384 2148 imaginis,
1402 2091 1509 2133 necnon
1529 2082 1557 2132 et
1572 2076 1686 2132 intinita
1701 2075 1761 2131 mi-

55 2169 242 2241 impassibilis
262 2169 379 2224 deitate.
405 2169 485 2224 Nune
499 2181 566 2223 uero
582 2166 687 2222 iterum
701 2165 732 2222 in
755 2165 881 2236 imagine
935 2164 1033 2220 nacula
1053 2179 1116 2236 quae
1129 2163 1203 2221 lacta
1217 2169 1304 2233 sunt,
1324 2166 1363 2221 itu
1381 2179 1480 2221 omnes
1496 2164 1709 2234 multitudines,
1728 2165 1761 2219 ut

56 2257 207 2315 crucihxus
225 2271 266 2326 cs,
279 2257 409 2329 Domine,
429 2256 458 2312 iu
473 2255 704 2328 redargutionem
724 2254 880 2323 impiorum
935 2257 1033 2309 sancto
1046 2253 1217 2322 baptismate
1237 2254 1319 2326 digni
1334 2254 1444 2326 tierent,
1459 2253 1670 2324 supplicabant.
1684 2252 1762 2322 Quos

57 2347 219 2403 etomniam
234 2346 458 2412 incredulorum,
474 2349 559 2416 atque
572 2343 759 2400 stabilitatem
782 2356 879 2400 eorum
935 2343 1087 2412 episcopus
1109 2355 1244 2398 unacum
1261 2342 1338 2398 clero
1356 2357 1409 2399 suo
1423 2346 1585 2412 assumptos
1605 2338 1667 2415 [tir.
1692 2340 1759 2395 odd.

59 2437 101 2507 qui
115 2435 260 2491 veraciter
273 2435 302 2491 iu
319 2438 346 2489 te
357 2434 486 2490 creduut.
500 2433 552 2489 Sed
566 2432 658 2504 gloria
669 2432 735 2502 tibi,
749 2431 879 2502 Domine,
935 2436 964 2487 et
982 2429 1145 2506 initiatos],
1166 2445 1264 2487 omnes
1283 2430 1440 2502 baptizavit
1461 2444 1511 2500 per
1526 2430 1631 2486 multos
1646 2430 1718 2501 dies,
1734 2436 1762 2488 et

60 2524 101 2594 qui
116 2522 199 2581 solus
220 2523 317 2580 omnia
334 2527 424 2594 potes,
440 2535 496 2578 una
508 2535 573 2578 eum
586 2520 736 2577 benedicto
747 2521 804 2576 Deo
826 2534 882 2576 no-
935 2533 1106 2592 synagogam
1116 2519 1374 2576 eorumeeclesiam
1388 2519 1527 2575 salvatori
1540 2523 1637 2574 nostro
1646 2517 1762 2575 Christo
1862 2524 1868 2531 ’

60 2618 110 2669 stro
132 2616 164 2668 at
188 2613 280 2684 Patre,
312 2617 398 2683 atque
425 2625 489 2667 cum
511 2611 623 2681 Spiritu
647 2613 754 2666 sancto.
781 2609 878 2680 Amen,
934 2609 1051 2665 dicavit.
1069 2608 1234 2665 lllisautem
1252 2608 1431 2682 rogantibus,
1448 2609 1533 2663 etiam
1545 2612 1661 2663 caeteras
1674 2620 1764 2679 syna-

60 2701 256 2771 i'osautem,o
278 2700 344 2771 tilii,
367 2700 465 2756 audite
488 2698 609 2770 reliqua,
633 2712 695 2769 quae
714 2697 880 2767 dispensata
935 2712 1021 2770 gogas
1031 2712 1129 2754 eorum
1144 2699 1282 2768 martyria
1293 2698 1374 2754 iecit:
1390 2702 1419 2755 et
1429 2699 1472 2753 sic
1480 2697 1616 2770 gaudium
1630 2710 1762 2769 maguum

62 2795 120 2846 sunt
138 2790 290 2846 abeodem
309 2789 448 2844 Domino:
469 2789 563 2858 ipsius
581 2788 657 2842 enim
677 2792 738 2843 erat
756 2786 882 2857 permis-
936 2786 1041 2843 iactum
1055 2787 1139 2842 estin
1155 2787 1273 2843 civitate
1290 2787 1350 2856 illa,
1363 2801 1419 2843 non
1434 2787 1527 2843 solum
1540 2784 1710 2855 corporibus
1722 2799 1765 2840 sa-

63 2879 105 2935 sio.
128 2879 262 2949 Denique
281 2880 431 2948 postquam
445 2890 612 2948 percussum
633 2879 676 2931 est
691 2876 789 2932 laucea
803 2875 881 2932 latus
935 2876 1012 2931 natis
1032 2879 1061 2930 et
1080 2876 1246 2946 vivificatis,
1270 2877 1317 2931 sed
1333 2880 1360 2930 et
1381 2879 1424 2933 tot
1442 2873 1594 2931 animabus
1608 2874 1638 2929 in
1650 2873 1764 2929 uitama

62 2968 179 3038 eiusdem
195 2967 333 3039 imaginis
356 2966 481 3037 Domini,
504 2969 533 3022 et
551 2965 693 3021 emanarit
712 2965 831 3037 sanguis
853 2969 881 3022 et
895 2935 920 3002 G
936 2964 1058 3020 mortuis
1085 2965 1275 3021 redeuntibus
1296 2968 1440 3020 aeternam.
1459 2964 1521 3020 Hac
1541 2976 1697 3035 agnoscens
1711 2974 1762 3033 ego

61 3069 136 3128 aqua,
149 3061 183 3112 ut
198 3055 334 3126 superius
347 3055 457 3111 dictum
476 3057 529 3126 est,
544 3053 647 3109 dicunt
662 3054 767 3109 summi
783 3067 881 3110 sacer-
936 3051 1068 3107 festinavi
1081 3051 1209 3108 iudicare
1219 3052 1310 3123 vobis,
1325 3050 1427 3108 iratres
1437 3052 1641 3121 amantissimi,
1654 3052 1688 3106 ad
1702 3051 1765 3106 uti-

60 3144 131 3201 dotes
147 3156 248 3200 eorum
261 3147 289 3199 et
302 3143 445 3199 seniores:
460 3142 601 3211 Quoniam
616 3147 770 3198 susurrant
781 3142 883 3199 colen·
936 3140 1045 3197 litatem
1056 3142 1218 3196 animarum
1231 3148 1406 3197 uestrarum:
1426 3145 1457 3197 ut
1471 3144 1673 3212 cognoscentes
1690 3141 1764 3197 etin

62 3238 97 3288 tes
116 3247 193 3304 eum,
217 3233 293 3304 quod
317 3232 455 3288 sanitates
477 3231 583 3288 multas
602 3228 711 3301 iecerit,
733 3243 882 3286 sumamus
937 3230 990 3286 hoc
1005 3229 1055 3285 Dei
1068 3236 1096 3285 et
1114 3230 1270 3286 salvatoris
1292 3231 1382 3286 nostri
1406 3231 1472 3286 lesu
1486 3230 1594 3285 Christi
1615 3230 1762 3300 virtutem,

61 3336 119 3395 ergo
136 3323 308 3395 sauguinem
333 3322 409 3377 hunc
432 3325 460 3377 et
481 3333 596 3391 aquam,
619 3324 648 3376 et
664 3318 825 3376 deteramus
846 3319 881 3375 ad
938 3318 1003 3388 plus
1013 3319 1124 3391 aliquid
1143 3319 1173 3373 iu
1185 3318 1240 3374 ilde
1256 3319 1349 3388 ipsius
1359 3318 1579 3387 confirmemini,
1594 3322 1622 3373 et
1634 3319 1764 3375 exsulte-

62 3424 236 3484 quagogam,
258 3414 287 3466 et
304 3408 476 3482 colligamus
497 3422 595 3465 omnes
614 3409 665 3479 qui
681 3408 754 3464 male
778 3408 883 3463 habent
936 3407 977 3461 tis
990 3421 1076 3477 super
1089 3406 1270 3479 magnalibus
1284 3407 1356 3477 ejus,
1373 3421 1433 3476 quae
1444 3407 1616 3462 nuncetiam
1628 3413 1763 3476 operatus

64 3499 89 3555 iu
110 3499 217 3570 populo
237 3504 266 3555 et
291 3512 433 3571 ungamus
449 3485 501 3554 'eos
525 3511 559 3553 ex
589 3497 651 3569 illo,
678 3501 707 3552 et
733 3497 881 3553 videamus
937 3502 988 3554 est.
1010 3498 1079 3553 Date
1090 3509 1157 3568 ergo
1170 3495 1227 3565 ipsi
1239 3495 1359 3567 gloriam
1372 3508 1438 3551 cum
1451 3494 1553 3551 laetitia
1574 3495 1603 3549 in
1619 3509 1763 3564 compun-

63 3588 84 3643 si
100 3594 247 3645 aerosum
266 3600 330 3658 quae
352 3586 498 3643 dicuntur.
522 3587 601 3642 Tunc
626 3585 775 3641 atterentes
797 3584 880 3640 lateri
937 3586 1032 3642 ctione
1057 3588 1086 3642 et
1109 3585 1242 3654 lamento,
1270 3583 1425 3656 gaudentes
1450 3589 1478 3639 et
1501 3583 1608 3655 gratias
1637 3587 1762 3656 agentes,
1852 3614 1856 3622 ·

65 3677 144 3734 iconae
154 3677 272 3733 Domini
285 3690 334 3732 sas
344 3677 500 3732 secuudum
514 3675 607 3732 locum
617 3675 753 3748 imaginis
766 3689 883 3745 percus·
939 3676 1007 3747 quia
1023 3689 1074 3731 sua
1090 3689 1142 3730 uos
1155 3674 1219 3747 tide,
1239 3677 1268 3729 et
1286 3686 1338 3729 sua
1357 3671 1425 3729 lecit
1436 3672 1697 3745 agnitionedignos
1714 3669 1764 3746 [iu

66 3766 148 3823 sionis
166 3767 281 3837 lancem,
295 3764 371 3821 uude
388 3765 479 3821 exivit
497 3765 656 3836 sanguiset
674 3778 758 3836 aqua,
783 3764 881 3834 reple-
937 3765 1052 3821 Christo
1075 3765 1141 3820 Jesu
1164 3763 1285 3819 Domino
1316 3759 1445 3837 nostro],
1467 3775 1532 3817 cum
1558 3775 1614 3833 quo
1637 3765 1665 3816 et
1686 3760 1764 3816 Patri

67 3862 157 3911 reruut
170 3854 328 3925 ampullam
343 3853 377 3909 ad
394 3854 488 3911 locum
506 3852 700 3925 jugulationis
712 3853 833 3909 lanceae:
854 3857 883 3910 et
937 3867 995 3910 uua
1018 3867 1083 3909 cum
1108 3853 1219 3924 Spiritu
1235 3856 1333 3908 sancto
1349 3851 1441 3924 gloria
1461 3864 1537 3907 nuuc
1559 3855 1588 3906 et
1607 3864 1718 3920 semper
1738 3852 1767 3906 et

69 3941 220 4015 intercutes,
236 3941 413 3999 illudebant:
431 3945 464 3997 ut
484 3942 603 4012 injuriis
615 3946 789 4020 appeterent,
807 3942 885 3998 sicut
943 3942 1089 3999 insaecula
1112 3943 1292 3998 saeculorum.
1307 3942 1405 3997 hmen.

69 4031 202 4104 putabant,
218 4045 314 4088 coram
338 4030 474 4088 omnibus
489 4031 688 4104 universorum
717 4032 880 4087 Dominum.
976 4032 1181 4089 Constantinus
1200 4031 1402 4087 sanctissimus
1423 4030 1574 4100 episcopus
1593 4028 1767 4085 Constantia>

69 4119 96 4175 tt
106 4122 232 4178 collectis
255 4121 392 4178 omnibus
412 4120 461 4192 qui
479 4120 551 4176 male
565 4120 716 4187 habebant,
738 4126 805 4176 aute
819 4134 885 4176 om-
938 4122 1022 4194 Cypri
1042 4121 1135 4178 dixit:
1158 4122 1199 4176 En
1220 4124 1249 4175 et
1263 4120 1289 4176 is
1304 4120 1354 4191 qui
1371 4119 1407 4175 ab
1424 4119 1640 4184 immortalitate
1657 4131 1769 4190 cogno-

71 4221 109 4265 ues
127 4211 325 4282 paralyticum,
341 4223 424 4280 quem
448 4209 630 4265 anativitate
656 4214 802 4281 nouerant,
831 4209 887 4265 ad-
941 4212 1067 4268 minatus
1089 4215 1141 4279 est,
1167 4213 1254 4266 totam
1277 4214 1403 4264 sanctam
1432 4209 1571 4278 synodum
1597 4206 1669 4263 hanc
1700 4205 1768 4262 iecit

69 4296 190 4355 ducentes
202 4303 363 4355 unxerunt:
376 4302 405 4354 et
416 4298 516 4354 statim
531 4298 621 4368 saliit,
633 4301 662 4353 et
675 4299 788 4355 exsiliit
798 4313 886 4356 sanus
944 4301 1095 4373 compungi
1113 4304 1141 4356 et
1161 4299 1328 4370 lacrymari:
1347 4299 1482 4368 quoniam
1503 4311 1560 4353 non
1572 4296 1666 4353 solum
1681 4309 1768 4351 vene-

72 4383 141 4444 homo
153 4388 278 4459 penitus.
291 4387 400 4444 Deinde
414 4401 504 4443 cacos
516 4388 710 4459 adduxerunt,
723 4390 772 4459 qui
784 4393 813 4444 et
825 4390 883 4462 ipsi
902 4390 930 4453 D
946 4391 1118 4446 randasesse
1133 4388 1275 4461 coguovit,
1297 4401 1393 4443 verum
1408 4386 1494 4443 etlam
1515 4385 1653 4442 maximas
1672 4397 1769 4457 gerere

71 4475 149 4532 risum
173 4483 352 4547 receperunt.
376 4477 554 4533 Daemonium
570 4490 635 4533 vero
661 4477 802 4548 patientes
820 4477 888 4554 [ὒν.
945 4480 1091 4536 sanitates.

72 4563 125 4618 odd.
141 4562 308 4640 innumeri]
325 4580 390 4622 mox
400 4567 547 4623 emundati
568 4570 645 4623 sunt.
660 4566 797 4624 Turbatio
812 4584 889 4639 quo-
979 4568 1113 4624 Tarasius
1132 4567 1333 4624 sanctissimus
1356 4565 1518 4637 patriarcha
1540 4563 1634 4619 dixit:
1656 4562 1710 4618 Sed
1733 4574 1769 4617 ne

73 4664 116 4719 que
137 4668 236 4727 magna
255 4660 284 4711 et
297 4654 410 4711 rnhurta
430 4669 480 4725 per
504 4659 591 4711 totam
620 4655 765 4712 civitatem
789 4656 888 4714 edecta
943 4659 1010 4731 quis
1034 4658 1112 4713 dicat
1135 4672 1188 4714 cur
1214 4657 1304 4712 illae
1297 4669 1396 4726 icona,
1419 4668 1482 4724 quaa
1505 4652 1580 4722 apud
1608 4665 1659 4707 nos
1690 4652 1769 4722 sunt,

73 4745 113 4809 est
127 4743 238 4799 cunctis
250 4742 464 4800 contineutibus
477 4744 718 4815 proptcriutinita
735 4745 884 4803 miracula.
943 4746 1082 4803 miracula
1100 4746 1217 4802 minime
1231 4744 1365 4802 iaciunt?
1385 4743 1427 4800 hu
1449 4755 1532 4814 quem
1553 4740 1768 4811 respondemus.

10 4826 13 4937 l
73 4825 208 4888 bonore
226 4835 322 4888 autem
343 4835 413 4888 sunt
433 4846 531 4888 omnes
548 4832 752 4889 multitudines
772 4835 890 4892 Judaeo-
941 4836 1024 4908 Quia,
1045 4835 1122 4891 sicut
1140 4834 1294 4905 Apostolus
1311 4834 1353 4889 uit
1370 4830 1400 4904 (l
1414 4832 1473 4888 Cor.
1495 4831 1575 4905 xlv),
1592 4830 1675 4902 sigua
1700 4827 1772 4884 iuti-

76 4930 140 4974 rum·
135 4921 256 4990 ,plures
275 4921 352 4977 enim
371 4921 516 4977 civitatem
533 4922 709 4978 habitabant.
727 4922 888 4980 Currebant
941 4925 1064 4995 delibus,
1080 4939 1136 4981 uon
1150 4924 1284 4980 tidelihus
1296 4925 1361 4980 data
1381 4926 1459 4979 sunt.
1476 4923 1546 4976 Nam
1558 4920 1608 4991 qui
1622 4919 1678 4975 ad
1672 4917 1773 4990 imagi-

76 5017 129 5079 crgo
147 5008 270 5066 terentes
289 5024 339 5066 eos
359 5023 431 5081 quos
445 5010 475 5064 iu
497 5010 632 5066 domibus
650 5011 713 5068 suis
735 5011 885 5082 habebant,
943 5028 1005 5070 nem
1018 5013 1198 5084 accedebant,
1222 5011 1352 5067 iulideles
1370 5014 1470 5067 erant:
1492 5015 1641 5080 propterea
1654 5006 1771 5079 signum

77 5102 200 5168 quotquot
210 5098 352 5154 habebant
371 5098 548 5171 languentes,
565 5104 615 5155 aut
631 5101 802 5171 paralyticos
821 5098 882 5175 [Gr.
943 5102 1011 5158 iecit
1029 5104 1104 5159 Deus
1124 5116 1174 5173 per
1196 5101 1359 5174 imaginem,
1385 5105 1417 5156 ut
1439 5099 1506 5157 illos
1529 5101 1655 5157 traheret
1675 5104 1709 5159 ad
1733 5093 1773 5154 il-

78 5183 127 5239 odd.
148 5191 199 5242 aut
221 5187 340 5243 claudos
350 5184 372 5261 ],
392 5193 443 5243 aut
456 5187 575 5257 debiles,
592 5192 643 5244 aut
657 5188 764 5259 aridos,
780 5194 830 5246 aut
843 5190 889 5246 le-
943 5192 1006 5248 dem
1022 5197 1147 5248 nostram
1158 5191 1398 5248 Christianorum.
1411 5190 1554 5245 decoratio
1571 5191 1647 5246 enim
1659 5191 1733 5244 maio
1748 5196 1773 5245 et

80 5281 170 5344 imsos,
192 5289 291 5332 omnes
309 5281 517 5333 cucurrerunt:
533 5277 573 5332 ita
591 5280 724 5348 utusque
746 5292 888 5352 synagoga
947 5282 1073 5337 adultere
1092 5283 1200 5350 signum
1228 5282 1335 5351 qaaerit,
1357 5285 1383 5335 et
1406 5281 1514 5348 signum
1535 5294 1590 5334 non
1611 5279 1723 5333 dubitur
1748 5280 1774 5333 ei

79 5369 169 5435 torum,
192 5363 261 5420 iicet
294 5377 396 5437 magna
426 5363 524 5435 luerit,
547 5370 661 5435 caperet
692 5364 768 5436 illos,
798 5381 889 5439 neque
943 5368 1055 5442 (Metti.
1072 5370 1140 5444 xm).

80 5444 143 5507 locus
163 5453 353 5509 multitudine
375 5453 485 5509 induiti
505 5454 603 5525 populi
621 5455 889 5525 proptermiracula
977 5459 1142 5517 Theodorus
1172 5461 1228 5517 Deo
1252 5459 1387 5516 amabilis
1410 5459 1551 5515 diaconus
1579 5460 1608 5511 et
1638 5452 1769 5510 notarius

80 5545 258 5599 concurrente.
271 5542 377 5599 Omnes
390 5545 485 5599 autem
504 5543 651 5614 principes
662 5544 841 5602 sacerdotum
856 5559 890 5602 ac
943 5548 1030 5620 legit·
1057 5562 1061 5569 ·
