3876 6090
184 225 240 286 'lsi

807 192 985 287 aunsrnsn
1012 228 1279 287 cracromvucann
1697 242 1699 245 ·
1849 223 1895 284 lec

183 354 294 411 dicitur
307 354 445 409 Columna
458 371 466 423 3
484 352 617 409 beatium
629 358 723 409 autem
739 352 768 407 in
787 352 931 408 civitatem
946 368 1009 424 puae
1020 356 1049 416 Α
1063 353 1157 428 fulges
1172 357 1201 411 in
1220 357 1318 427 glorta
1334 357 1529 414 inacessibilis
1545 358 1707 428 splendore,
1725 357 1756 411 in
1769 356 1836 412 exul
1848 369 1851 377 ·
1862 367 1890 405 r·

184 448 302 499 vocatur
312 441 376 497 Cale
388 461 395 509 3
410 447 552 512 quatenus
564 441 763 512 unusquisque
780 455 878 496 eorum
891 442 921 496 in
935 456 1010 497 una-

184 545 299 602 quaque
324 531 441 586 civitate
465 536 607 600 protector
630 536 704 586 esset
728 530 933 600 habitatorum,
958 531 1008 599 qui

184 618 270 675 etiam
296 632 386 688 usque
409 619 494 674 bodie
512 619 663 689 splendent
687 617 834 688 suliragiis
853 618 925 672 suis.
948 619 1010 687 lpse

185 710 320 778 practerea
334 705 412 762 velut
423 708 489 777 quis
504 721 552 762 rex
566 707 670 763 domus
683 706 806 777 propriae
819 706 917 775 requie
931 706 1011 776 poti-

185 800 242 862 tus,
258 792 402 864 proiectus
415 801 458 851 est
472 795 506 850 ad
521 795 666 853 civitatem
682 797 716 851 ad
733 809 817 865 quarn
830 793 945 850 coelitus
957 807 1010 849 vo-

23 931 26 935 .
89 949 92 952 ‚
184 882 1008 953 cabatur,susceptuspraeclarecummultisluminaribus,

185 971 323 1027 odoribus
333 980 418 1042 atque
430 972 543 1038 hvmnis
555 991 562 1041 3
577 972 691 1028 cunctis
702 973 799 1041 etiam,
812 972 861 1041 qui
878 971 940 1026 illic
954 971 1010 1026 ad-

185 1064 276 1130 erant,
289 1060 316 1115 ei
330 1059 441 1114 obviarn
459 1060 488 1115 in
501 1060 692 1115 exsultatione
704 1058 933 1129 procedentibus.

220 1148 260 1202 De
280 1153 382 1202 caetero
402 1147 470 1202 dum
496 1152 660 1216 perventum
680 1152 754 1201 esset
769 1145 803 1201 ad
826 1144 935 1217 urbem,
953 1159 1008 1201 non

186 1234 421 1306 progrediebatur
433 1249 513 1305 arca3
531 1236 647 1304 quidam
663 1235 739 1290 enim
756 1245 934 1303 summopere
947 1237 1010 1288 tra-

187 1323 299 1390 hebant,
315 1322 365 1377 illa
380 1329 474 1379 autem
488 1329 548 1379 erat
565 1323 731 1379 immobilis.
748 1325 857 1378 Etcum
871 1327 1010 1391 essetpo-

188 1412 274 1481 pulus
285 1412 315 1467 in
325 1411 415 1468 multa
424 1412 643 1482 dementatione,
656 1412 812 1481 resumpsit
821 1410 933 1465 tandem
945 1424 1012 1481 gau·

186 1500 266 1556 dium
279 1501 489 1572 tristitia,quia
498 1501 626 1558 obtinuit
638 1501 860 1571 quodpetierata
872 1499 1008 1567 Domino3

183 1604 270 1659 prope
297 1594 336 1643 esi
361 1589 437 1645 enlm
466 1591 595 1647 Dominus
623 1590 810 1643 invocantibus
838 1603 898 1641 earn
924 1586 1008 1655 (Paci,

1065 444 1154 499 tionis
1168 445 1327 500 insatiabili
1339 446 1529 514 jucunditate.
1548 447 1631 502 illinc
1645 460 1707 515 nos,
1720 444 1892 515 benignissi-

1065 544 1118 601 me,
1129 532 1282 592 intucaris:
1294 533 1537 589 illincbenedicas
1548 531 1890 597 tebeatidcautes3illinc

1064 618 1207 689 glorifices
1231 624 1258 675 te
1283 620 1493 691 glorlllcantes3
1512 620 1595 676 illinc
1616 619 1775 676 concordes
1797 618 1889 675 orbem

1064 710 1147 762 terra
1163 711 1302 776 pacatum.
1319 708 1483 764 Sacerdotes
1500 709 1617 778 justitia
1633 708 1664 765 in
1682 706 1838 763 sanctitate
1852 706 1892 762 in·

1064 794 1209 866 duantur3
1225 809 1305 868 reges
1317 796 1401 852 bonis
1413 796 1550 866 operibus
1563 796 1593 851 in
1606 794 1780 852 orthodoxia
1792 798 1889 850 contra

1064 880 1200 937 barbaros
1228 888 1394 955 armentur3
1427 883 1612 939 monasticam
1644 883 1733 938 vitam
1766 874 1892 937 tenentes

1063 970 1306 1027 conversationem
1331 972 1467 1042 aqualem
1490 971 1658 1043 angelorum
1683 983 1716 1026 ac
1743 968 1807 1024 sine
1827 968 1891 1025 dolo

1063 1059 1244 1130 custodiant,
1256 1059 1312 1114 viri
1326 1059 1498 1115 mulieribus
1507 1065 1536 1115 et
1545 1073 1658 1116 rursum
1672 1058 1811 1114 mulieres
1820 1056 1891 1112 viris

1063 1151 1267 1215 competentem
1290 1146 1379 1218 legem
1402 1153 1584 1217 conservent3
1609 1153 1703 1216 patres
1722 1159 1789 1202 cum
1812 1144 1889 1216 illlis,

1065 1235 1197 1304 praelatos
1206 1249 1269 1292 cum
1279 1236 1416 1305 subditis,
1426 1236 1559 1293 dominos
1570 1250 1634 1291 cum
1646 1234 1749 1303 servis,
1759 1222 1888 1290 mutuum

1065 1322 1165 1378 dantes
1179 1337 1243 1379 cum
1259 1323 1439 1380 debitoribus
1453 1326 1649 1380 venundantes
1664 1337 1728 1378 cum
1750 1322 1890 1392 emptori-

1066 1410 1138 1480 bus3
1154 1417 1311 1482 caemraque
1333 1414 1429 1468 omnia
1444 1412 1646 1469 benevolentiae
1666 1417 1723 1467 tuac
1739 1410 1842 1466 eiiectu
1858 1411 1889 1466 all

1066 1500 1222 1555 utilitatem
1238 1500 1405 1571 reipublicae
1418 1506 1542 1573 protege,
1554 1506 1582 1556 ct
1593 1505 1696 1557 cuncta
1707 1513 1774 1570 quae
1787 1512 1934 1555 socun-

1066 1589 1133 1644 dum
1148 1588 1357 1659 beneplacitum
1368 1590 1418 1645 Dei
1431 1590 1520 1661 dirigi
1535 1589 1648 1660 debent,
1666 1589 1831 1658 patrocinio
1844 1594 1934 1645 tuo-

187 1690 279 1740 cxmv,
306 1674 356 1750 la).
383 1678 472 1747 Super
495 1678 567 1734 duas
592 1679 689 1747 itaque
713 1677 820 1732 vitulas
843 1682 936 1731 castas
960 1689 1011 1730 as·
1025 1670 1051 1730 B
1066 1676 1204 1734 deiende:
1230 1683 1259 1732 et
1274 1678 1417 1747 praecipue
1437 1678 1568 1733 alumnos
1583 1678 1722 1733 decoratae
1739 1676 1934 1748 Lipparcon

187 1772 310 1836 sumpta,
325 1767 449 1836 reposita
459 1766 509 1822 ubi
524 1781 637 1822 sacrum
650 1768 712 1836 eius
725 1765 861 1835 templum
878 1764 1011 1833 protinus
1068 1771 1208 1836 pastorem
1225 1779 1339 1836 quoque
1353 1779 1385 1821 ac
1400 1779 1511 1839 gregem
1527 1766 1577 1835 qui
1593 1765 1760 1821 construxit
1778 1778 1934 1826 sacrun-

187 1855 362 1911 estlocatum
377 1874 384 1925 3
397 1854 471 1910 iacto
484 1855 569 1911 etiam
583 1869 646 1910 cum
661 1853 907 1910 consummatione
920 1853 1013 1907 mira·
1066 1855 1203 1924 templum
1221 1859 1312 1924 tuum,
1329 1861 1435 1910 etcum
1451 1854 1552 1925 quite,
1574 1854 1640 1909 licet
1656 1853 1792 1924 breviter,
1808 1867 1843 1909 ex
1864 1869 1934 1914 ειΞ

187 1942 253 1999 culo
267 1944 420 2013 praecipuo.
432 1944 561 2013 Denique
573 1957 637 1999 cum
650 1957 730 1998 mons
741 1942 791 2013 qui
806 1941 950 1998 Vulcanus
960 1954 1013 1996 vo-
1068 1942 1184 1999 laudare
1206 1944 1353 2012 praesumit
1377 1944 1406 1998 in
1426 1943 1541 1997 Christo
1560 1943 1625 1997 lesu
1642 1941 1765 1997 Domino
1785 1950 1881 1998 nostro
1899 1989 1934 2000 -

187 2035 280 2100 catur,
303 2045 372 2100 pene
394 2032 549 2103 contiguus
573 2037 647 2087 esset
668 2031 781 2099 insulae,
808 2032 927 2087 nocivus
952 2033 1012 2085 crat
1067 2045 1149 2103 quem
1170 2032 1250 2086 decet
1268 2032 1363 2088 omnis
1384 2031 1485 2103 gloria,
1503 2031 1595 2087 bonor
1612 2035 1639 2085 et
1661 2031 1806 2102 adoratio,
1830 2045 1882 2086 cun
1922 2050 1934 2088 :

128 2165 132 2172 .
188 2118 235 2175 bis
245 2120 294 2189 qui
310 2121 536 2191 circumquaque
548 2120 741 2176 morabantur.
754 2122 833 2176 Tunc
846 2120 1013 2175 recessuin·
1067 2120 1260 2189 omnipotente
1281 2122 1371 2190 Patre,
1394 2134 1426 2175 ac
1445 2120 1629 2175 sanctissimo
1650 2123 1678 2174 et.
1697 2119 1815 2174 vivifico
1836 2119 1901 2189 Spi.

186 2208 299 2265 visibili
316 2214 410 2265 motus
430 2215 474 2265 est
494 2209 576 2280 quasi
594 2209 697 2265 stadiis
712 2214 818 2279 septem
840 2210 918 2264 cirea
936 2221 1012 2263 mare
1067 2207 1136 2273 ritu,
1166 2221 1241 2264 nunc
1270 2212 1299 2262 et
1328 2221 1439 2278 semper
1464 2214 1492 2263 et
1518 2207 1548 2262 in
1576 2205 1680 2262 saccula
1708 2207 1880 2263 saeculorum
1909 2249 1934 2263 ..

187 2298 1011 2369 suspensus,itautusquehodicappareatvidentibusqua·
1065 2296 1163 2351 Amen.

187 2387 213 2444 si
233 2387 368 2461 figuratio
388 2393 496 2444 tractus
515 2386 655 2458 fugientis
674 2387 760 2458 ignis.
786 2387 872 2442 Porro
894 2392 965 2457 quot
984 2392 1012 2442 et
1102 2386 1209 2442 llaecde
1223 2385 1421 2440 Bartholomaei
1436 2384 1571 2441 laudibus
1583 2385 1704 2455 eiusque
1717 2385 1934 2442 mirabiliter

188 2481 295 2546 quanta
312 2476 447 2545 deinceps
461 2475 635 2531 mirabiliter
648 2481 783 2545 operatus
803 2475 851 2542 sit,
869 2480 920 2531 aut
938 2476 1011 2530 nrira
1066 2474 1182 2529 advecto
1199 2475 1228 2529 in
1244 2474 1389 2544 Lipparim
1408 2488 1527 2544 corpore
1543 2475 1719 2544 Theodorus,
1738 2473 1815 2529 iama
1833 2489 1919 2531 saru-

188 2561 296 2618 iaciens
315 2571 449 2632 operetur
466 2564 602 2620 hactenus
617 2563 693 2618 circa
715 2577 763 2617 cos
783 2563 832 2634 qui
853 2578 869 2618 a
888 2564 1011 2619 diversis
1066 2562 1177 2617 ctitatis
1189 2563 1240 2616 bac
1252 2562 1405 2617 sacerdotii
1422 2561 1563 2634 dignitate
1577 2563 1764 2632 conspicuus,
1777 2563 1905 2618 iidore-

188 2649 357 2720 langoribus
371 2655 399 2706 et
414 2651 634 2706 iullrmitatibus
649 2652 781 2707 obstricti
797 2653 831 2707 ad
847 2652 941 2722 ipsum
958 2653 1012 2708 ilde

187 2737 369 2810 coniugiunt,
382 2753 433 2794 nec
444 2741 635 2796 necessarium
652 2744 695 2795 est
705 2740 800 2796 dicere
814 2740 850 2796 ob
866 2740 1014 2810 prolixita-

189 2828 1012 2901 temtractatus,necincredibileaudienti,cumpignusex

1067 2651 1128 2706 latu
1145 2650 1294 2720 explicuit.
1315 2641 1383 2720 Qua'
1395 2664 1461 2706 vero
1481 2650 1614 2720 deinceps
1631 2652 1784 2709 occasione
1804 2665 1908 2722 quove

1067 2738 1108 2794 sit
1117 2739 1218 2794 ordine
1228 2739 1263 2794 dc
1275 2739 1371 2794 eadem
1386 2738 1481 2794 insula
1492 2738 1677 2807 Lipparltana
1687 2742 1895 2809 transvectum,

1067 2842 1132 2885 cum
1146 2828 1251 2884 ibidem
1265 2842 1357 2898 usque
1367 2828 1402 2883 ad
1411 2840 1517 2882 annum
1529 2827 1801 2898 octingentesimum
1813 2831 1891 2883 oeta-

188 2927 246 2971 uno
258 2914 492 2971 babeataliorum
504 2916 698 2972 exhibitiones
709 2917 781 2972 mire
792 2924 945 2989 gestorum.
959 2919 1009 2974 Sed
1066 2931 1132 2972 vum
1145 2915 1181 2970 ab
1196 2916 1393 2971 incarnatione
1407 2915 1521 2971 Domini
1535 2909 1625 2970 nbstri
1638 2916 1705 2969 Jesu
1719 2915 1829 2971 Christi
1845 2930 1889 2969 re·

190 3016 250 3071 ave,
279 3017 295 3059 o
320 3002 399 3059 beate
432 3004 588 3074 beatorum,
614 3012 713 3076 terque
746 3011 903 3077 quaterque
931 3007 1011 3063 beate
1027 2988 1051 3050 C
1067 3004 1477 3076 quiesceretcorpusejnsdcm
1495 3003 1569 3057 beati
1583 3002 1719 3074 apostoli,
1733 3003 1885 3074 dereliqno

188 3091 400 3146 Bartholomaee.
410 3092 476 3160 live,
487 3093 536 3163 qui
548 3106 578 3149 es
590 3093 640 3149 Dei
654 3101 763 3150 amator
772 3100 800 3150 et
815 3094 951 3162 imitator,
965 3095 1012 3150 bo
1057 3090 1218 3149 iiicendum
1232 3098 1284 3147 est.

188 3179 218 3235 ni
231 3179 343 3235 scilicet
356 3180 484 3252 blagistri
497 3198 505 3251 3
518 3194 577 3251 are,
592 3183 642 3252 qui
656 3196 686 3238 es
698 3183 804 3237 divinae
821 3182 906 3252 lucis,
921 3183 1011 3253 splen-

186 3268 240 3323 dor
254 3274 358 3323 sanctae
374 3269 506 3324 Ecclesiae
521 3288 527 3338 3
541 3284 591 3326 ave
607 3272 657 3340 qui
673 3285 703 3327 es
718 3272 788 3327 bene
803 3285 909 3327 sonans
924 3286 1011 3344 orga-

187 3369 256 3412 num
269 3357 433 3426 spiritualis
447 3358 594 3429 melodiae3
611 3373 670 3428 ave,
685 3360 948 3416 artillcioserbetor
961 3375 1011 3416 ve-

187 3459 224 3500 re
237 3445 385 3515 sapientiae
397 3460 474 3517 3ave,
486 3448 536 3517 qui
548 3461 578 3502 es
591 3449 688 3518 peritae
698 3455 823 3518 captura
834 3449 961 3518 piscator
970 3463 1011 3504 ra·

186 3534 1010 3606 tionabiliumpiscium3are,quicsmulticbnrietdulcis

187 3620 300 3677 iructus
319 3623 427 3691 palmes
446 3622 555 3677 Christi
577 3623 679 3678 vividae
701 3630 729 3677 ct
748 3626 871 3693 paternae
888 3624 1010 3679 cultura

188 3710 257 3765 vitis
273 3727 280 3778 3
301 3723 361 3778 ave,
383 3710 469 3780 digne
483 3709 595 3765 meritis
610 3709 715 3764 iamule
728 3710 842 3764 Domini
858 3711 1011 3766 universo—

189 3809 326 3867 rum3ave
337 3798 438 3852 merito
448 3796 650 3852 desiderabilis
660 3797 751 3853 amice
761 3798 1008 3870 coelestissponsi3

188 3897 247 3952 ave,
260 3884 309 3952 qui
318 3897 349 3938 es
359 3882 845 3955 sapientiaduentlsetmnltiplicls
853 3887 1010 3955 potationis

188 3985 220 4026 ac
230 3971 325 4026 lumen
336 3971 500 4041 spiritualis
512 3973 637 4042 paradisi
650 3991 658 4042 3
669 3987 728 4040 avc,
742 3975 791 4044 qui
801 3989 831 4031 es
840 3975 937 4031 divina
947 3976 1011 4031 vir-

189 4063 249 4114 tute
259 4059 553 4132 vulneratordiaboli‚
567 4063 703 4119 mundum
716 4078 769 4119 suo
786 4064 932 4120 latricinio
943 4065 1011 4119 vul-

189 4149 335 4220 nerantis3
349 4163 399 4205 ave
415 4150 464 4218 qui
480 4151 682 4220 multipliciter
696 4165 815 4222 appares
833 4155 938 4208 mundo
953 4156 1012 4209 Lu-

187 4234 260 4292 ciier
281 4238 331 4294 Dei
349 4240 532 4310 cognitionis.
549 4239 689 4312 Gaudeas,
705 4241 848 4296 divinitus
867 4241 1009 4299 illustrata

1100 3181 1336 3250 supervenientes
1363 3181 1459 3251 itaque
1482 3180 1614 3235 Saraceni
1636 3180 1795 3248 depraedati
1824 3184 1883 3235 snnt
1907 3250 1908 3254 Ἰ

1065 3274 1092 3326 et
1107 3270 1352 3339 depopulaverunt
1372 3269 1535 3338 praedictam
1549 3268 1686 3338 insulam,
1707 3276 1737 3323 et
1754 3281 1882 3339 rumpen·

1066 3362 1108 3413 tes
1123 3358 1287 3426 sepulcrum
1305 3358 1439 3428 apostoli,
1460 3357 1661 3426 disperserunt
1679 3370 1746 3412 ossa
1760 3358 1824 3426 ejus
1843 3369 1883 3426 per

1064 3445 1186 3501 diversa.
1204 3447 1267 3501 blox
1279 3445 1340 3502 illis
1354 3444 1569 3501 discedentibus
1585 3459 1634 3514 per
1645 3444 1788 3501 visionem
1802 3458 1882 3515 appa·

1065 3548 1131 3589 rens
1147 3534 1236 3589 isdem
1256 3534 1404 3602 apostolus
1425 3533 1474 3588 Dei
1491 3534 1605 3609 cuidam
1627 3533 1728 3589 Craeco
1753 3533 1883 3590 monacho

1065 3625 1114 3694 qui
1138 3622 1230 3679 iuerat
1251 3623 1379 3679 ecclesia
1402 3623 1497 3692 ipsius
1512 3627 1619 3692 custos,
1641 3622 1683 3677 ait
1704 3621 1767 3677 illi:
1792 3622 1882 3694 Surge

1064 3712 1168 3783 collige
1179 3725 1243 3767 ossa
1258 3724 1318 3766 mea
1332 3725 1394 3782 quae
1404 3711 1535 3781 dispersa
1551 3716 1627 3765 sunt.
1641 3711 1693 3765 Cui
1708 3709 1758 3765 ille
1771 3723 1884 3780 respon·

1064 3799 1126 3855 dit:
1144 3798 1236 3866 Quare
1251 3813 1314 3855 ossa
1330 3805 1379 3854 tua
1394 3799 1541 3870 colligere,
1556 3804 1607 3854 aut
1622 3798 1750 3868 aliquem
1766 3797 1822 3852 tibi
1837 3797 1885 3852 bo-

1066 3901 1162 3943 norem
1179 3888 1341 3956 impendere
1353 3887 1516 3956 debeamus,
1530 3901 1595 3942 curn
1610 3892 1640 3942 tn
1657 3886 1828 3956 permiseris
1840 3898 1887 3940 nos

1064 3981 1092 4031 et
1116 3976 1251 4045 populum
1276 3975 1362 4030 istum
1387 3988 1402 4030 a
1424 3975 1542 4047 paganis
1563 3975 1652 4030 deleri
1678 3980 1706 4029 et
1731 3974 1816 4030 nobis
1839 3986 1887 4028 ne-

1066 4077 1209 4134 quaquam
1230 4063 1390 4119 auxiliatus
1411 4063 1465 4119 esi
1482 4062 1519 4118 At
1543 4062 1592 4118 ille
1612 4063 1710 4117 dixit.-
1735 4061 1887 4129 Perlonge

1065 4165 1205 4208 annorum
1225 4152 1372 4207 curricula
1393 4166 1444 4222 pro
1467 4152 1520 4207 hoc
1539 4151 1644 4222 populo
1666 4151 1822 4206 Dominum
1838 4150 1888 4204 de-

1065 4246 1197 4310 precatus
1221 4254 1294 4308 sum,
1318 4253 1350 4295 ac
1373 4240 1443 4295 meis
1466 4253 1531 4295 cunr
1558 4238 1691 4309 precibus
1714 4238 1792 4294 unde
1816 4249 1887 4293 nunc

188 4332 217 4383 et
240 4327 323 4399 ignea
345 4343 360 4383 e
380 4327 478 4384 lumna
497 4329 692 4399 orthodoxiae,
715 4329 848 4400 gaudeas,
869 4329 911 4384 sol
932 4331 1011 4387 orbis
1025 4324 1050 4384 D
1066 4342 1157 4398 usque
1183 4329 1275 4384 securi
1305 4328 1506 4396 constiterunt,
1536 4327 1677 4382 concessit
1708 4325 1889 4395 omnipotens

188 4421 280 4488 terra,
293 4419 342 4488 qui
354 4425 457 4474 cuncta
469 4418 632 4486 illuminas3
645 4418 777 4490 gaudeas,
789 4431 821 4473 os
831 4418 881 4473 Dei
893 4421 1011 4488 sapien-

188 4505 236 4561 tia
252 4505 380 4577 linguam
394 4507 500 4563 babens
514 4508 635 4578 ignitam
647 4524 654 4575 3
667 4507 800 4577 gaudeas,
812 4507 921 4580 jugiter
931 4522 1012 4564 ema-

189 4592 1013 4665 nansionssanitotum3gaudeas,daemonumterribilisin·

189 4687 302 4736 secutor
315 4701 323 4748 3
337 4684 460 4754 gaudeas
473 4684 521 4753 qui
547 4696 577 4738 es
593 4683 793 4755 multipliciter
807 4685 944 4755 optabilis
959 4685 1013 4741 ior·

189 4770 309 4825 mositas
323 4773 465 4827 Armeniae
477 4790 484 4840 3
498 4773 631 4844 gaudeas,
649 4775 698 4844 qui
712 4774 747 4829 ab
759 4775 869 4830 oriente
882 4776 916 4830 ad
932 4775 1014 4830 occi-

189 4860 301 4913 dentem
319 4873 460 4929 permane
478 4863 631 4919 ambulasti
651 4864 794 4936 gloriose,
813 4865 947 4936 gaudeas,
962 4864 1011 4934 qui

189 4961 219 5004 cs
239 4948 392 5019 Lippareos
414 4951 579 5009 salutabilis
603 4959 631 5008 et
652 4954 833 5009 multimodis
855 4952 1013 5009 adorabilis

191 5037 326 5108 gloriatio
336 5057 344 5107 3
356 5041 479 5110 gaudeas
490 5043 540 5111 qui
555 5056 630 5097 mare
643 5042 830 5098 sanctificasti
841 5043 1014 5099 meabilibus

191 5128 360 5200 gressibus3
380 5130 514 5200 gaudeas,
534 5132 583 5201 qui
604 5136 708 5186 terram
730 5145 902 5200 purpuream
919 5131 1012 5188 iecisti

191 5216 1011 5290 ruboresanctissimisangninistui3gaudeas,quiaerem

190 5306 1013 5375 suavitatisodoribusreplestisacrisspiraminibusdivi·

191 5409 293 5453 norum
308 5395 488 5466 eloquiorum
505 5400 618 5450 tuorum
632 5414 639 5464 3
656 5395 789 5467 gaudeas,
808 5396 857 5466 qui
873 5397 907 5452 ad
924 5398 1011 5453 cmlos

189 5486 364 5556 commeasti,
380 5490 408 5540 et
419 5484 530 5540 medius
543 5483 573 5538 in
589 5484 676 5540 choro
691 5484 796 5539 divinae
806 5486 878 5541 aciei
893 5491 947 5542 tuae
963 5500 1013 5541 re-

1065 4418 1158 4481 Deus3
1174 4417 1311 4487 sed-quia
1334 4416 1524 4486 multiplicata
1544 4421 1611 4471 sunt
1625 4415 1697 4469 mala
1713 4414 1809 4483 illins,
1827 4426 1890 4468 cre-

1066 4505 1163 4574 vitpue
1188 4505 1330 4575 iniquitas
1354 4505 1452 4575 nimis,
1473 4518 1529 4560 non
1548 4505 1607 4574 jam
1628 4502 1759 4559 obtinere
1784 4515 1835 4572 pro
1857 4515 1890 4555 eo

1065 4593 1143 4648 valui
1161 4600 1193 4649 ut
1206 4593 1331 4662 amplius
1346 4593 1442 4648 salvus
1463 4592 1637 4662 persisteret,
1661 4590 1771 4645 idcirco
1792 4587 1887 4659 periit.

1066 4683 1107 4737 Tu
1129 4696 1214 4754 surge
1241 4687 1351 4737 tantum
1378 4686 1406 4737 et
1429 4680 1542 4752 collige,
1569 4686 1600 4736 ut
1622 4679 1696 4749 dixi,
1725 4691 1791 4733 ossa
1820 4689 1889 4746 mea,

1066 4785 1156 4841 eaque
1172 4777 1203 4826 ut
1218 4771 1271 4826 tibi
1289 4783 1445 4841 praecepero
1460 4768 1615 4841 diligenter
1629 4767 1760 4822 reconde.
1773 4765 1829 4822 Cui
1843 4763 1892 4821 illc

1068 4861 1225 4918 monachus
1246 4861 1305 4915 ait:
1326 4861 1361 4914 Et
1393 4860 1535 4930 quomodo
1561 4871 1593 4913 ea
1623 4856 1754 4912 invenire
1781 4861 1891 4925 potero,

1069 4951 1119 5022 qui
1139 4950 1236 5005 nescio
1256 4949 1305 5005 ubi
1324 4949 1452 5018 dispersa
1472 4945 1655 5003 suntillicit
1677 4945 1703 5000 ei
1724 4943 1890 5013 apostolus:

1067 5041 1154 5095 Nocte
1171 5038 1240 5093 vade
1261 5039 1294 5093 ad
1317 5036 1509 5108 colligendum
1529 5049 1571 5103 ea,
1587 5040 1616 5090 et
1634 5047 1697 5103 quar
1714 5032 1827 5089 videris
1844 5045 1894 5087 re-

1068 5128 1216 5198 splendere
1239 5133 1269 5182 ut
1286 5127 1389 5198 ignem,
1412 5127 1470 5180 haec
1485 5125 1555 5195 leva,
1574 5124 1643 5193 quia
1664 5136 1729 5178 vere
1746 5123 1811 5192 ipsa
1826 5129 1893 5177 sunt

1067 5231 1130 5274 ossa
1154 5230 1223 5272 mea.
1247 5215 1301 5284 Qui
1322 5215 1420 5270 statim
1439 5228 1560 5286 surgens
1580 5217 1706 5282 perrexit
1726 5212 1760 5267 ad
1786 5213 1893 5281 locum,

1067 5311 1095 5363 et
1120 5306 1229 5361 invenit
1255 5304 1331 5361 sicut
1354 5303 1501 5372 apostolus
1525 5302 1645 5370 dixerat,
1669 5308 1696 5356 et
1720 5300 1840 5373 collegit
1862 5313 1894 5356 ea

1068 5394 1277 5461 indubitanter,
1293 5399 1321 5448 et
1336 5391 1482 5447 recondita
1499 5391 1528 5445 in
1543 5389 1637 5444 loculo
1651 5388 1811 5459 diligenter
1826 5387 1895 5444 abs

1067 5482 1166 5541 condit
1181 5486 1209 5538 et
1226 5481 1301 5537 abiit
1322 5480 1422 5536 relicto
1444 5479 1485 5534 ibi
1506 5477 1585 5534 socio
1607 5490 1668 5533 suo.
1692 5477 1824 5547 Cumque
1844 5491 1897 5546 pro
