3876 6090
119 268 175 327 331
503 277 776 337 maurenciaco
793 278 917 336 Sinoni
936 281 982 337 VII
1000 282 1203 339 censentis.
1222 310 1259 324 -
1276 282 1377 338 ACTIO
1400 284 1441 338 lv.
1773 279 1828 341 338

119 409 198 451 norae
215 396 337 468 fleterne,
358 413 392 454 ac
410 403 474 457 novi
496 403 675 460 Constantini
699 406 786 476 hujus
800 407 856 461 Deo
874 418 948 460 con·
958 405 987 463 Α
1002 411 1030 459 ct
1043 407 1223 476 propheticas
1234 420 1325 478 voces,
1346 420 1396 476 per
1408 420 1479 478 quas
1499 406 1638 463 honorare
1651 413 1680 463 et
1691 408 1828 480 magnid-

119 486 250 541 scrnandi
272 489 423 560 germinis,
443 499 611 564 congregata
627 497 751 551 secundo
774 496 802 550 in
827 496 878 551 hac
892 494 948 549 bii-
1002 506 1065 549 care
1081 494 1249 566 didicimus,
1264 496 1356 566 primo
1374 494 1488 564 quidem
1510 508 1571 550 eam
1584 509 1647 566 qnae
1665 497 1780 566 proprie
1793 511 1828 552 ac

118 573 273 629 carensium
295 575 372 631 clara
396 580 555 648 metropoli,
574 595 622 650 per
642 581 792 639 lectionem
811 583 947 639 conside·
1001 584 1140 640 veraciter
1159 590 1202 640 est
1229 584 1280 640 Del
1302 584 1437 656 genitrix,
1458 588 1487 639 et
1505 584 1637 654 superior
1663 583 1828 641 coelestibns

118 674 185 718 rans
200 664 433 721 memorabilium
448 673 475 722 et
487 668 633 727 beatorum
652 672 765 727 Patrurn
782 678 944 729 nostrorum
1002 672 1114 727 eunctis
1124 673 1283 728 virtutihus
1294 691 1301 742 ς
1314 677 1483 742 sanctasque
1502 672 1683 744 etangelicas
1694 672 1826 742 virtutes,

117 752 260 822 dogmata,
284 753 379 822 ipsum
392 756 507 824 quidem
519 759 608 814 Deum
626 759 946 832 glorificat,aquoillie
1000 764 1086 828 atquc
1105 759 1202 816 beatos
1218 767 1246 816 et
1256 759 1502 817 laudabilissimos
1522 759 1678 832 apostolos,
1702 758 1830 830 prophe-

117 840 201 895 datus
221 845 265 896 est
278 855 372 898 seram
384 843 418 898 ad
436 844 596 902 doctrinam
617 853 752 918 nostram,
769 854 797 904 et
808 848 842 904 ad
860 849 947 919 perfe-
1000 852 1100 917 tasqnc
1112 854 1140 902 et
1154 848 1295 919 gloriosos
1314 853 1461 920 martyres,
1478 848 1528 920 qui
1551 861 1602 919 pro
1611 848 1726 904 Christo
1740 851 1829 903 certa·

116 928 241 984 ctionem
256 929 406 987 catholicae
416 937 444 986 et
460 934 624 1002 apostolieae
635 936 785 992 Ecclesiae:
809 937 945 994 adversus
999 943 1117 1008 verunt3
1137 942 1222 1007 atquc
1237 940 1350 993 sanctos
1363 944 1391 992 et
1402 936 1525 993 deiferos
1539 936 1699 1008 magistros,
1720 941 1749 992 et
1764 948 1830 991 om-

117 1029 244 1072 rcroeos
256 1017 307 1087 qui
322 1031 379 1075 non
391 1021 562 1077 sentiuntea
576 1023 704 1095 qualili,
716 1024 945 1082 sedobumbrare
1000 1039 1050 1081 nes
1069 1031 1182 1081 sanctos
1201 1027 1296 1082 viros:
1327 1026 1475 1083 ethorum
1499 1029 1629 1095 expetere
1651 1024 1831 1081 intercessio·

118 1104 281 1162 moliuntur
294 1120 357 1162 eam
373 1121 509 1179 qnaerere
529 1112 699 1181 estvcritas,
722 1127 770 1179 per
791 1115 944 1170 novitatem
1000 1128 1060 1184 nes,
1072 1113 1239 1170 ntvalentes
1252 1127 1303 1170 nos
1322 1113 1480 1170 familiares
1494 1114 1609 1169 reddere
1628 1113 1688 1185 regi
1699 1113 1829 1170 omnium

117 1206 208 1264 snam,
227 1194 331 1264 psalmi
358 1197 514 1254 concinunt
533 1212 643 1255 vocem:
660 1200 771 1270 Quanta
795 1202 943 1273 malignati
999 1203 1065 1271 Deo,
1077 1202 1273 1258 custodientes
1291 1202 1424 1258 videlicet
1445 1202 1574 1258 mandata
1588 1202 1661 1274 ejus,
1679 1206 1708 1258 et
1724 1203 1754 1258 in
1776 1202 1831 1259 vir·

118 1289 184 1338 sunt
196 1282 312 1339 inimici
330 1284 359 1339 in
372 1291 540 1357 sanctotuo,
553 1293 582 1342 et
596 1287 711 1360 gloriati
725 1291 943 1361 suntdicentes‚
1000 1289 1113 1345 tutibus
1135 1289 1228 1364 rivere
1250 1295 1445 1360 procurantes.
1475 1293 1594 1360 insuper
1615 1289 1774 1346 salutamus
1801 1294 1831 1346 ct

118 1370 256 1441 quianon
275 1378 319 1426 est
342 1373 485 1444 magister,
504 1382 533 1430 et
553 1389 606 1431 nos
632 1389 687 1432 non
714 1384 864 1449 cognoscet
884 1384 946 1434 tra-
1001 1377 1119 1449 liguram
1140 1378 1272 1448 pretiose
1290 1391 1323 1433 ac
1347 1379 1466 1434 vivifica
1493 1379 1600 1447 crucis,
1624 1383 1652 1434 et
1673 1384 1771 1435 sancta
1796 1379 1832 1434 li·

118 1464 225 1514 ctantes
248 1460 348 1516 dolose
362 1461 478 1518 verbum
500 1464 630 1521 veritatis
650 1465 732 1536 (l'snl.
756 1468 864 1539 unuin).
888 1469 945 1523 Nos
1000 1479 1086 1535 psana
1112 1473 1293 1535 sanctorum3
1314 1473 1342 1521 ct
1358 1472 1471 1523 mactas
1485 1479 1519 1522 ac
1538 1465 1714 1523 uenerabiles
1732 1468 1830 1523 iconas

118 1553 209 1604 antem
224 1563 274 1618 per
287 1550 382 1606 omnia
399 1553 561 1608 eorumdem
580 1551 753 1610 deiferorum
769 1557 881 1612 Patrum
898 1570 946 1611 no
1001 1555 1156 1624 recipimus
1170 1560 1198 1611 et
1219 1555 1389 1627 salutamus,
1410 1561 1496 1626 atque
1512 1555 1714 1625 amplectimur
1732 1569 1833 1612 secun·

118 1642 241 1693 strornm
254 1639 386 1709 dogmata
404 1646 432 1695 et
447 1648 583 1711 precepta
601 1648 738 1713 tenentes,
757 1645 945 1714 predicamus
1000 1644 1068 1699 dum
1090 1644 1239 1714 antiquam
1270 1644 1454 1699 traditionem
1480 1650 1584 1700 sanctae
1607 1643 1755 1700 catholice
1779 1645 1829 1701 bei

118 1739 172 1782 nno
188 1739 239 1782 ore
253 1734 284 1782 ct
299 1729 459 1798 unocordc,
476 1730 549 1785 nihil
563 1732 708 1803 addentes,
724 1733 798 1789 nihil
817 1730 947 1789 auferen·
960 1703 986 1763 Β
1000 1732 1143 1801 Ecclesiae,
1161 1732 1190 1788 id
1208 1738 1262 1803 est,
1274 1737 1437 1788 sanctorum
1451 1733 1568 1788 Parrum
1589 1737 1762 1802 nostrorum,
1779 1733 1829 1804 qni

120 1819 201 1869 tesca
213 1813 335 1885 hisquae
346 1815 382 1870 ah
396 1816 459 1872 illis
471 1818 575 1874 tradita
587 1825 655 1875 sunt
672 1820 773 1889 nohis;
795 1821 842 1876 scd
858 1821 886 1875 in
899 1820 946 1876 his
999 1825 1027 1876 et
1043 1820 1094 1876 has
1113 1826 1310 1892 susceperuut,
1337 1825 1366 1877 et
1384 1821 1570 1877 stabilierunt
1583 1819 1643 1877 fore
1663 1822 1693 1877 in
1716 1822 1830 1879 cunctis

120 1902 296 1975 roboramur,
314 1904 343 1959 in
357 1903 404 1960 his
421 1907 637 1964 confirmamur:
661 1909 700 1964 ita
713 1910 892 1978 confitemur,
905 1910 946 1965 ita
999 1910 1049 1965 Dei
1070 1909 1211 1977 ecclesiis,
1232 1915 1260 1964 et
1282 1910 1312 1965 ln
1338 1910 1416 1965 omni
1441 1910 1503 1966 loco
1524 1910 1732 1966 dominationis
1754 1911 1827 1979 ejas.

120 1990 260 2064 docemus,
275 1995 512 2062 quemadmodum
535 2002 683 2053 sanotaeac
705 1998 880 2054 uniuersales
896 2011 945 2054 sca
999 1999 1085 2054 Porro
1099 1997 1150 2054 has
1172 1998 1311 2067 pretiosas
1324 2003 1352 2053 et
1376 1997 1552 2054 venerabiles
1574 1999 1681 2069 iconas,
1708 2006 1741 2055 nt
1762 2012 1833 2070 prae·

122 2082 214 2152 synodi
234 2081 410 2138 definierunt
430 2088 459 2139 et
485 2085 677 2142 firmaverunt.
703 2089 737 2142 Et
754 2087 899 2143 credimus
914 2087 943 2142 in
998 2085 1176 2157 dictumest,
1197 2085 1371 2142 honoramus
1385 2092 1414 2140 et
1426 2085 1595 2152 salutamus,
1609 2099 1642 2141 ae
1656 2086 1830 2143 honoranter

123 2185 204 2226 nuum
219 2171 308 2226 mum
329 2171 439 2227 Patrem
455 2173 687 2244 omnipotentem,
702 2176 830 2230 omnium
851 2173 945 2230 facto-
999 2174 1169 2229 adoramus:
1187 2173 1238 2229 hoc
1260 2180 1313 2242 est,
1336 2173 1430 2245 magni
1451 2173 1501 2229 liei
1520 2178 1548 2228 et
1564 2172 1721 2230 salvatoris
1736 2174 1829 2232 nostrl

125 2272 174 2314 nm
187 2258 351 2315 visibilium
366 2265 394 2315 et
410 2260 618 2318 irruisibilinm:
640 2269 668 2318 et
691 2264 720 2318 iu
739 2277 827 2319 unum
849 2263 942 2318 Domi·
997 2264 1042 2319 les
1074 2262 1183 2318 curisti
1196 2262 1410 2318 humanationis
1423 2261 1588 2333 imaginem,
1601 2262 1829 2319 etintermeratae

126 2362 183 2403 num
195 2348 290 2404 Jesum
302 2348 449 2404 Christum
464 2351 645 2422 unigenitum
660 2351 764 2408 Filium
777 2358 805 2408 et
820 2351 942 2407 Verbum
997 2353 1121 2409 dominae
1137 2357 1240 2407 nostra
1261 2351 1450 2408 sanctissimae
1466 2351 1516 2407 bei
1539 2351 1699 2423 genitricis,
1717 2365 1751 2407 ex
1771 2366 1829 2424 qna

128 2436 187 2504 ejus,
210 2450 260 2506 per
282 2450 365 2506 quem
387 2437 483 2493 omnia
504 2436 577 2494 fracta
594 2445 670 2495 sunt.
696 2442 730 2495 Et
749 2440 779 2495 in
802 2439 941 2510 Spiritum
1000 2442 1060 2512 ipse
1082 2440 1176 2496 voluit
1191 2441 1346 2511 incarnari,
1362 2444 1391 2496 et
1414 2440 1524 2496 salvare
1537 2446 1623 2511 atque
1637 2440 1759 2497 liberare
1777 2455 1830 2497 ns

130 2530 242 2580 sanetum
267 2525 420 2581 bominum
440 2530 467 2581 et
485 2527 684 2597 vivificantem,
708 2527 944 2584 consubstantia-
998 2531 1121 2588 ahomni
1139 2530 1227 2600 impia
1244 2530 1385 2586 idolorum
1405 2530 1537 2585 vesania:
1553 2534 1718 2586 sanctorum
1740 2530 1827 2586 etiam

133 2610 535 2685 lanqueetconsempiternnm
547 2617 639 2672 eidem
656 2618 731 2672 Patri
744 2623 772 2672 ct
784 2618 858 2674 filio
869 2620 942 2690 ejus,
997 2626 1026 2676 et
1037 2619 1263 2688 incorporalium
1278 2619 1461 2691 angelorum:
1480 2622 1513 2674 nt
1534 2617 1665 2674 homines
1686 2618 1762 2674 enim
1784 2620 1826 2688 jn·

135 2700 234 2770 quiana
250 2717 314 2758 cnm
334 2717 367 2759 eo
379 2704 442 2760 sine
454 2704 539 2760 initio
560 2711 611 2761 est.
630 2706 800 2761 Trinitatem
815 2707 943 2765 incondi-
998 2709 1053 2765 stis
1070 2711 1275 2779 apparuerunt.
1296 2707 1438 2762 Similiter
1451 2712 1546 2763 autem
1565 2711 1594 2762 et
1610 2706 1774 2763 divinorum
1796 2719 1829 2764 ac

135 2789 361 2864 tamindivisam,
386 2792 713 2865 incomprehensibilem,
732 2795 945 2853 incircumscri·
998 2795 1257 2852 famosissimorum
1286 2796 1492 2866 apostolorum,
1514 2795 1715 2866 deiloquorum
1740 2795 1827 2851 etiarn

136 2884 204 2946 ptam:
224 2881 350 2936 eamdem
378 2885 463 2937 totam
491 2895 523 2938 ac
552 2884 641 2939 solam
663 2884 800 2940 servitute
826 2882 942 2962 [latria]
998 2885 1211 2956 prophetarum,
1234 2890 1262 2940 et
1286 2890 1459 2940 certatorum
1481 2889 1648 2954 martyrum,
1668 2889 1697 2939 et
1720 2891 1829 2941 sancto·

136 2966 269 3040 colendam,
295 2974 323 3025 et
353 2971 537 3038 adorandam,
564 2978 591 3027 et
623 2974 827 3029 venerandam:
857 2990 942 3031 arnam
998 2989 1061 3031 runa
1075 2975 1201 3029 virorum
1216 2972 1322 3043 figuras
1335 2971 1489 3045 etedigies,
1504 2976 1602 3042 utpote
1622 2971 1828 3042 perpicturam

138 3054 258 3127 deitatem,
286 3072 370 3115 unam
398 3059 634 3132 dominationem,
658 3075 743 3117 unam
764 3068 940 3134 potestatem,
958 3049 982 3112 C
997 3076 1077 3118 samm
1094 3062 1124 3117 in
1144 3061 1368 3117 recordatronem
1385 3064 1414 3115 ct
1432 3061 1598 3117 memoriam
1614 3060 1756 3116 adducere
1776 3074 1828 3116 nos

138 3156 204 3200 naum
224 3147 377 3217 imperium
390 3154 417 3203 et
430 3149 595 3218 pratentiam,
611 3165 673 3221 quse
686 3152 816 3220 personis
836 3153 915 3209 divid
923 3155 945 3209 i·

138 3236 172 3287 tur
185 3235 312 3305 indivise,
323 3241 351 3291 et
365 3234 526 3292 substantia
541 3237 693 3307 copulatur
706 3239 806 3295 divise.
823 3241 942 3296 Confite-

139 3333 185 3378 nnr
199 3332 225 3379 et
248 3339 338 3382 unum
363 3326 490 3394 eiusdem
512 3334 617 3382 sanctae
636 3334 665 3382 ct
686 3328 941 3385 consubstantialis

137 3405 274 3480 Trinitatis,
296 3414 447 3469 bominum
466 3420 594 3470 nostrum
619 3416 713 3472 lesum
738 3417 883 3473 Christum
899 3430 943 3472 ue

138 3510 182 3555 run
192 3502 274 3559 heum
290 3503 319 3558 in
335 3502 501 3558 raonissimis
513 3502 617 3559 diebus
633 3510 747 3574 propter
760 3512 884 3561 nostram
899 3519 940 3561 sa·

137 3587 201 3644 intem
213 3591 391 3646 incarnatum
404 3596 432 3646 ct
450 3590 593 3646 hominem
618 3590 735 3663 factum,
750 3594 873 3650 salvasse
891 3607 940 3663 per

135 3675 286 3736 salutiferam
308 3679 552 3749 dispensationem
568 3695 658 3751 suam,
677 3682 893 3754 passionemque
908 3696 940 3737 ae

135 3768 357 3837 resurrectionem,
387 3772 414 3822 ct
444 3768 473 3823 ln
497 3769 584 3824 caelos
607 3770 824 3841 regressionem,
850 3785 940 3842 genus

135 3858 247 3924 nostrum,
258 3862 286 3910 et
297 3869 349 3911 nos
361 3855 497 3911 liherassc
511 3855 547 3910 ab
563 3869 658 3913 errore
681 3858 822 3915 idolorum
836 3877 843 3929 ς
859 3866 887 3914 ct
908 3864 940 3916 ut

134 3937 163 3994 ait
177 3943 324 4015 propheta:
356 3946 418 4001 Non
448 3946 562 4012 epotus,
593 3962 647 4000 non
666 3948 790 4015 angelus,
813 3949 861 4002 sed
881 3950 940 4018 ipsc

134 4028 240 4087 hainau
255 4035 380 4108 ,sacravit
397 4050 445 4088 noc
462 4034 526 4104 (isc.
551 4036 664 4109 xxxiii).
688 4040 776 4106 Quem
791 4041 819 4092 et
832 4051 884 4094 nos
899 4051 941 4092 se-

133 4128 236 4194 quentes,
250 4130 279 4178 et
290 4124 379 4193 hujus
393 4138 487 4180 vocem
512 4124 656 4194 propriam
670 4124 815 4198 facientes,
838 4141 939 4199 magna

132 4218 179 4266 tarn
190 4213 362 4269 clamamus:
376 4215 436 4268 Non
454 4213 589 4285 synodus,
606 4228 662 4269 non
676 4215 839 4286 principum
851 4216 939 4286 impe-

134 4295 197 4371 rinu,
213 4315 267 4357 non
287 4302 450 4372 conjuratio
465 4304 522 4359 beo
533 4304 664 4374 odibilis,
683 4303 718 4359 ab
738 4305 880 4362 idolorum
895 4320 938 4362 cr·

132 4397 177 4444 rure
204 4391 322 4447 liberam
351 4390 479 4447 lecerunt
503 4392 668 4463 Ecclesiam,
699 4396 977 4477 quemadmodumD

130 4477 253 4537 lodoicum
264 4480 400 4536 deliravit
409 4480 578 4551 concilium,
589 4482 665 4552 equod
683 4488 781 4539 contra
793 4484 938 4540 venerabi-

131 4560 299 4643 lcsimagines
312 4569 479 4639 infremuit3
493 4571 541 4626 sed
557 4571 617 4640 ipsc
629 4572 727 4642 gloriae
742 4575 881 4630 Dominus
894 4575 937 4629 in·

129 4664 238 4716 carnatus
256 4663 332 4717 Deus
346 4673 397 4714 nos
411 4659 539 4728 salvavit,
557 4665 586 4714 et
602 4660 638 4715 ah
648 4660 753 4717 idolica
770 4663 936 4732 deceptione

129 4744 223 4815 eripuit.
236 4750 294 4819 lpsi
309 4748 400 4818 igitur
410 4747 511 4819 gloria,
523 4748 577 4818 ipsi
590 4754 693 4821 grates,
706 4749 762 4818 ipsi
778 4752 935 4821 gratiarum

127 4835 193 4907 actio,
207 4839 261 4908 ipsi
272 4839 346 4908 lane,
357 4837 413 4907 ipsi
428 4838 640 4909 magnificentia
653 4839 763 4908 ipsius:
779 4841 936 4910 redemptio

127 4921 470 4999 ipsinssalus,quisalrare
480 4927 774 4997 solusinperpetunm
787 4926 934 5005 [perfecte]

123 5021 245 5085 pointel
261 5032 316 5074 raon
331 5017 466 5087 aliorum,
484 5016 534 5086 qni
549 5017 585 5072 dc
600 5016 687 5073 humo
700 5019 829 5091 veniunt,
845 5019 935 5075 horni-

122 5115 185 5163 nnm.
201 5110 263 5178 lpse
279 5107 309 5163 in
329 5105 423 5176 nobis,
439 5106 469 5160 in
491 5120 563 5176 quos
578 5107 649 5161 lines
667 5109 836 5164 saeculorum
853 5110 934 5164 denc-

119 5203 217 5265 nerunt,
240 5211 289 5266 per
307 5197 483 5250 incarnatam
501 5195 743 5264 dispensationem
761 5212 842 5253 snam
863 5213 932 5267 prae·

117 5286 253 5343 nuntiatos
270 5284 472 5355 prophetarum
494 5297 610 5338 suorum
634 5283 737 5341 adsitus
754 5287 929 5356 terminavit,

114 5367 271 5431 inhabitans
295 5375 327 5430 in
353 5372 446 5442 nobis,
460 5378 489 5427 et
503 5371 694 5445 inambulans,
719 5381 747 5430 ct
766 5376 864 5431 delens
885 5391 933 5431 no·

111 5464 181 5519 nina
208 5465 352 5521 idolorum
376 5466 496 5533 aterna,
521 5463 608 5519 sicuti
637 5464 695 5533 jam
717 5465 856 5534 seriptum
876 5470 929 5522 est.

108 5553 265 5612 &luamus
297 5559 393 5610 antem
426 5557 455 5606 et
494 5553 658 5611 Dominicas
698 5558 725 5608 ct
758 5554 931 5624 apostolicas

997 3151 1132 3219 valentes,
1144 3155 1174 3205 ct
1191 3150 1225 3204 ad
1247 3148 1406 3219 principale
1420 3148 1572 3216 attrahere,
1595 3152 1681 3219 atque
1702 3149 1828 3219 partici-

998 3252 1047 3309 pes
1059 3238 1150 3293 facere
1173 3237 1299 3306 alicujus
1318 3236 1565 3292 sanctificationis.
1590 3238 1653 3291 ilaec
1676 3236 1715 3292 ira
1728 3248 1827 3306 sapere

996 3332 1024 3382 et
1042 3326 1200 3381 didicimus
1221 3329 1250 3379 et
1269 3322 1394 3379 roborati
1415 3337 1545 3380 sumusa
1564 3323 1672 3379 sanetis
1692 3322 1826 3379 Patribus

997 3414 1114 3482 nostris,
1126 3419 1154 3467 et
1165 3412 1200 3466 ab
1212 3425 1310 3467 eorum
1324 3410 1467 3466 divinitus
1482 3411 1589 3466 tradito
1602 3410 1776 3481 magisterio.
1791 3412 1826 3466 Et

996 3503 1104 3575 gratias
1126 3502 1183 3556 Deo
1206 3513 1293 3570 snper
1314 3498 1502 3554 inenarrabili
1525 3499 1601 3554 dono
1620 3512 1682 3568 suo,
1705 3499 1773 3568 quia
1794 3498 1824 3554 in

997 3591 1078 3646 linem
1092 3603 1145 3645 non
1159 3588 1287 3644 deseruit
1305 3601 1365 3658 nos,
1387 3600 1479 3657 neque
1500 3585 1620 3656 reliquit
1640 3585 1749 3657 virgam
1763 3599 1825 3656 pec

995 3684 1123 3735 catorum
1143 3691 1230 3746 super
1246 3682 1351 3733 sortem
1367 3677 1523 3746 justornm,
1545 3681 1651 3731 utnon
1671 3675 1825 3730 extendant

992 3767 1064 3837 jnsti
1089 3766 1124 3821 ad
1150 3765 1333 3834 iniquitatem
1359 3777 1460 3820 manus
1477 3777 1553 3834 snas,
1576 3762 1604 3817 id
1624 3768 1677 3832 est,
1697 3762 1825 3819 actuales

994 3855 1174 3925 operationes
1201 3866 1286 3909 suas:
1316 3853 1363 3908 sed
1389 3852 1459 3908 hene
1485 3851 1554 3907 fecit
1586 3851 1670 3907 honis
1688 3855 1716 3906 et
1736 3851 1824 3908 rectis

993 3946 1088 4016 eorde,
1109 3943 1347 4014 quemadmodum
1376 3941 1609 4014 hymnographus
1627 3941 1716 4008 David
1740 3940 1824 3998 melo·

993 4035 1057 4090 dice
1080 4033 1204 4102 cecinit,
1238 4047 1302 4088 cum
1328 4046 1384 4103 qno
1407 4036 1435 4086 et
1468 4030 1615 4086 residuum
1651 4029 1819 4100 psallimus:
1887 4070 1889 4075 ,

992 4124 1110 4194 Quiadc
1131 4129 1231 4179 caetero
1250 4121 1427 4178 declinantes
1447 4121 1477 4176 in
1496 4120 1688 4192 obligationes
1699 4119 1823 4177 addecet

992 4213 1206 4268 biuminuscurn
1217 4209 1403 4280 operantibus
1414 4208 1614 4279 iniquitatem:
1626 4212 1655 4263 et
1668 4220 1722 4279 pax
1734 4222 1823 4278 super

992 4300 1138 4357 lsraclllei
1153 4298 1235 4372 (Psoi.
1254 4298 1357 4371 enarr).

1098 4428 1289 4497 lnteryorcteiio
1303 4425 1510 4494 subscriptionis
1522 4425 1711 4478 Rornanorum.

1028 4576 1058 4628 ln
1074 4569 1312 4627 nominenomini
1327 4570 1391 4624 Jesn
1410 4567 1517 4623 Christi
1539 4567 1647 4637 Petrus,
1660 4566 1823 4623 misericor·

990 4664 1098 4721 diabol
1112 4661 1340 4731 archipresbyter
1353 4665 1458 4716 sanctae
1477 4657 1610 4714 Ecclesiae
1629 4656 1778 4713 catholicae
1792 4660 1821 4713 et

991 4751 1164 4824 apostolieae,
1188 4755 1216 4805 et
1248 4749 1341 4805 locum
1374 4747 1519 4818 complens
1552 4745 1668 4802 ddriani
1700 4745 1846 4802 sanctis.

991 4843 1057 4899 simi
1069 4847 1097 4896 ot
1106 4839 1257 4910 apostolici
1272 4852 1350 4908 papae
1369 4837 1494 4894 senioris
1512 4837 1617 4907 lfoma,
1631 4848 1729 4892 omnes
1750 4837 1822 4893 reci·

990 4933 1072 5004 piens
1087 4930 1137 5002 qui
1151 4929 1289 4985 conversi.
1301 4933 1368 4984 sunt
1389 4926 1425 4982 ab
1439 4927 1527 4997 impia
1547 4927 1648 4982 haeresi
1670 4925 1821 4996 reproban-

990 5022 1064 5077 tium
1084 5016 1260 5074 venerabiles
1278 5016 1428 5088 imagines,
1445 5014 1601 5071 seeundum
1616 5014 1776 5071 doctrinam
1792 5021 1821 5070 et

991 5109 1174 5167 traditionem
1199 5109 1363 5163 sanctornm
1388 5106 1502 5159 Patrnm
1524 5108 1698 5174 nostrorum,
1723 5101 1819 5158 omnia

991 5214 1053 5270 quac
1068 5196 1203 5267 superius
1224 5193 1392 5263 efferuntur,
1412 5191 1574 5264 approbans
1586 5197 1615 5248 et
1626 5190 1818 5261 consentiens,

989 5287 1158 5357 subscripsi.

1026 5379 1135 5445 Petrus,
1153 5374 1351 5430 misericordia
1370 5373 1420 5428 liei
1437 5372 1584 5444 presbyter
1594 5374 1622 5426 ct
1641 5369 1817 5441 begumenus

992 5464 1157 5521 monasterii
1170 5465 1261 5520 sancti
1272 5462 1379 5533 Saahhae,
1391 5468 1420 5518 et
1432 5463 1523 5518 locum
1537 5458 1682 5529 complens
1695 5447 1817 5510 adriani

991 5553 1167 5611 sanctissimi
1177 5560 1205 5608 et
1214 5551 1365 5622 apostolici
1377 5564 1455 5620 pape
1467 5547 1592 5604 serrioris
1601 5547 1705 5614 Rome,
1719 5552 1817 5597 omnes
