3876 6090
45 234 99 292 289

441 237 713 294 membranulam
731 239 854 295 simoni
874 238 921 293 llll
938 239 1140 299 GENERALIS.
1152 275 1188 285 —
1206 248 1306 303 ACTIO
1334 251 1377 304 lv.

1710 253 1764 312 290

46 374 100 430 que
119 362 243 428 possunt
259 358 354 431 legere
368 360 483 416 divinas
496 362 668 432 Scripturas,
691 360 879 431 comtempla-
891 357 1028 420 Aratum
1050 375 1092 423 est
1115 370 1257 440 iusipiens
1276 390 1324 429 cor
1347 383 1492 433 nostrum:
1510 385 1538 434 et
1559 382 1687 440 dicentes
1710 400 1763 443 nos

47 449 122 503 tione
138 448 262 517 picture
280 450 444 504 memoriam
461 457 579 506 sumunt
594 450 679 506 lortis
694 450 760 505 lacti
780 462 879 534 eorum

46 536 93 606 qui
109 550 175 590 nero
191 538 250 591 lieo
268 537 384 606 proprie
396 539 566 606 servierunt,
583 539 653 593 etad
668 539 878 594 extimationem

46 624 195 694 erigantur
208 625 403 695 gloriosarum
420 633 447 681 et
470 627 700 682 memorabilium
719 628 877 694 actionum,

47 727 94 783 pro
109 726 143 768 eo
158 715 237 783 quod
257 719 364 769 terram
381 729 431 784 pro
449 715 521 771 caelo
544 716 793 784 commutaverint,
817 730 879 784 qme

46 816 99 856 non
124 802 262 857 ridentur
292 803 461 859 visibilibus
491 810 695 873 praeponentes.
729 805 815 859 Porro
849 803 879 858 in

46 891 189 946 communi
204 892 292 947 domo
308 891 409 947 multis
423 906 455 946 ac
470 892 595 948 diversis
610 893 795 948 domunculis
811 891 881 946 insi·

46 980 132 1049 gnita,
149 978 283 1034 sulficere
295 980 454 1050 uuicuique
469 981 676 1036 mansiuncula
692 981 807 1035 inlixam
822 994 882 1049 pre-

49 1068 149 1122 tiosam
181 1082 308 1136 crucem,
337 1073 365 1124 et
388 1069 532 1138 superflua
553 1068 663 1123 dimitti
687 1068 878 1124 necessarium

47 1157 164 1212 aestimo.
179 1157 224 1211 Sit
243 1164 339 1212 autem
353 1163 484 1213 contenta
500 1157 623 1226 prolixis
636 1156 835 1226 orationibus,
851 1161 880 1212 et

49 1244 238 1300 indubitabili
260 1245 316 1300 lide
330 1245 570 1316 aceleemosynis,
587 1245 841 1302 humiliationibus
851 1251 880 1300 et

48 1347 93 1402 spe
104 1333 138 1386 ad
154 1334 246 1388 ileum
264 1333 392 1403 perenni,
409 1334 614 1390 etdixiuorum
629 1333 778 1390 verborum
793 1333 879 1388 medi-

49 1421 217 1490 tationibus,
234 1428 262 1476 et
277 1422 474 1492 compassione
491 1422 716 1490 contribulibus,
727 1428 754 1477 et
773 1423 879 1477 liuma-

50 1511 134 1564 nitate
147 1508 269 1565 famulis
284 1509 434 1576 attributa,
450 1510 642 1581 omnibusque
657 1511 800 1566 mandatis
818 1512 878 1565 Do-

51 1598 117 1652 niui
133 1597 226 1652 nostri
243 1600 308 1653 lesu
323 1598 431 1654 Christi
442 1599 661 1654 circumvallare
676 1613 716 1670 se,
729 1604 757 1653 et
771 1600 877 1667 conju-

53 1699 106 1756 gem
121 1700 215 1748 suam,
230 1700 263 1740 ae
274 1687 360 1754 lilios,
374 1692 402 1742 et
414 1693 500 1742 totam
512 1687 702 1743 substantiam
718 1688 876 1742 circumte-
893 1672 919 1734 Β

54 1788 110 1846 gere
123 1780 152 1830 et
167 1789 272 1830 ornare
286 1781 372 1846 atque
389 1776 511 1846 munire,
528 1776 666 1831 admoneo
680 1780 708 1831 et
724 1790 800 1847 rogo.

83 1863 248 1919 Theodorus
259 1864 460 1919 sanctissimus
474 1864 627 1934 episcopus
642 1866 817 1934 liprensium
832 1866 876 1920 di·

57 1951 108 2007 xit:
123 1953 254 2022 Epistola
277 1953 335 2008 liaeo
349 1953 484 2022 primitus
500 1952 572 2009 lecta
588 1959 640 2024 est,
657 1960 807 2009 comesset
821 1955 875 2010 dc-

58 2047 170 2112 pmrata,
188 2041 316 2111 perdidit
333 2037 411 2114 [Gr.,
431 2042 559 2111 Epistola
577 2041 636 2098 lraec
649 2058 711 2112 (pue
734 2043 805 2098 lecta
820 2044 886 2110 est,

59 2130 196 2200 depravata
223 2130 333 2200 pridem
359 2131 494 2202 perdidit,
514 2128 589 2204 etc]
611 2136 638 2186 et
660 2132 774 2186 seduxit
804 2146 873 2187 uos:

60 2219 218 2287 putabamus
231 2219 307 2274 enim
321 2217 481 2289 simplicem
496 2233 558 2275 esse
569 2218 647 2275 illam
660 2224 689 2275 et
704 2220 811 2290 absque
828 2220 878 2274 in-

63 2308 143 2364 sidiis.

87 2398 262 2454 sanctissimi
278 2397 405 2467 episcopi
419 2398 555 2454 dixerunt
567 2415 573 2451 ε
587 2400 644 2454 Nos
655 2398 681 2454 si
694 2398 877 2456 audissemus

62 2491 115 2540 lunc
134 2486 211 2556 quod
226 2486 301 2540 dicit
319 2487 410 2556 Pater,
432 2486 500 2555 quia
516 2486 626 2541 illucet
641 2487 705 2542 iude
722 2487 806 2558 pinge
821 2489 878 2544 do-

63 2587 122 2629 num
136 2573 322 2630 veteribuset
336 2574 418 2629 novis
428 2573 655 2644 narrationibus,
674 2588 729 2629 non
748 2574 776 2629 iu
792 2576 879 2631 vani-

63 2667 130 2718 txtem
155 2664 230 2718 versi
253 2663 485 2718 credidissemus.
515 2664 571 2733 lpsi
587 2663 663 2719 enim
687 2678 738 2733 pro
752 2678 785 2720 eo
801 2667 875 2734 quod

61 2750 137 2806 lixit:
156 2751 225 2807 lriuc
240 2757 268 2806 et
284 2752 350 2807 iude
365 2753 460 2823 pinge,
483 2752 583 2808 dealba
605 2759 778 2822 posuerunt:
800 2754 877 2825 quod

64 2854 104 2897 uos
117 2842 231 2898 sortiter
244 2842 414 2912 decipiebat.

91 2934 194 3005 Petrus,
208 2940 237 2989 et
251 2935 353 2989 Petrus
366 2935 422 2990 Deo
435 2934 573 2990 amabiles
589 2935 745 3005 presbyteri
762 2939 790 2989 ot
805 2935 877 2991 rica·

63 3022 91 3075 rii
109 3023 227 3078 ildriani
253 3036 331 3093 papae
349 3023 473 3079 senioris
499 3024 603 3095 Romae,
621 3024 777 3079 dixerunt:
810 3023 875 3078 Tale
890 2995 915 3059 G

61 3111 156 3179 quidet
170 3112 244 3167 dirae
263 3112 407 3167 memoriae
425 3108 632 3168 Constantinus
647 3114 766 3182 llagnus
781 3112 875 3180 impe-

62 3205 125 3254 mtor
146 3201 217 3256 olim
233 3199 319 3256 lecit:
337 3200 478 3257 aedificato
497 3201 574 3256 enim
591 3200 695 3270 lampio
718 3201 874 3257 Salinatoris

60 3285 149 3355 loma,
165 3290 195 3344 in
205 3289 320 3344 duobus
333 3288 491 3358 parietibus
504 3288 602 3358 templi
617 3288 754 3343 historias
767 3293 874 3344 veteres

60 3382 81 3429 el
93 3390 176 3433 noras
188 3378 360 3450 designavit,
382 3378 450 3433 irinc
462 3378 550 3433 Adam
566 3378 600 3433 de
617 3377 749 3447 paradiso
764 3391 875 3433 exeun-

61 3469 114 3536 tem,
126 3472 154 3521 ct
168 3467 236 3523 inde
250 3467 388 3522 latronem
406 3466 435 3520 in
450 3466 615 3536 paradisum
633 3466 788 3521 intrantem
804 3465 875 3536 ligu-

62 3566 129 3608 rans:
141 3561 170 3609 et
185 3555 308 3625 reliqua.

88 3641 216 3699 Tarasius
237 3644 439 3699 sanctissimus
461 3643 621 3713 patriarcba
636 3644 729 3698 dixit:
745 3642 774 3697 Si
800 3656 876 3699 vera·

63 3739 188 3787 castrant
209 3732 297 3802 prisci
311 3733 492 3787 Christianos
511 3730 751 3786 calumniantium
766 3745 875 3800 propu-

65 3825 188 3890 gnamres,
202 3836 255 3876 cur
267 3822 362 3891 ipsum
375 3819 479 3876 librum
494 3821 585 3875 sancti
600 3819 659 3874 Nili
671 3832 726 3875 non
740 3819 876 3875 ostendo-

66 3913 118 3962 runt
138 3908 166 3963 in
191 3909 313 3980 collegio
337 3924 389 3964 suo
409 3908 443 3963 ad
469 3908 693 3964 satisfactionem
724 3907 876 3963 omnium‘l

66 3995 227 4070 bicautergo
243 3998 475 4054 reverendissimi
494 3997 620 4067 episcopi
637 4000 686 4066 qui
704 3997 877 4067 pseudosyl-

68 4080 116 4155 logo
134 4085 334 4155 interfuerunt,
351 4087 509 4158 Gregorius
527 4085 719 4154 neocaesariae,
736 4089 764 4140 et
782 4086 877 4141 Tbeo-

10 4202 13 4209 ·
68 4170 137 4230 dorus
156 4177 278 4247 amorii,
298 4176 324 4232 si
345 4175 530 4245 protulerunt
546 4174 636 4230 libros
658 4179 726 4229 tunc
752 4174 782 4229 io
804 4189 876 4231 cou-

70 4262 132 4320 callio.

934 466 995 507 esse
1010 457 1163 529 sapientes,
1181 463 1262 516 stulti
1279 462 1346 518 iacti
1368 480 1469 522 sumus
1487 467 1614 541 (lierni).

969 543 1133 601 Tlreodorus
1163 551 1364 607 sanctissimus
1402 556 1555 626 episcopus
1589 561 1761 629 liprensium

934 630 1024 685 dixit:
1042 636 1126 690 l¹laue
1145 643 1173 691 et
1198 653 1248 693 nos
1268 640 1346 708 ipsos
1363 642 1412 696 illa
1429 644 1546 712 pittacia
1563 648 1777 717 perdiderunt,¹

936 736 999 790 qum
1010 737 1060 776 ros
1072 725 1217 781 attulistis
1233 729 1402 785 Noritenim
1432 733 1517 801 Deus,
1532 735 1600 804 quia
1616 735 1668 791 lroo
1684 738 1762 792 testi·

935 810 1061 865 mouium
1076 814 1166 867 sancti
1183 815 1241 869 Nili
1259 830 1315 870 non
1332 819 1466 889 positum,
1489 826 1520 876 ut
1533 818 1625 878 luerat
1641 823 1762 902 editum,

935 895 1086 953 obcaecavit
1106 914 1165 971 nos,
1191 904 1333 973 praecipue
1346 907 1501 976 meipsum:
1520 911 1567 964 sed
1592 925 1667 966 nunc
1685 912 1764 968 inte-

934 999 1016 1054 grum
1042 986 1147 1043 lectum
1175 992 1315 1047 convertit
1336 1000 1364 1048 et
1390 996 1560 1069 emendavit,
1584 1004 1611 1053 et
1642 998 1764 1056 salvavit

935 1084 995 1127 nos.

968 1162 1173 1220 Constantinus
1194 1169 1396 1226 sanctissimus
1413 1172 1566 1243 episcopus
1588 1175 1763 1234 Constantiae

932 1248 1016 1317 Cypri
1038 1251 1130 1307 dixit:
1161 1255 1300 1323 Quoniam
1328 1258 1408 1314 adest
1429 1261 1506 1317 alius
1537 1261 1612 1318 liber
1641 1266 1762 1336 aqualis

934 1332 1039 1408 formae,
1052 1339 1171 1411 legatur.

966 1425 1000 1479 Et
1024 1442 1139 1485 sumens
1168 1432 1374 1491 Constantinus
1403 1438 1542 1494 diaconus
1571 1446 1599 1496 et
1629 1445 1760 1500 notarius

932 1514 1103 1572 venerabilis
1118 1521 1298 1591 patriarchii,
1318 1524 1386 1595 legit
1398 1526 1520 1583 alterum
1537 1528 1644 1585 librum
1660 1531 1762 1588 lrabea-

931 1606 985 1654 tcm
1001 1607 1194 1676 praescriptam
1207 1610 1356 1679 epistolam
1370 1615 1497 1682 ciusdem
1509 1616 1578 1671 Nili.

964 1690 1168 1752 Constantinus
1189 1700 1391 1758 sanctissimus
1413 1704 1566 1775 episcoqus
1586 1707 1762 1765 Constantiae

928 1778 1012 1849 Cypri
1027 1782 1124 1837 dixit:
1147 1786 1216 1841 Ecce
1236 1794 1380 1844 ostensum
1397 1797 1440 1846 est
1463 1792 1585 1866 liquido,
1608 1797 1676 1866 quia
1700 1797 1762 1867 ipse

931 1866 1046 1915 sauctus
1066 1869 1094 1916 et
1108 1866 1239 1935 egregius
1260 1868 1341 1923 Pater
1360 1871 1444 1926 Nilus
1466 1879 1579 1928 sanctas
1593 1875 1691 1930 iconas
1704 1893 1758 1933 su-

931 1947 1078 2016 scipiebat.
1093 1951 1250 2010 Accusatus
1262 1961 1305 2010 est
1318 1963 1413 2013 auteur
1430 1973 1446 2014 a
1461 1962 1679 2035 pseudosyllogo
1696 1964 1758 2034 illo,

930 2037 1004 2106 ‹prrod
1020 2045 1119 2094 contra
1133 2041 1230 2097 iconas
1245 2042 1359 2100 locutus
1379 2046 1476 2102 luerit.
1496 2048 1573 2104 Unde
1587 2051 1685 2106 miseri
1703 2065 1759 2108 non

930 2125 1022 2180 solum
1037 2126 1265 2185 Christianorum
1289 2132 1522 2204 calumniatores,
1540 2139 1588 2192 sed
1611 2145 1639 2193 et
1651 2144 1760 2195 sancto

931 2227 994 2269 rum
1009 2215 1231 2273 calumniatores
1241 2220 1380 2292 existunt,
1396 2230 1424 2278 et
1439 2224 1601 2296 parricidae,
1614 2240 1758 2282 accusan-

930 2306 974 2357 tes
988 2300 1059 2358 falso
1075 2306 1286 2362 sacratissimos
1300 2309 1407 2365 Patres.

966 2390 1137 2461 Euthymius
1155 2396 1356 2452 sanctissimus
1377 2399 1529 2469 episcopus
1544 2402 1642 2458 Sardis
1661 2403 1755 2460 dixit.-

931 2477 1047 2534 Librum
1061 2483 1151 2537 sancti
1165 2483 1337 2542 confessoris
1350 2488 1467 2543 lllaximi
1488 2488 1577 2545 babeo
1594 2505 1650 2560 prae
1668 2493 1757 2548 mani-

932 2565 996 2635 bus,
1016 2575 1044 2623 et
1059 2569 1145 2626 odero
1160 2585 1224 2627 eum
1237 2574 1272 2628 ad
1289 2574 1448 2645 legendum.

967 2657 1001 2710 Et
1015 2658 1160 2727 accipiens
1184 2661 1390 2719 Constantinus
1410 2665 1552 2722 diaconus
1573 2673 1602 2723 et
1628 2669 1761 2726 notarius

932 2745 1104 2802 venerabilis
1120 2749 1299 2823 patriarchii,
1314 2750 1401 2824 legit:

930 2869 974 2921 Ee
992 2869 1033 2922 otc
1053 2871 1233 2937 lippientibus,
1248 2891 1309 2942 quac
1324 2881 1395 2930 arrato
1410 2883 1474 2932 sunt
1494 2881 1565 2932 inter·
1581 2887 1683 2935 soracte
1699 2898 1760 2935 ruc-

965 2943 1057 2993 rrroriae
1075 2944 1235 3006 Marciorum,
1251 2952 1276 2999 et
1299 2948 1475 3003 Tlmodosc'um
1494 2953 1651 3021 episcopum
1666 2952 1758 3007 Caeso·

965 3013 1014 3090 rim
1026 3012 1173 3095 'Billa-parim,
1190 3021 1215 3069 el
1229 3018 1360 3072 consultos
1378 3023 1426 3088 qui
1445 3037 1504 3075 corn
1515 3023 1574 3091 ipso
1593 3029 1672 3077 erunt
1682 3043 1691 3090 ,·
1708 3041 1760 3078 cu-

960 3098 1009 3149 pos
1021 3088 1128 3138 cultrum
1141 3091 1188 3139 est.

964 3186 1030 3255 Quae
1052 3196 1125 3246 mota
1142 3197 1209 3248 sunt
1223 3195 1257 3249 de
1279 3196 1461 3253 immaculata
1477 3199 1530 3254 ilde
1553 3208 1649 3256 nostra
1672 3202 1761 3256 Clari-

929 3277 1098 3333 stiauorum.
1114 3282 1148 3334 Et
1159 3289 1222 3350 post
1234 3283 1308 3338 alia:
1330 3287 1455 3357 Domini,
1479 3295 1628 3358 postquam
1651 3290 1761 3359 placuit

929 3366 982 3421 lroc
999 3366 1070 3446 ficri,
1092 3370 1188 3424 exitus
1209 3370 1447 3442 linteorumque
1464 3376 1657 3444 predicantur
1671 3374 1680 3451 [
1693 3378 1759 3447 pla-

928 3454 1087 3530 cueruntlz
1103 3463 1131 3512 et
1146 3473 1202 3527 quo
1217 3460 1315 3530 vultis,
1335 3474 1439 3531 sequor
1452 3477 1511 3519 vos.
1530 3466 1563 3519 Et
1579 3465 1608 3519 iu
1626 3466 1672 3520 lais
1688 3480 1758 3520 sur-

929 3551 1063 3600 rexerunt
1075 3560 1172 3602 omnes
1190 3562 1255 3602 cum
1268 3550 1373 3626 gaudio
1384 3556 1411 3605 ct
1422 3551 1565 3622 lacrymis,
1575 3558 1603 3608 et
1617 3553 1760 3610 miserunt

930 3642 1095 3691 met-rumam
1110 3649 1130 3708 ²,
1153 3644 1181 3693 et
1192 3640 1284 3695 oratio
1313 3638 1386 3696 lacta
1408 3646 1468 3697 est:
1495 3648 1523 3696 et
1554 3643 1758 3714 unusquisque

930 3735 1057 3792 ipsorum
1077 3731 1173 3781 sancta
1192 3728 1353 3799 Evangelia,
1368 3734 1396 3785 et
1408 3730 1568 3799 pretiosam
1594 3746 1718 3799 crucem,
1733 3739 1761 3788 et

931 3814 1041 3869 iconam
1056 3816 1106 3870 Dei
1122 3822 1150 3870 et
1168 3817 1324 3872 Salvatoris
1340 3820 1430 3874 nostri
1446 3821 1512 3875 lesu
1523 3820 1643 3891 Christi,
1660 3826 1688 3876 et
1703 3822 1760 3877 do-

931 3902 1129 3959 mimonostrae
1145 3920 1208 3974 quae
1222 3920 1286 3961 eum
1308 3909 1417 3979 genuit,
1436 3909 1625 3965 sanctissimae
1640 3910 1690 3965 ilci
1701 3909 1762 3966 Ge-

931 3991 1056 4058 nitricis,
1078 3993 1284 4065 salutaverunt,
1307 4004 1443 4065 ponentes
1466 4003 1494 4052 et
1511 3999 1643 4068 proprias
1659 4013 1761 4055 manus

931 4080 960 4135 in
985 4082 1229 4139 contirmationem
1251 4099 1350 4140 eorum
1374 4101 1437 4156 quae
1464 4087 1541 4142 dicta
1570 4086 1692 4143 fuerant.
1723 4089 1758 4144 Et

932 4169 1016 4238 paulo
1045 4176 1130 4239 post:
1158 4173 1316 4228 Conversus
1337 4188 1404 4246 ergo
1432 4174 1466 4229 ad
1487 4176 1652 4245 episcopum
1672 4176 1761 4232 abbas

930 4257 1082 4325 llaximus,
1102 4275 1167 4314 cum
1183 4260 1318 4330 lacrymis
1331 4262 1409 4317 dixit
1431 4262 1474 4318 ei:
1506 4264 1625 4319 bomine
1648 4278 1758 4335 magne,

92 4353 236 4426 Gregorius
259 4359 288 4410 et
312 4353 479 4410 Theodorus
496 4353 553 4408 Deo
574 4352 713 4409 amabiles
745 4353 873 4423 episcopi
889 4337 917 4400 D
931 4345 1006 4402 diem
1020 4347 1125 4416 judicii
1137 4355 1333 4418 exspectamus
1347 4364 1459 4406 omnes:
1478 4352 1554 4406 nosti
1569 4367 1632 4421 quae
1645 4353 1759 4423 signata

69 4435 196 4499 dixerunt:
234 4445 431 4514 Nequaquam,
465 4442 597 4510 domine,
629 4443 676 4498 sed
708 4456 758 4512 pro
790 4442 877 4499 libris

70 4528 167 4594 pittacia
198 4532 283 4589 nobis
306 4532 493 4587 ostenderunt
517 4537 544 4586 et
565 4545 599 4586 ex
624 4530 666 4586 eis
696 4530 877 4601 decipiebant

71 4629 114 4673 nos.

95 4707 254 4781 Eutbpmius
268 4710 470 4766 sanctissimus
493 4709 645 4779 episcopus
667 4709 766 4764 Sardis
780 4709 874 4764 dixit:

71 4792 93 4848 Εῐ
103 4801 236 4867 quomodo
251 4814 301 4856 ros
314 4814 379 4855 cum
392 4798 495 4854 cssetis
509 4797 612 4853 summi
630 4798 801 4868 sacerdotes,
820 4811 875 4853 uon

71 4888 213 4955 requisistis
225 4890 336 4961 integra
352 4887 517 4944 testimonia
532 4901 566 4942 ex
582 4885 752 4943 codicibus?

93 4976 237 5051 Gregorius
270 4977 475 5033 sanctissimus
507 4977 661 5045 episcopus
691 4975 876 5032 Neocaesariae

69 5060 142 5121 lixit:
166 5068 264 5135 Crede,
292 5065 391 5137 irater,
419 5078 472 5120 uon
496 5064 578 5120 nobis
600 5069 661 5119 erat
676 5078 763 5135 curae,
785 5078 876 5134 neque

69 5157 175 5215 studium
192 5157 258 5212 inde
270 5155 443 5225 babuimus,
458 5153 505 5210 sod
518 5159 550 5210 ut
559 5154 699 5223 scriptum
713 5158 765 5224 est,
777 5154 876 5209 obscu-

89 5322 136 5376 ¹ln
159 5319 222 5377 cod.
238 5319 356 5388 Jolyano
372 5318 424 5372 boc
439 5317 557 5372 additur
569 5316 723 5388 glossema:
741 5318 875 5372 Metunoeo

60 5394 204 5459 punitentia
216 5392 415 5459 irrtcrprotutur
423 5407 432 5454 ,-
454 5389 501 5441 ltoc
516 5393 605 5441 tuanen
622 5389 651 5439 ln
662 5387 716 5439 loco
723 5405 775 5456 pro
787 5405 877 5455 perru-

59 5466 159 5528 llcaione
179 5465 304 5533 ponitur.
338 5460 414 5514 Unde
437 5475 497 5513 cum
528 5459 605 5519 dicit,
630 5459 764 5512 miserant
787 5464 878 5513 ructu-

61 5550 145 5601 ooom,
171 5534 242 5590 omit
260 5531 342 5588 uliud
356 5531 536 5598 intelligatur,
553 5530 626 5585 nisi:
638 5534 789 5599 posuerunt
800 5534 878 5587 terrm

930 4440 959 4492 et
975 4437 1079 4506 placita
1094 4443 1162 4493 sunt
1180 4453 1265 4508 super
1285 4440 1393 4495 sanctis
1411 4440 1584 4511 Evangeliis,
1600 4445 1629 4495 et
1643 4441 1756 4497 virillca

931 4538 1026 4596 cruce,
1046 4530 1073 4579 et
1095 4525 1218 4596 imagine
1239 4527 1289 4582 Dei
1303 4533 1331 4582 ct
1348 4527 1504 4583 salvatoris
1519 4528 1621 4599 nostri,
1636 4542 1669 4583 ac
1684 4542 1754 4584 san-

931 4615 1067 4669 ctissime
1079 4619 1107 4668 et
1119 4628 1229 4684 semper
1243 4616 1370 4688 Virginis
1383 4617 1484 4671 matris
1497 4617 1570 4688 ejus,
1593 4632 1656 4689 quae
1672 4631 1760 4687 pepe-

931 4704 970 4759 rit
982 4717 1056 4758 eum.

965 4792 1171 4848 Constantinus
1192 4794 1394 4851 sanctissimus
1411 4795 1564 4865 episcopus
1587 4794 1760 4851 Constantia

930 4881 1014 4953 Cypri
1028 4882 1119 4937 dixit:
1135 4882 1346 4953 salutaverunt,
1364 4883 1411 4938 iric
1432 4898 1483 4953 pro
1497 4885 1665 4941 adoratione
1678 4886 1760 4940 Pater

931 4971 1097 5041 assumpsit,
1114 4970 1249 5042 quoniam
1265 4979 1395 5027 sanctum
1414 4973 1599 5044 Evangellum
1619 4979 1647 5029 et
1661 4973 1761 5028 vivill-

931 5075 992 5117 cam
1012 5074 1124 5116 crucem
1145 5059 1292 5129 adoravit,
1314 5074 1379 5116 cum
1393 5061 1500 5131 quibus
1524 5063 1610 5117 etiam
1626 5063 1759 5118 colendas

934 5152 1073 5224 imagines
1085 5149 1240 5205 salvatoris
1252 5156 1280 5204 et
1294 5150 1356 5218 ejus
1374 5149 1563 5207 immaculatae
1576 5152 1685 5207 illatris.

932 5331 1020 5383 portam
1031 5333 1040 5380 ς
1064 5314 1129 5382 quio
1145 5313 1215 5365 enirn
1232 5313 1421 5380 poerrilcrrtiurn
1439 5318 1478 5367 est
1501 5313 1616 5367 nomime
1636 5312 1759 5377 pontiflc-

931 5392 1009 5442 clrre.
1032 5401 1099 5453 saepe
1125 5383 1211 5437 Grmm'
1231 5386 1442 5452 partuslccionem
1467 5388 1635 5451 rrrclunmom,
1669 5381 1699 5433 id
1720 5382 1759 5431 est

927 5457 1126 5528 portitentiom,
1137 5460 1234 5509 cocunt
