3876 6090
110 226 164 287 339

732 229 912 287 anastasii
937 225 1207 286 Bltttorlischhtt

1770 227 1824 287 sto

112 357 254 428 recipiens
264 357 313 429 qul
325 357 452 413 conversi
475 356 592 414 suntab
607 357 696 428 impia
714 355 823 412 haeraesi
844 356 979 433 repro-A
995 367 1046 410 mee
1061 357 1236 415 sanctissimi
1261 359 1470 430 archiepiscopi
1491 357 1641 427 Sardiniae.
1667 371 1774 429 sequor
1793 364 1827 415 ut

110 445 241 502 bantium
254 445 429 503 venerabiles
447 445 586 518 imagines
605 444 762 500 seeundum
776 443 937 499 doctrinam

111 535 354 605 traditionemque
372 540 537 589 sauctorum
561 535 676 590 Petrum
693 538 866 601 nostrorum,
883 543 939 587 om-

112 623 161 679 nia
174 637 237 694 quse
258 623 392 693 superius
414 621 581 693 efferuntur,
601 621 763 693 approbans
783 623 812 676 et
826 632 942 675 consen·

113 711 197 783 tiens,
221 711 391 783 subscripsi.

148 799 283 854 Tanusius
297 811 319 869 ¹,
333 801 531 856 misericordia
550 800 600 856 Dei
616 800 768 870 episcopus
783 795 943 854 Constanti·

114 887 249 959 nopoleos
272 902 350 945 nosce
368 890 472 961 nomae,
486 890 659 946 eonllrmans
671 889 714 944 sic
726 903 757 944 se
779 886 883 943 habere
901 898 944 940 ve·

114 977 229 1033 ritatem
251 977 429 1049 omniaque·
460 978 594 1047 superius
624 977 792 1044 elleruntur,
822 974 945 1030 libenter

114 1065 278 1136 admittens,
290 1065 337 1121 his
352 1065 522 1137 subscripsi.

151 1155 282 1226 loannes,
308 1155 508 1212 misericordia
526 1156 577 1212 Dei
600 1156 746 1227 presbyter
776 1160 804 1211 et
828 1153 948 1225 patriar·

117 1243 236 1300 charum
252 1244 407 1316 syncellus,
424 1243 517 1301 locum
533 1245 661 1300 retinens
680 1244 768 1300 trium
779 1242 948 1314 apostolica-

116 1346 181 1389 rum
201 1333 324 1405 sedium,
344 1333 534 1404 hlexandriae,
553 1333 723 1406 dntiochiae,
743 1339 772 1388 ct
789 1329 949 1401 llierosoly·

117 1437 239 1491 morum,
263 1421 398 1478 omnihus
421 1438 483 1493 quae
508 1421 700 1492 praeieruntur
723 1422 752 1479 ia
782 1421 835 1477 hoc
858 1425 947 1493 textu,

117 1511 275 1583 consentio,
295 1515 324 1566 et
335 1511 505 1567 conveniens
527 1510 687 1580 subscripsi
703 1523 764 1566 mea
778 1523 875 1565 manu.

153 1602 283 1657 Thomas.
296 1600 495 1656 misericordia
507 1601 557 1656 Dei
573 1600 719 1671 presbyter
732 1606 759 1656 et
772 1599 950 1671 hegumenus

995 443 1099 503 debcut
1114 446 1300 502 rationabiles
1315 448 1436 517 pecudes
1451 453 1597 518 pastorum
1614 459 1707 517 voces,
1722 460 1825 517 quem-

995 534 1146 591 admodum
1162 534 1301 590 Dominus
1315 534 1366 606 ait,
1395 535 1462 605 quia
1475 549 1537 590 coes
1550 550 1615 589 mrae
1635 550 1726 589 vocem
1740 550 1828 589 meam

995 620 1213 691 audirentlloon.
1230 622 1267 697 t).
1290 625 1363 695 Ergo
1378 630 1468 695 elego
1488 627 1635 695 pastorum
1655 627 1748 678 rectas
1774 637 1829 678 vo-

996 726 1043 768 ces
1062 726 1192 782 sequens,
1210 726 1259 782 per
1275 712 1395 787 vestigia
1409 725 1507 768 eorum
1530 712 1662 767 incedere
1677 725 1826 782 propono:

998 800 1829 872 qulbusetconsentieusinomnibustestimoniisipsorum

998 904 1062 961 quac
1074 888 1144 944 lecta
1159 894 1236 959 sunt,
1253 889 1424 960 subscripsi.

1034 978 1213 1049 Nicephorus
1225 978 1363 1051 indignus
1372 980 1525 1050 episcopus
1536 980 1829 1050 Dyrrachianensium

1001 1066 1164 1137 provincie,
1188 1066 1447 1138 illyricianensium
1470 1070 1607 1142 regionis,
1630 1068 1754 1126 libenter
1766 1082 1832 1124 om-

1002 1156 1051 1212 uia
1061 1170 1123 1227 quoe
1143 1155 1309 1227 prescripta
1321 1162 1399 1228 sunt,
1414 1158 1587 1231 suscipiens,
1603 1157 1775 1228 subscripsi.

1037 1243 1173 1300 Nicotaus
1202 1245 1357 1301 monachus
1379 1246 1564 1318 hegumenus,
1593 1252 1681 1303 etex
1710 1259 1830 1315 persone

1003 1332 1100 1390 throni
1126 1335 1295 1404 Tyanorum,
1319 1334 1443 1390 libenter
1460 1336 1557 1391 omnia
1579 1349 1641 1406 quae
1665 1334 1831 1404 praescripta

1004 1426 1081 1490 sunt,
1098 1421 1270 1492 suscipiens,
1284 1422 1453 1494 subscripsi.

1040 1510 1138 1567 Daniel
1158 1517 1297 1582 peccator,
1314 1513 1464 1583 episcopus
1479 1513 1613 1581 hmaseu,
1630 1510 1755 1568 libenter
1769 1525 1833 1567 om-

1005 1599 1052 1655 nia
1066 1614 1128 1670 quse
1145 1601 1311 1670 prescripta
1330 1606 1408 1672 sunt,
1428 1601 1601 1672 suscipiens.
1624 1599 1796 1670 subscripsi.

119 1690 286 1748 monasterii
305 1690 396 1746 sancti
416 1690 510 1745 Patris
536 1689 627 1746 nostri
640 1689 755 1746 hrsenii
777 1688 808 1744 in
830 1687 949 1759 Egypto
965 1674 991 1734 B
1039 1687 1179 1760 Georgius
1193 1689 1330 1762 indignus
1344 1689 1499 1761 presbyter,
1512 1696 1583 1746 etex
1598 1703 1720 1761 persona
1735 1688 1832 1745 throni

119 1780 182 1850 siti,
211 1779 303 1836 locum
328 1779 453 1834 retinens
468 1778 556 1834 trium
579 1779 802 1849 apostolicarum
826 1775 948 1844 sedium,

119 1868 308 1940 Alexandriae,
331 1867 502 1938 Antiochiae,
526 1872 553 1924 ct
576 1863 951 1938 llierosolymorumomni-

97 1959 174 2018 ‚bus
199 1973 261 2029 quse
287 1955 478 2028 praeferuntur
508 1956 536 2012 in
565 1958 617 2012 hoc
644 1952 901 2027 textussconseutio,
923 1957 952 2007 et

120 2045 297 2103 concordans
315 2045 485 2116 subscripsi.

155 2135 283 2208 hgapius
297 2135 435 2207 indignus
449 2136 601 2207 episcopus
620 2135 750 2190 Cesariae
768 2130 952 2204 cappadocis

122 2224 245 2281 libenter
273 2224 369 2282 omnia
400 2238 463 2295 quie
485 2224 650 2295 praescripht
678 2226 756 2295 sunt,
779 2220 951 2291 suscipiens,

122 2314 294 2384 subscripsi.

158 2403 278 2459 loannes
310 2403 464 2473 episeopus
489 2401 592 2472 Ephesi
624 2401 746 2457 libenter
771 2398 867 2455 omnia
892 2409 955 2467 quac

124 2493 380 2563 prescriptasum,
407 2491 578 2560 suscipiens,
602 2488 773 2559 subscripsi.

158 2580 362 2636 Constantinus
374 2580 526 2649 episcopus
538 2578 711 2634 Constantis
729 2577 898 2648 Cypriorum
911 2575 951 2630 in·

125 2670 205 2740 sulm,
222 2668 378 2725 secundum
391 2682 424 2723 ea
440 2682 503 2738 quse
520 2668 655 2736 superius
670 2665 837 2735 elleruntur,
857 2678 953 2735 querm-

108 2756 111 2761 ’
126 2773 180 2831 que
195 2773 247 2814 uos
257 2756 379 2813 confessi
391 2771 491 2812 sumus
504 2757 691 2812 orthodoxam
707 2755 800 2824 tidem,
815 2754 955 2824 suscipio,

125 2853 154 2905 et
178 2848 272 2904 saluto
293 2861 388 2902 sacras
403 2850 431 2901 et
444 2844 621 2901 venerabiles
640 2845 748 2915 iconas,
764 2849 792 2899 et
807 2842 958 2899 honorabi-

126 2938 194 2994 liter
208 2937 341 3005 adorans,
356 2935 527 3005 subscripsi.

1003 1777 1148 1849 Naziauzi,
1165 1777 1287 1834 libenter
1296 1779 1392 1834 omnia
1409 1792 1473 1850 quae
1488 1780 1655 1850 praescripta
1669 1783 1748 1848 sunt,
1765 1793 1834 1834 sus-

1005 1867 1126 1939 cipiens,
1142 1866 1313 1938 subscripsi.

1040 1955 1245 2012 Constantinus
1269 1955 1408 2028 indignus
1436 1956 1588 2028 episcopus
1611 1957 1833 2028 Gangrensium,

1006 2044 1144 2102 similiter
1166 2044 1261 2101 omnia
1286 2058 1349 2115 quae
1370 2045 1536 2116 praescripta
1558 2051 1636 2117 sunt,
1660 2045 1834 2116 suscipiens,

1007 2134 1178 2205 subscripsi.

1042 2225 1155 2280 Nicetes
1170 2227 1309 2294 peccator,
1324 2223 1476 2295 episcopus
1492 2222 1721 2296 Claudiopoleos,
1738 2223 1838 2281 libeu-

1008 2318 1051 2369 ter
1074 2312 1169 2368 omnia
1193 2326 1255 2382 quae
1276 2312 1440 2383 prescripta
1460 2320 1537 2383 sunt,
1567 2312 1740 2384 suscipiens,
1766 2312 1838 2370 sub-

1010 2401 1124 2472 scripsi.

1045 2490 1201 2562 Gregorius
1212 2491 1335 2561 exiguus
1349 2490 1501 2561 episcopus
1519 2490 1702 2547 Neocaesariae
1717 2491 1841 2548 libenter

1011 2579 1106 2634 omnia
1130 2593 1193 2649 quac
1206 2579 1370 2649 praescripta
1384 2585 1461 2644 sunt,
1477 2579 1648 2649 suscipiens,
1665 2578 1838 2650 subscripsi.

1046 2667 1202 2739 Gregorius
1218 2667 1354 2739 indiguus
1369 2668 1520 2738 episcopus
1537 2668 1784 2724 l’isinuntensium
1800 2669 1843 2724 li-

1012 2758 1110 2814 benter
1122 2756 1218 2813 omnis
1232 2771 1294 2828 quse
1311 2757 1475 2828 prescripta
1489 2773 1522 2813 su
1546 2763 1566 2829 t,
1580 2758 1755 2829 suscipiens,
1768 2758 1843 2815 sub-

1012 2846 1126 2916 scripsi.

1046 2936 1211 2991 Theodorus
1240 2934 1378 3006 indignus
1400 2935 1553 3005 episcopus
1576 2938 1720 3006 llyrorum
1750 2936 1844 3008 Lyciae

161 3024 337 3096 Theophilus
363 3023 500 3096 indignus
529 3023 682 3094 episcopus
701 3022 909 3079 Thessalonice
925 3022 1135 3098 liclibenter
1164 3023 1260 3080 omnia
1284 3037 1347 3094 quae
1371 3024 1536 3094 prescripta
1566 3030 1642 3095 sunt,
1666 3025 1843 3097 suscipiens,

127 3114 226 3172 benter
240 3114 335 3170 omnia
356 3113 521 3184 prescripta
543 3113 715 3183 suscipiens,
732 3112 901 3182 subscripsi.

162 3204 288 3262 Basilius
312 3204 450 3275 indignus
472 3203 624 3273 episcopus
649 3203 766 3273 hncyrae
786 3202 905 3258 Galatiae
925 3201 960 3256 li·

127 3296 226 3352 benter
240 3293 336 3350 omnia
353 3306 415 3362 quae
425 3293 593 3363 prescripta
610 3297 687 3362 sunt,
708 3291 881 3361 suscipiens,
894 3290 959 3346 sub-

129 3384 243 3456 scripsi.

137 3540 141 3545 ,
164 3477 218 3530 Leo
232 3473 383 3544 episeopus
400 3471 537 3527 lleraeliat
553 3470 682 3526 Thraciae
703 3470 850 3526 similiter.

163 3563 300 3620 Nicolaus
320 3562 458 3633 indignus
481 3561 633 3630 episcopus
656 3559 750 3628 Cyzici
776 3557 872 3613 omnia
897 3571 959 3626 quae

130 3653 296 3725 praescripta
306 3655 384 3718 sunt,
400 3647 522 3703 libenter
537 3647 702 3717 admittens,
716 3644 885 3714 subscripsi.

164 3738 338 3810 Euthymius
361 3736 497 3806 indignus
519 3734 670 3804 episcopus
696 3732 849 3788 Sardorum
870 3732 959 3788 libeu-

130 3835 174 3885 ter
195 3827 291 3884 omnia
313 3838 375 3895 queo
403 3822 567 3892 praeseripta
592 3825 668 3891 suut,
700 3820 870 3892 suscipiens,
895 3819 961 3877 sub-

131 3916 245 3986 scripsi.

167 4006 267 4061 Petrus
299 4002 437 4073 indignus
458 4000 612 4071 episcopus
635 3999 809 4055 Nicomediae
835 3998 961 4055 libenter

133 4108 197 4167 quac
217 4092 324 4162 scripta
352 4095 428 4159 sunt,
452 4089 623 4159 suscipiens,
645 4088 815 4158 subscripsi.

168 4182 245 4240 Elias
270 4185 408 4252 peccator,
429 4179 581 4249 episeopus
598 4177 775 4234 Cretensium
795 4177 906 4248 insulae,
929 4177 962 4233 li·

132 4269 337 4329 bentcromnia
353 4284 415 4340 quse
431 4267 596 4339 prescripta
616 4272 693 4333 suut,
713 4267 877 4337 suscipiens
898 4266 962 4322 suh

134 4361 248 4432 scripsi.

169 4445 961 4522 hypatiusindignusepiscopushtcaeaeBithyniensium

135 4541 289 4612 provincia>
301 4538 423 4595 libenter
437 4535 533 4594 omnia
548 4549 611 4605 quse
630 4522 796 4605 prtes'cripta
807 4539 884 4607 sunt,
903 4551 963 4592 sus·

134 4629 256 4701 cipiens,
276 4627 448 4697 subscripsi.

169 4717 337 4775 stauracius
358 4718 498 4786 peccator,
514 4713 668 4784 episcopus
688 4713 887 4785 Chalcedonis,
907 4728 965 4770 om·

135 4807 184 4864 nia
204 4819 266 4876 quae
285 4804 451 4876 prescripta
472 4808 549 4874 sunt,
567 4801 689 4859 libenter
710 4802 883 4875 suscipiens,
899 4802 965 4859 suh-

37 4886 48 4896 “
135 4894 249 4966 scripsi.

170 4986 234 5045 Leo.
254 4981 346 5055 gratia
369 4982 420 5037 Dei
441 4981 586 5053 presbyter
609 4980 800 5038 sanctissime
821 4982 870 5037 Dei
900 4996 966 5052 apo

135 5072 242 5130 stolicae
256 5084 362 5143 magnes
371 5070 514 5137 Ecclesiae,
525 5076 553 5126 et
566 5070 699 5141 princeps
712 5070 962 5135 monasteriorum,

134 5160 305 5218 etdelensor
324 5158 514 5215 sanctissime
534 5159 585 5213 Dei
606 5159 751 5229 Ecclesis,
772 5158 894 5213 libenter
909 5172 965 5214 om.

137 5251 258 5321 niaqute
271 5248 435 5320 praescripta
452 5250 530 5314 sunt,
550 5246 723 5315 suscipiens,
739 5245 908 5315 subscripsi.

171 5338 350 5410 Epiphanius
363 5341 501 5406 peccator,
515 5335 655 5390 diaconus
667 5335 857 5390 sanctissime
873 5335 964 5390 Eccle-

138 5429 188 5487 siae
205 5429 316 5484 Catanae
335 5425 497 5482 Siculorum
521 5421 685 5492 provincia,
703 5427 731 5477 et
754 5421 881 5478 vicarius
894 5423 966 5479 Tho-

172 5521 229 5574 rln
245 5532 295 5574 ms.
316 5516 369 5572 Jol.
383 5512 517 5570 Tarasius
539 5509 723 5582 postponitur
741 5510 854 5566 loanni.

1012 3113 1182 3184 subscripsi.

1048 3202 1217 3259 Eustathius
1233 3202 1372 3273 indignus
1396 3202 1548 3272 episcopus
1567 3202 1711 3258 Laodiceae
1723 3203 1849 3276 Phryga-

1013 3307 1077 3349 rum
1093 3292 1246 3363 provincie
1259 3291 1381 3348 libenter
1395 3291 1491 3348 outnia
1507 3306 1570 3362 quae
1586 3292 1753 3362 praescripta
1765 3298 1845 3364 sunt,

1013 3381 1185 3451 suscipiens,
1201 3380 1370 3449 subscripsi.

1049 3470 1169 3526 llichael
1181 3469 1319 3540 indignus
1328 3469 1480 3539 episeopus
1490 3469 1708 3540 Syuadensium,
1721 3469 1848 3527 libenter

1013 3558 1109 3615 omnia
1126 3571 1189 3628 ‹yuae
1204 3558 1369 3627 prescripta
1385 3564 1461 3628 sunt,
1484 3558 1646 3628 suscipiens
1669 3557 1842 3630 subscripsi·

1049 3647 1205 3717 Gregorius
1228 3643 1396 3722 [Georgius]
1414 3647 1553 3721 indignus
1574 3647 1727 3718 episcopus
1740 3646 1849 3705 Antio-

1014 3735 1087 3792 chiae
1106 3735 1222 3790 Pisidise
1235 3734 1356 3791 libenter
1379 3736 1474 3792 omnia
1497 3749 1560 3806 quae
1579 3737 1748 3806 prescripta
1766 3743 1845 3808 sunt,

1016 3825 1187 3894 suscipiens,
1209 3825 1380 3895 subscripsi.

1050 3915 1277 3986 Theophylactus
1289 3914 1428 3986 indiguus
1441 3913 1581 3971 diaconus
1599 3913 1753 3985 exarchus,
1771 3920 1799 3970 et
1813 3929 1847 3972 ex

1016 4015 1134 4073 persona
1158 4001 1241 4057 clare
1266 4003 1453 4072 metropoleos
1477 4002 1575 4073 Carice,
1601 4001 1725 4058 libenter
1749 4003 1848 4060 omnia

1015 4106 1078 4162 quat
1098 4091 1262 4162 praescripta
1277 4097 1354 4162 suut,
1376 4091 1547 4161 suscipiens,
1563 4090 1735 4170 subscripsi.

1050 4183 1104 4237 leo
1117 4181 1254 4252 indignus
1266 4181 1417 4250 episcopus
1429 4180 1518 4236 leonii
1536 4179 1658 4236 libenter
1669 4180 1769 4237 omnia
1782 4194 1847 4251 quae

1016 4269 1181 4339 praescripta
1204 4275 1281 4338 sunt,
1305 4269 1478 4339 suscipiens,
1494 4268 1664 4338 subscripsi.

974 4353 1002 4415 D
1051 4357 1219 4413 Anastasius
1235 4357 1372 4429 indignus
1385 4356 1538 4427 episcopus
1552 4356 1722 4426 Nicopoleos
1742 4357 1850 4413 veteris

1016 4446 1096 4516 Epiri
1114 4445 1235 4501 libenter
1256 4445 1352 4502 omnia
1372 4458 1435 4515 quat
1457 4446 1623 4516 praescrlpta
1644 4450 1723 4513 suut,
1751 4446 1850 4502 susci·

1018 4534 1109 4604 piens,
1122 4533 1292 4602 subscripsi.

1052 4622 1256 4678 tlonstantinus
1271 4622 1409 4694 indignus
1429 4622 1583 4692 episcopus
1603 4623 1707 4693 Pergte,
1724 4620 1850 4680 libenter

1018 4711 1114 4767 omnia
1129 4726 1191 4782 «pute
1210 4711 1376 4782 prescripta
1393 4718 1470 4781 sunt,
1484 4710 1658 4780 suscipiens,
1672 4710 1848 4782 subscripsi.

1053 4800 1208 4872 Gregorius
1239 4807 1376 4871 peccator,
1413 4797 1568 4869 presbyter,
1598 4803 1626 4854 et
1658 4812 1693 4854 ex
1728 4813 1849 4869 persone

983 4910 985 4916 ·
1018 4887 1114 4943 throni
1125 4886 1556 4957 TrajanopoleosThrsccnsium
1572 4886 1709 4958 regionis,
1726 4887 1851 4944 libenter

1019 4977 1191 5047 omniaque
1212 4976 1376 5047 prtescripta
1391 4981 1468 5043 sunt,
1483 4975 1656 5047 suscipiens,
1674 4975 1848 5048 subscripsi.

1055 5069 1108 5122 Leo
1120 5066 1256 5137 indignus
1268 5066 1420 5136 episcopus
1433 5065 1524 5121 lihodi
1539 5064 1663 5120 libenter
1675 5065 1775 5122 omnia
1787 5079 1851 5137 quae

1020 5155 1182 5227 praescripta
1197 5160 1274 5224 sunt,
1292 5155 1463 5224 suscipiens.
1480 5153 1649 5223 subscripsi.

1054 5243 1277 5312 Chrislophorus
1308 5244 1444 5314 indignus
1472 5242 1623 5313 episcopus
1648 5241 1797 5314 Phasidis,
1821 5243 1849 5299 id

1018 5338 1070 5400 cst,
1087 5331 1400 5400 trapezuntinensium,
1417 5331 1539 5387 libenter
1559 5328 1656 5385 omnia
1681 5331 1851 5402 praescripta

1019 5420 1190 5488 suscipiens,
1211 5419 1380 5489 subscripsi.
