3876 6090
117 250 166 310 aaa
731 245 910 301 nnns'rnsu
935 223 1211 301 oratro‘runcnrnl
1782 244 1837 303 aaa

116 375 350 447 praepositionum
371 372 593 429 commutatione
616 371 741 426 inducta.
765 369 865 425 hbsit:
883 369 978 428 triaA
995 368 1109 424 tritium
1129 383 1286 425 sermonem
1300 370 1350 442 qui
1365 371 1394 426 iu
1416 367 1508 444 omni]
1525 369 1605 440 plebe
1614 368 1723 425 Christi
1747 369 1833 424 inve-

114 465 191 522 euim
203 478 278 520 uuus
290 465 364 518 Deus
375 476 440 518 cum
453 460 602 517 alterutris
615 459 799 530 intelligitur,
813 464 845 513 ut
858 457 940 513 docet
995 458 1097 515 nitur‘l
1115 459 1161 515 llli
1174 460 1251 515 enim
1275 460 1310 514 de
1327 459 1434 529 quibus
1452 459 1540 515 isaias
1563 459 1639 514 dixit
1665 457 1730 530 (iso.
1755 460 1830 530 ιιι),

114 553 270 625 Gregorius
284 551 406 621 sapiens.
424 549 503 606 Nulli
517 563 583 621 erpo
599 562 699 604 nomen
711 547 786 618 quod
802 551 940 616 estsuper
994 561 1080 617 super
1093 548 1212 603 vertices
1225 548 1364 604 montium
1383 547 1577 616 immolabant,
1592 552 1620 603 ει
1633 560 1720 616 super
1740 545 1833 602 colles

114 655 196 699 omne
209 654 309 696 nomen
327 635 388 713 [Gr.
401 639 479 701 odd„
491 644 541 693 ant
551 637 672 704 cultum,
687 641 738 691 aut
753 634 882 703 latriam]
896 649 941 704 po
994 636 1193 693 sacrificabant
1212 637 1315 693 subtus
1331 652 1466 707 quercum
1490 643 1519 693 et
1534 636 1671 706 populum
1695 640 1723 691 et
1738 635 1831 691 arbo-

114 730 201 803 pulus
225 728 333 784 Christi
355 741 444 797 usque
466 726 561 796 bodie,
582 730 697 794 excepta
719 729 817 780 sancta
833 728 860 778 et
874 723 940 779 vitm
996 739 1052 782 rem
1077 725 1310 782 obumbrantem:
1339 727 1408 797 quia
1428 725 1497 782 bene
1525 726 1597 798 tegit
1624 721 1693 799 [Gn.
1722 724 1830 780 bonum

114 816 268 890 principali
287 816 438 882 Trinitate,
461 814 612 884 applicuit.
634 813 725 869 Absit.
743 815 811 867 Nam
826 811 875 867 ubi
889 825 941 866 nos
995 811 1216 888 tegumentum,
1242 815 1391 884 ‹puemadm
1411 815 1480 871 dum
1516 814 1592 870 alius
1623 812 1831 885 prophetarum

112 908 219 966 servire
233 905 342 963 talibus
355 905 454 961 divina
465 903 613 973 Scriptura
634 901 776 972 probibet,
793 901 940 957 etallenos
993 903 1074 958 Isaiae
1109 917 1220 958 coaevus
1249 902 1353 958 clamat
1385 902 1453 973 (Osa.
1486 904 1534 975 ιι).
1572 903 1699 972 Populus
1734 906 1831 957 autem

111 1011 164 1055 seu
175 1000 302 1052 exsortes
314 1009 331 1050 a
343 994 394 1050 tali
413 993 475 1049 vult
489 1006 585 1048 errore
602 992 695 1048 modis
709 989 941 1048 omnibusexhi-
994 992 1102 1049 Christi
1116 1007 1209 1065 regem
1221 993 1391 1049 saeculorum
1406 991 1667 1062 incorruptibilem,
1691 990 1833 1047 invisibi-

112 1085 173 1143 beri
186 1085 280 1156 [Certe
294 1083 371 1140 enim
382 1082 475 1138 latriae
486 1080 597 1138 cultum
612 1094 666 1136 non
679 1079 871 1135 exhibendum
883 1078 941 1133 bu·
995 1078 1061 1148 lem,
1082 1080 1175 1137 solum
1194 1085 1223 1137 et
1244 1081 1400 1151 sapientem
1416 1083 1504 1137 Deum
1521 1081 1544 1152 (l
1566 1082 1634 1135 Tim.
1652 1079 1672 1152 1)
1682 1080 1786 1136 adorat
1802 1080 1831 1135 in

109 1173 236 1247 jusmodi
257 1172 353 1243 rebus,
373 1170 514 1240 addendo,
535 1169 683 1239 Scriptura
707 1168 818 1224 alienos
839 1181 890 1223 nos
912 1170 942 1222 ει
995 1168 1061 1225 aula
1079 1175 1176 1225 sancta
1198 1171 1271 1241 ejus,
1287 1170 1482 1226 adorationem
1498 1169 1527 1225 iu
1543 1168 1651 1239 spiritu
1668 1172 1697 1224 et
1711 1167 1831 1224 veritate

111 1262 229 1320 omnino
254 1265 381 1317 exsortes
403 1257 530 1315 ostendit
550 1271 566 1312 a
589 1257 640 1313 tali
668 1255 788 1325 errorcl.
811 1254 941 1324 lienique
995 1255 1115 1325 taciem,
1132 1270 1301 1328 omnemque
1320 1258 1433 1314 laudem
1449 1264 1477 1313 et
1493 1257 1733 1330 glorificationem
1753 1255 1832 1311 rivi-

112 1351 336 1408 manilestusest
351 1349 493 1405 idolorum
508 1347 658 1421 servitutis
669 1346 781 1402 modus.
792 1345 874 1414 alprud
888 1356 940 1398 nos
995 1346 1056 1402 lice
1077 1347 1213 1403 trinitati
1247 1339 1421 1404 incessanter
1450 1345 1580 1403 offerens.
1609 1346 1707 1402 Brevis
1734 1351 1830 1401 autem

111 1445 206 1498 autem
223 1454 298 1496 unus
319 1444 362 1494 est
381 1440 457 1494 Deus
476 1436 649 1505 adorandus,
670 1440 699 1490 et
714 1448 770 1490 una
791 1440 819 1489 ct
842 1433 939 1488 eadem
994 1433 1061 1491 buis
1083 1435 1235 1508 idolorum,
1250 1450 1334 1507 quem
1354 1436 1502 1505 sapientia·
1511 1434 1711 1501 concionatur,
1733 1434 1762 1491 id
1787 1440 1830 1491 est

16 1552 21 1557 ·
112 1529 143 1585 in
167 1529 263 1599 ipsum
285 1532 329 1584 est
352 1527 430 1597 ildeS,
455 1530 483 1582 et
506 1539 594 1582 uuum
627 1538 660 1580 ac
691 1523 816 1579 salutare
841 1520 941 1592 bapti·
995 1524 1097 1580 horum
1111 1525 1271 1594 demolitio,
1289 1525 1402 1596 etquod
1419 1538 1474 1580 uon
1493 1523 1523 1579 in
1538 1524 1747 1593 sempiternum
1762 1536 1828 1579 ma-

3 1664 6 1668 ,
112 1631 223 1675 smum:
245 1617 288 1673 sic
306 1620 335 1672 ει
353 1629 409 1674 una
432 1629 494 1686 quae
513 1613 633 1671 oilertur
652 1612 679 1668 ei
699 1612 824 1667 servitus
848 1624 865 1666 a
885 1624 941 1665 uo-
995 1619 1089 1681 nearrt,
1105 1628 1160 1670 nou
1178 1614 1296 1670 aliunde
1313 1628 1397 1684 quam
1410 1627 1444 1669 ει
1461 1613 1642 1684 apparitione
1664 1611 1829 1671 factumest

112 1706 167 1776 his,
187 1705 264 1762 sicut
282 1704 420 1760 traditum
437 1707 481 1759 est
499 1717 515 1758 a
538 1701 629 1757 sacris
649 1699 798 1770 apostolis,
820 1704 848 1753 et
868 1712 941 1755 cou-
955 1689 982 1751 B
995 1703 1091 1774 magui
1106 1702 1157 1758 Dei
1175 1709 1202 1758 ει
1215 1703 1371 1759 salvatoris
1394 1702 1484 1758 nostri
1510 1703 1575 1758 lesu
1592 1701 1716 1771 Christi,
1744 1715 1828 1773 quam

111 1801 272 1862 servatum
298 1792 530 1862 sacrificiumque
552 1791 658 1859 laudis,
685 1789 759 1860 quod
783 1801 831 1858 per
852 1786 941 1842 Chri·
993 1791 1120 1848 Ecclesia
1141 1793 1213 1861 ejus,
1238 1805 1301 1862 quae
1319 1805 1336 1846 a
1357 1790 1465 1846 linibus
1487 1804 1577 1861 usque
1599 1791 1633 1845 ad
1661 1790 1732 1846 lines
1749 1791 1829 1846 orbis

111 1889 188 1941 stum
220 1881 399 1939 referendum
430 1882 549 1937 estbeo
574 1884 603 1935 et
614 1878 702 1948 Patri,
719 1883 751 1934 ιιι
765 1876 883 1933 divinus
898 1876 940 1930 ait
995 1885 1076 1937 terrae
1095 1881 1234 1952 sanguine
1252 1881 1314 1950 ejus
1334 1880 1477 1951 acquisita
1492 1885 1544 1949 est,
1564 1893 1674 1948 semper
1690 1880 1737 1949 pie
1759 1893 1828 1935 sen-

110 1968 453 2043 llpostolushlcbcnrul,
478 1968 507 2024 id
523 1974 567 2024 est
586 1967 728 2023 labiorum
743 1964 855 2021 l'ructus
867 1979 940 2020 con·
994 1970 1069 2026 tiens
1099 1969 1250 2026 corrhtetur
1282 1974 1309 2024 et
1340 1969 1491 2041 gl0ritlcat.
1522 1968 1602 2023 Nihil
1634 1981 1702 2039 ergo
1728 1982 1828 2039 repire-

112 2061 254 2118 llteutium
278 2059 387 2115 nomini
405 2059 468 2128 ejus
479 2077 486 2123 ;
499 2062 528 2113 ει
542 2056 727 2113 divinissima
741 2054 862 2110 traditio
876 2067 939 2124 quae

113 2153 157 2207 est
174 2149 204 2204 in
224 2147 347 2204 viviticis
370 2145 525 2218 mysteriis,
552 2159 636 2215 quam
661 2142 865 2214 praenuntiavit
887 2143 942 2196 bla-

115 2238 224 2295 lacbias
235 2237 371 2308 propheta
381 2235 464 2306 quasi
477 2249 512 2291 ex
525 2248 644 2305 persona
658 2233 708 2288 bei
725 2232 857 2288 locutus:
871 2231 941 2295 Qatio

113 2328 149 2382 ub
161 2327 295 2381 mensotis
310 2341 394 2394 usquc
409 2325 446 2379 od
462 2339 585 2378 occasum
598 2323 780 2391 clarificatum
794 2325 833 2375 est
846 2333 942 2372 ιιειιιιη

112 2431 200 2471 meum
218 2414 399 2482 tranantibus,
420 2418 444 2467 et
461 2414 490 2465 ιἰι
504 2413 578 2466 oanni
595 2411 649 2464 loco
673 2412 812 2463 trecensum
829 2408 942 2476 ossariam

114 2505 293 2564 nornininrro,
307 2506 331 2557 ct
349 2502 511 2569 sucrificium
525 2499 657 2553 oriundum
672 2495 798 2568 (lirrluch.
819 2498 847 2569 ι).
867 2497 943 2552 Nul-

113 2592 161 2649 lus
180 2590 328 2663 igiturest
345 2602 501 2644 cousensus
521 2587 625 2656 templo
648 2586 709 2657 Ilei,
737 2586 765 2640 id
786 2591 829 2641 cst
849 2585 942 2655 ipsius

112 2679 245 2738 Ecclesiae
258 2692 322 2734 cum
335 2676 422 2732 idolis
436 2673 475 2747 (il
487 2676 546 2730 t'or.
561 2675 609 2746 ιι).
626 2673 716 2729 llbsit.
732 2675 794 2729 llaec
807 2679 851 2729 est
865 2673 941 2728 euim

112 2769 245 2826 columna
268 2772 296 2823 et
327 2765 534 2820 firmamentum
562 2762 702 2832 variatis,
730 2768 761 2818 ut
786 2761 943 2832 apostolice

113 2860 277 2926 nuncupata
296 2858 339 2910 εει
351 2851 374 2925 (i
391 2855 457 2907 Tiar.
476 2851 535 2924 nri:
558 2850 701 2907 idolorum
715 2855 808 2906 autem
825 2849 942 2906 nomina

996 2059 1144 2115 hensionis
1180 2058 1333 2127 idolorum,
1368 2072 1432 2128 qum
1463 2057 1493 2113 in
1534 2056 1594 2112 illis
1627 2057 1735 2127 scripta
1771 2064 1827 2125 est,

996 2161 1148 2218 germanus
1182 2150 1212 2202 et
1240 2161 1323 2202 verax
1359 2146 1512 2202 Trinitatis
1541 2147 1674 2201 allocutor
1704 2145 1827 2216 populus

995 2236 1103 2293 Christi
1127 2236 1157 2291 in
1178 2240 1265 2291 semet
1279 2236 1409 2307 attrahit,
1429 2241 1592 2292 sauctorum
1607 2236 1734 2291 virorum
1751 2236 1827 2292 ima-

997 2327 1078 2398 gines
1095 2324 1223 2380 habendo
1238 2325 1273 2380 ad
1296 2325 1559 2380 rememorationem
1574 2324 1693 2380 virtutis
1709 2338 1825 2381 eorum:

997 2414 1235 2483 quemadmodum
1268 2426 1319 2467 nec
1349 2412 1428 2468 beato
1460 2412 1547 2467 Paulo
1573 2412 1703 2481 apostolo
1729 2413 1826 2468 carnis

998 2501 1161 2572 prohibenti
1185 2500 1445 2572 circumcisionem,
1471 2505 1499 2556 ct
1522 2515 1570 2556 eos
1595 2500 1645 2571 qui
1668 2502 1826 2557 secundum

998 2590 1085 2662 legem
1099 2590 1254 2660 iustificari
1273 2589 1413 2658 uolebant,
1437 2589 1606 2658 increpanti,
1630 2589 1744 2660 culpam
1769 2590 1828 2646 ali-

998 2694 1082 2750 quam
1099 2677 1186 2734 iulert
1204 2683 1254 2735 aut
1272 2679 1391 2747 crimen,
1410 2678 1485 2748 qnod
1499 2678 1716 2734 circumciderit
1728 2679 1827 2735 Timo-

987 2758 1094 2824 theum
1116 2767 1255 2838 legaliter,
1273 2767 1348 2837 quod
1371 2766 1536 2834 totonderit,
1554 2771 1640 2836 atque
1668 2766 1696 2821 in
1722 2767 1827 2838 templo

998 2856 1171 2913 sacrificium
1184 2854 1324 2911 obtulisse
1343 2854 1489 2911 claruerit.
1506 2857 1603 2925 Neque
1615 2855 1692 2910 enim
1705 2870 1770 2926 qum
1783 2870 1829 2925 pa·

112 2942 381 3001 exterminabuntur
403 2955 419 2996 a
443 2945 528 3011 terra,
552 2938 687 3010 protthota
711 2938 862 2994 Zacharias
879 2938 942 2993 tlu—
997 2949 1119 3016 truatur,
1132 2943 1304 3013 simpliciter
1319 2943 1425 2999 intueri
1440 2947 1567 3013 oportet,
1586 2944 1634 2999 sed
1656 2943 1766 3014 ubique
1779 2945 1827 2999 in-

113 3032 271 3103 mai(chh.
288 3030 369 3103 lllll):
392 3029 506 3100 quando
521 3028 615 3084 Omnis
629 3027 709 3083 loeus
725 3027 824 3083 domui
841 3026 939 3096 David,
958 3009 1152 3091 clericionem
1172 3037 1315 3105 gestorum
1336 3033 1469 3088 convenit
1487 3031 1667 3102 comprobari
1684 3029 1759 3106 fiir„
1775 3047 1825 3105 gp-

114 3124 142 3179 id
154 3126 197 3178 est
211 3120 344 3177 Ecclesiae
352 3118 471 3190 Christi,
485 3118 569 3187 cujus
579 3117 682 3173 domus
698 3130 750 3172 ¹108
765 3130 876 3186 sumus,
894 3129 943 3185 liet
998 3124 1123 3179 rentium
1143 3122 1274 3179 convenit
1288 3121 1413 3192 probari,
1428 3136 1491 3191 quat
1503 3126 1630 3192 agentem
1646 3121 1688 3177 vel
1703 3122 1825 3178 crimine

114 3211 306 3281 receptionem
318 3207 391 3279 [Gru
409 3205 580 3276 lecelilfflli]
596 3205 660 3261 fidel
672 3206 735 3274 ⁰1³³
749 3205 941 3275 adaperietur·
998 3211 1131 3282 absolvit,
1140 3209 1182 3267 vel
1192 3206 1437 3283 contradamnatl.
1449 3209 1511 3265 Nisi
1522 3208 1825 3282 enimhocdiligeuter

115 3301 167 3357 llis
180 3300 281 3369 utique
299 3297 440 3355 addentur
458 3301 514 3351 tam
535 3309 568 3351 ea
583 3309 646 3365 quaa
662 3300 729 3351 sunt
754 3293 784 3349 in
803 3293 945 3364 sapientia

116 3403 179 3460 quae
190 3387 301 3444 dicitur
318 3385 488 3456 Salomonis,
505 3397 589 3455 quam
605 3390 632 3439 et
648 3383 699 3440 illa
715 3397 778 3454 quae
789 3383 864 3453 apud
882 3396 946 3438 ma-

114 3477 284 3550 gniloquum
303 3475 427 3545 rejacent
448 3473 558 3529 isaiam.
583 3472 624 3527 lbi
652 3473 728 3528 enim
745 3471 873 3528 dicitur:
889 3472 946 3525 ini·

113 3569 181 3624 tium
202 3566 392 3635 Ῑοιιιίεαιίοηιε
419 3564 578 3630 encopitotio
605 3561 746 3614 idolorum.
776 3559 942 3613 Adiaaucntio

112 3661 203 3711 autem
230 3669 321 3708 eorum
346 3653 483 3720 coartrpiio
506 3645 576 3703 citae.
600 3650 693 3717 Neque
724 3648 796 3700 enirn
814 3651 892 3701 crunt
907 3647 942 3700 ub

112 3744 202 3803 initio,
217 3755 303 3809 noque
316 3740 346 3792 in
361 3738 488 3792 sacellum
499 3740 588 3791 erunt.
609 3737 693 3789 Inoni
705 3736 776 3789 enim
790 3735 878 3801 ploric
889 3734 942 3787 ho-

112 3832 217 3885 mittum
230 3828 353 3881 introivit
366 3826 441 3896 fiir,
454 3820 632 3897 introierunt]
645 3825 674 3877 in
690 3823 832 3885 anundum,
844 3827 869 3877 ct
880 3823 940 3877 ith‘o

114 3919 201 3974 brevis
223 3932 313 3971 corum
326 3916 389 3985 finis
404 3917 571 3981 cacapitotus
591 3918 630 3967 est
645 3911 719 3983 (Sap.
744 3912 812 3984 ιιι),
836 3916 865 3967 ct
883 3926 942 3966 ειε-

112 4013 172 4063 tera
184 4023 192 4076 3
203 4004 277 4075 apud
294 4003 459 4074 prophetam
481 4007 593 4059 autem:
610 4001 819 4069 consolidentur
833 4003 881 4070 qui
892 4004 942 4070 {irt-

112 4099 182 4164 paorl
201 4097 286 4148 Deum
308 4091 372 4163 (isc.
390 4090 465 4165 ιιιι)
480 4097 508 4147 ει
523 4091 679 4160 sculpunt:
701 4095 729 4146 et
754 4104 851 4145 omnes
868 4090 942 4145 unde

112 4183 181 4256 facti
201 4186 278 4252 sunt,
303 4180 438 4237 exsiccati
459 4185 536 4252 sunt,
559 4185 588 4235 et
613 4179 693 4236 surdi
718 4178 753 4234 ab
775 4177 942 4235 hominibus

113 4272 181 4328 tacti
206 4275 284 4339 sunt,
309 4274 337 4326 et
360 4283 392 4325 ea
415 4284 478 4339 quae
502 4282 566 4324 cum
589 4268 661 4339 ipsis
682 4266 844 4337 citarentur,
866 4265 939 4321 labri

999 3300 1172 3370 observetur,
1194 3297 1313 3355 fortasse
1327 3312 1377 3354 nec
1395 3298 1488 3368 ipsius
1500 3298 1549 3353 Dei
1569 3302 1741 3367 praeceptum
1765 3298 1826 3354 sinc

999 3388 1141 3444 calumnia
1155 3401 1239 3457 penes
1250 3387 1379 3442 inlideles
1389 3385 1534 3441 obicietur.
1552 3385 1631 3454 Quod
1645 3391 1741 3442 autem
1755 3386 1827 3442 scul-

1000 3477 1084 3545 ptiles
1098 3476 1157 3547 lege
1171 3474 1358 3530 interdicente
1371 3471 1442 3547 lde,
1456 3474 1602 3544 Siquidem
1618 3474 1756 3544 sculptile
1768 3475 1826 3531 sire

998 3563 1141 3620 conflatile
1156 3559 1441 3636 legeinterdicentel,
1463 3563 1512 3633 qui
1534 3561 1745 3618 obumbrabant
1758 3577 1826 3633 pro-

997 3651 1177 3722 pitiatorium
1194 3665 1280 3720 super
1292 3665 1386 3707 arcam
1400 3650 1549 3707 cherubim
1573 3651 1681 3723 gloriae,
1697 3657 1730 3706 ut
1748 3652 1827 3722 tipo-

996 3740 1087 3796 stolus
1103 3739 1231 3795 nominat
1248 3738 1338 3809 (licor.
1355 3739 1404 3812 m),
1420 3739 1592 3795 talisesseut
1605 3737 1715 3814 lerant]
1732 3738 1826 3796 lactu-

996 3843 1033 3884 rae
1048 3824 1247 3902 [structuraelt
1271 3828 1377 3898 quibus
1392 3833 1420 3883 et
1431 3828 1558 3883 divinam
1573 3842 1687 3899 quoque
1705 3828 1825 3900 gloriam

995 3917 1191 3974 contineretur
1203 3912 1372 3989 [insidereh
1387 3931 1441 3973 nou
1457 3917 1548 3972 solum
1562 3930 1596 3972 ex
1615 3916 1764 3986 Scriptura
1777 3918 1827 3973 di-

996 4004 1824 4077 scimus,sedetbeatushthanasiusilludpsalmidictum

996 4096 1196 4164 interpretans,
1232 4093 1283 4159 Qui
1316 4094 1390 4148 sectas
1425 4110 1506 4163 super
1541 4094 1688 4155 cherubim,
1723 4108 1826 4164 clipeare

995 4184 1077 4256 (Ριιιι.
1100 4184 1207 4253 enirn),
1224 4184 1307 4239 talem
1320 4184 1355 4239 de
1371 4183 1432 4239 illis
1448 4183 1568 4239 tradidit
1589 4182 1823 4255 intelligentiam.

995 4275 1029 4328 Et
1044 4278 1118 4328 certe
1141 4272 1257 4329 illorum
1276 4271 1424 4327 cherubim
1444 4270 1616 4342 principalia
1636 4271 1735 4342 ignota
1759 4275 1825 4328 sunt

112 4360 243 4434 lignariae
258 4359 330 4415 artis
342 4358 530 4430 excogitatio:
545 4363 573 4413 ει
585 4357 727 4428 lignorum
740 4369 802 4425 qum
816 4355 845 4410 iu
860 4354 942 4410 mini·
955 4359 981 4421 Ι)
996 4361 1169 4418 omnimodis
1182 4368 1283 4416 natura
1293 4359 1474 4416 homiuibus:
1487 4360 1610 4430 spiritus
1620 4359 1696 4415 enim
1707 4364 1737 4415 et
1750 4359 1826 4432 iguis

112 4450 232 4506 sterium
247 4447 413 4504 hominibus
427 4451 506 4513 sunt,
517 4445 667 4500 efficientia
682 4440 757 4518 [Gr.,
770 4447 941 4500 transmuta-

112 4534 168 4613 tio]
194 4538 222 4593 in
244 4537 300 4593 viri
325 4534 454 4605 sormam,
475 4540 504 4590 et
519 4533 676 4604 publicatio
691 4533 822 4588 amentiae
840 4545 938 4588 eorum

113 4626 163 4698 qui
174 4626 295 4682 adorant
308 4639 340 4681 ea
355 4624 462 4695 quibus
475 4621 606 4678 insertur.
624 4622 730 4692 l'idete,
748 4636 803 4677 non
823 4622 937 4692 dicetis,

3 4758 7 4763 .
112 4715 181 4787 quia
202 4713 381 4770 mendacium
395 4713 425 4768 in
438 4713 552 4768 dextera
571 4725 631 4767 mea
646 4717 706 4767 est:
722 4711 796 4781 quod
812 4712 847 4766 ad
864 4726 940 4782 prae-

112 4802 226 4872 scriptae
245 4800 402 4871 impietatis
420 4800 643 4856 destructionem
665 4800 774 4855 intulit.
800 4801 858 4857 Nos
872 4814 939 4872 ergo

111 4891 234 4949 scientes
250 4895 277 4945 et
293 4890 439 4945 credentes
454 4889 484 4945 in
502 4888 606 4945 Filium
622 4889 684 4958 Dei,
705 4889 754 4959 qui
772 4895 816 4944 est
835 4889 939 4945 veritas

112 4984 140 5037 ει
155 4979 271 5036 dextera
290 4978 393 5049 Patris,
413 4975 501 5034 alieni
517 4992 532 5033 a
546 4977 681 5049 praedicta
698 4976 842 5047 propheta
854 4978 940 5034 darn-

112 5069 228 5126 natione
242 5067 458 5125 ostendimuret
468 5069 623 5124 secuudum
634 5066 691 5122 hoc
703 5072 862 5135 opportune
877 5080 939 5136 pro

113 5157 258 5230 pheticum
278 5155 395 5214 verbum
416 5156 528 5212 dicam:
549 5156 623 5226 Quid
647 5155 733 5225 paleae
749 5153 783 5209 ad
808 5152 938 5209 frumen-

112 5254 174 5304 tum
188 5243 250 5317 (ιιι.
274 5243 380 5318 nartali
398 5244 465 5313 Qum
489 5241 673 5298 familiaritas
695 5255 750 5296 rron
773 5240 939 5298 subsisten-

113 5336 153 5392 tis
168 5334 302 5401 levitatis,
325 5346 387 5404 que
404 5330 590 5387 ventilatura
614 5328 768 5399 spiritibus
790 5330 935 5405 nequitiae,

113 5439 211 5483 eorum
224 5423 274 5495 qui
288 5422 417 5479 serviunt
431 5425 568 5475 creaturae
588 5419 684 5488 potius
698 5431 783 5488 quam
798 5419 935 5493 Creatori,

114 5515 149 5573 ad
165 5527 235 5571 verae
246 5512 295 5569 Dei
308 5508 483 5585 cognitionis
497 5508 645 5564 alumnum
659 5506 687 5562 in
704 5505 782 5563 omni
797 5502 869 5580 [Gr.,
887 5524 937 5567 uu-

994 4450 1132 4518 existunt,
1158 4455 1187 4505 et
1209 4448 1244 4504 ab
1265 4449 1342 4504 omni
1371 4449 1513 4518 corporali
1536 4446 1708 4504 formatione
1740 4454 1825 4520 atque

994 4544 1096 4594 natura
1115 4543 1256 4593 extranea.
1271 4537 1339 4606 Quae
1360 4537 1436 4593 enim
1459 4537 1494 4592 dc
1512 4536 1573 4593 illis
1589 4536 1790 4606 corpulentius
1806 4550 1822 4592 u

995 4628 1131 4698 propheta
1154 4626 1231 4682 dicta
1262 4631 1338 4697 sunt,
1369 4626 1557 4696 symbolicum
1586 4632 1615 4681 et
1640 4625 1824 4681 excellentem

995 4716 1068 4787 [Gr.,
1093 4714 1297 4787 anagogicum]
1321 4729 1436 4771 sensum
1461 4714 1576 4785 habent,
1596 4713 1681 4771 aliter
1700 4712 1823 4786 intelligi

995 4805 1118 4864 valentia
1135 4801 1208 4876 [Gr.‚
1222 4817 1278 4860 non
1298 4799 1435 4876 valentia]
1455 4802 1612 4858 secundum
1633 4801 1825 4858 venerabilem

994 4893 1144 4963 rationem,
1166 4897 1194 4947 et
1216 4891 1243 4947 id
1266 4891 1342 4962 quod
1366 4890 1560 4960 incorporalia
1585 4890 1674 4946 decet.
1693 4889 1826 4961 illudque

993 4982 1089 5038 dicere
1105 4980 1296 5035 necessarium
1318 4984 1371 5050 est,
1392 4978 1528 5050 quoniam
1544 4992 1726 5049 nequaquam
1738 4977 1826 5034 Chri-

993 5069 1081 5126 stiani
1096 5082 1194 5124 eorum
1208 5069 1258 5139 qui
1268 5067 1324 5123 sibi
1336 5072 1405 5123 sunt
1416 5068 1572 5123 secuudum
1588 5079 1703 5122 caruem
1716 5067 1826 5140 agnati,

993 5150 1053 5214 noti
1076 5156 1118 5212 vel
1142 5155 1248 5227 aliinos,
1272 5155 1394 5225 speciem
1421 5155 1617 5227 depingentes,
1641 5153 1752 5225 colunt,
1775 5159 1825 5210 aut

993 5245 1091 5314 aliquo
1109 5243 1231 5299 reddunt
1250 5243 1354 5315 dignos
1378 5243 1493 5299 honore.
1511 5243 1562 5298 Sed
1579 5255 1671 5312 neque
1685 5242 1827 5312 imperia-

993 5333 1064 5390 lium
1077 5337 1280 5402 praeceptorum
1295 5332 1426 5402 potestati
1437 5330 1654 5388 succumbentes
1668 5330 1829 5387 tallaexeo·

992 5423 1164 5495 gitareruut,
1185 5434 1270 5490 super
1286 5419 1392 5490 quibus
1409 5421 1487 5489 juste
1506 5424 1679 5475 accusantur
1703 5418 1760 5491 illi,
1775 5415 1826 5490 qui

993 5512 1109 5567 dicentes
1127 5526 1153 5566 sc
1167 5525 1223 5565 csse
1239 5510 1384 5579 sopientes,
1401 5509 1480 5564 stulti
1494 5509 1562 5576 socii
1573 5511 1648 5571 sunt,
1664 5511 1691 5562 ει
1705 5511 1827 5564 mutuae·
