3876 6090
185 203 238 265 667
809 210 987 268 ANASTdSll
1004 210 1275 270 BlBLIOTHECAlill
1839 211 1891 270 668

214 357 350 441 γίνομενος
373 356 465 419 ταὺτὸν
483 365 517 440 τῇ
537 362 612 442 σαρκὶ
629 357 892 432 διὺτήνκέοωσω··
916 361 992 418 Ἀλλ’
1026 355 1269 417 Acissitudinem
1283 357 1411 428 pertulit.
1422 357 1475 412 Cui
1489 356 1614 425 idipsum
1628 360 1672 411 est
1682 355 1760 411 Patri
1772 353 1888 425 lactum,

214 446 304 528 ὥσπερ
325 438 357 519 ἦν
380 447 444 526 δίχα
457 445 564 529 σαρκὸς,
578 446 663 518 πάσης
678 447 725 516 ἔξω
738 453 894 529 περιγραφῆς
911 448 991 523 μεμέ-

213 555 275 606 νηκε
290 553 296 566 ·
317 534 361 593 καὶ
381 531 423 592 διὸ
436 535 527 614 σαρκὸς
542 539 630 600 θεϊκιῗις
643 536 780 615 ἐνεργήσας
795 534 861 615 ὑπερ
873 533 993 606 θεότητός

214 624 294 682 ἐστιν.
318 619 467 702 Ἀμφότεροι
480 620 575 688 δειανὺς
593 622 694 694 ἑαυτὸν,
710 624 742 680 δι’
764 614 799 680 ὧν
820 621 991 702 ἀμφοτέρως,

213 713 304 775 θεῖαῶς
316 708 348 781 δή
361 732 427 792 φημι
441 709 485 768 καί
497 711 670 791 ἀνθρωπίνως,
689 710 824 790 ἐνήργησε,
842 711 900 769 κατ’
915 714 943 767 α’
975 736 994 781 ,ν

213 793 261 867 τήν
282 795 362 861 όντως
384 800 468 869 ἀληθῆ
489 797 533 857 καλ
551 795 658 879 φυσικήν
676 796 788 878 ὕπαρξιν·
804 797 873 857 Θεὸν
891 795 994 878 ἄπειρον

213 886 281 959 ὁμοῦ
290 882 336 942 καλ
347 884 518 964 περίγραπτον
530 883 660 964 ἄνθρωπον
671 883 732 944 ὄντα
744 885 828 945 τεκαὶ
841 889 992 962 νοιιύμενον,

213 966 260 1040 τήν
287 970 375 1030 οὑσίαν
400 969 522 1053 ἑκατέρου
547 972 649 1038 τελείως
674 972 776 1032 τελείαν
797 971 903 1051 ἔχοντα,
928 970 995 1047 μετὰ

213 1059 261 1128 τῆς
288 1060 367 1130 αθτῆς
395 1059 541 1139 ἐνεργείας,
566 1060 646 1137 ἤγουν
669 1064 777 1141 φυσικῆς
803 1057 945 1131 ἰδιότητος·
969 1057 995 1127 ἐξ

214 1134 250 1203 οὑν
274 1143 400 1221 μένουσαν
425 1147 465 1205 ἀεί
483 1146 552 1206 κατὰ
571 1147 646 1229 φύσιν
663 1147 725 1227 δίχα
737 1151 833 1228 τροπῆς
847 1144 895 1217 τήν
910 1147 995 1204 αὑτῶν

213 1232 291 1309 ίσμεν
304 1232 435 1315 διαφοράν.
460 1235 535 1295 Ἀλλ’
551 1238 601 1315 οὑχ
612 1232 648 1300 ὥς
662 1232 728 1300 τινάς
748 1258 821 1317 ροισι,
842 1231 911 1293 κατὰ
928 1236 994 1311 σύγ·

213 1342 307 1400 κρισιν,
327 1318 370 1380 ἵνα
387 1320 425 1400 μὴ
446 1322 491 1382 τὸν
512 1321 589 1382 αὑτὸν
611 1327 695 1405 ίαυτῷ
711 1324 779 1383 κατὰ
796 1323 827 1382 τὸ
843 1322 917 1395 αὑτὸ,
931 1321 992 1401 παρ’

214 1405 230 1466 ὸ
242 1409 290 1480 δεῖ,
306 1407 410 1487 μείζονα
421 1410 467 1471 καί
480 1409 568 1487 μείονα
580 1409 708 1488 λέγωμεν.
719 1412 862 1490 Ὀμοφυῶν
870 1408 931 1490 γὸρ,
945 1411 995 1487 οὑχ

215 1498 356 1578 ἕτεροφυῶν
378 1500 405 1556 αί
428 1497 582 1578 συγκρίσεις.
608 1499 670 1579 Θεῷ
692 1496 720 1557 δὸ
739 1501 835 1576 ποιητῇ
857 1500 909 1556 τῶν
926 1494 994 1555 dim

214 1583 332 1660 ποιητὸν,
355 1583 452 1666 ἀπείρῳ
476 1584 599 1667 περατόν,
624 1587 668 1644 καί
690 1586 792 1667 ἀπειρία
813 1583 907 1667 πίρας,
934 1585 993 1642 κατ’

1067 443 1096 497 id
1121 445 1214 513 ipsum
1236 446 1325 501 carni.
1349 446 1402 501 Seu
1427 446 1503 501 sicut
1522 453 1583 500 erat
1604 445 1666 500 sine
1689 457 1786 514 carne,
1812 443 1889 498 omui

1065 533 1150 586 etiam
1172 540 1287 603 excepta
1309 534 1578 603 circumscriptione
1601 532 1767 603 permansit.
1790 536 1818 586 et
1843 547 1889 601 per

1065 634 1177 677 carnem
1196 622 1296 678 deidce
1315 636 1436 693 operans
1455 637 1517 693 quae
1532 622 1651 677 deitatis
1668 623 1745 687 suut,
1768 628 1890 690 utraque

1066 699 1217 765 osteudens
1238 724 1268 765 se
1288 725 1336 780 per
1355 724 1418 781 quae
1434 709 1600 779 dupliciter,
1616 709 1714 763 divine
1731 708 1845 764 scilicet
1863 717 1890 765 et

1068 795 1199 867 bumane,
1214 804 1360 868 operatum
1373 802 1416 854 est
1428 797 1584 854 secundum
1597 797 1723 852 eamdem
1737 810 1803 866 quae
1817 810 1890 852 vera·

1064 885 1137 941 citer
1146 899 1211 942 vera
1223 891 1266 943 est
1279 891 1307 942 et
1320 886 1461 943 naturalis
1474 885 1636 942 substantia
1648 903 1656 956 ς
1669 885 1758 939 Deum
1773 884 1889 940 immen

1064 987 1127 1029 suna
1138 974 1224 1030 simul
1241 979 1268 1030 et
1279 976 1531 1044 circumscriptum
1545 973 1688 1029 bominem
1704 973 1888 1028 exsistentem

1063 1066 1092 1117 et
1107 1062 1295 1135 intellectum,
1316 1063 1468 1135 utriusque
1484 1061 1607 1133 perfecte
1624 1060 1828 1131 perfectionem
1845 1063 1890 1117 ba-

1064 1149 1187 1222 bentem,
1204 1165 1268 1207 eum
1284 1152 1379 1207 eadem
1396 1151 1570 1222 operatione,
1588 1151 1616 1207 id
1632 1153 1674 1204 est
1687 1148 1816 1205 naturali
1831 1163 1890 1218 pro

1064 1239 1195 1309 prietate,
1209 1255 1242 1296 ev
1256 1240 1363 1312 quibus
1377 1244 1534 1296 manentem
1548 1251 1658 1308 semper
1670 1238 1830 1293 secundum
1845 1252 1890 1294 na·

1064 1331 1156 1384 turam
1173 1329 1235 1384 sine
1249 1329 1491 1385 convertibilitate
1510 1340 1606 1383 earum
1622 1325 1815 1382 dilierentiam
1838 1327 1891 1381 sci·

1065 1431 1136 1473 mus.
1152 1418 1203 1473 Sed
1221 1431 1287 1487 non,
1306 1418 1382 1474 sicut
1397 1417 1512 1487 quidam
1531 1415 1623 1486 aiunt,
1642 1415 1801 1470 secundum
1817 1429 1890 1471 com-

1066 1506 1252 1578 parationem,
1268 1520 1302 1562 ne
1314 1506 1443 1562 eumdem
1462 1505 1519 1561 sibl
1537 1505 1693 1560 secundum
1712 1504 1809 1572 ipsum
1824 1517 1889 1571 prm

1063 1599 1106 1649 ter
1127 1595 1201 1665 quod
1228 1599 1339 1665 oportet
1364 1595 1498 1664 majorem
1520 1607 1553 1648 ac
1580 1592 1718 1648 minorem
1744 1591 1885 1648 dicamus.

214 1669 303 1729 οὐδένα
321 1671 483 1752 συγκρίνεται
503 1671 593 1750 λόγον,
616 1673 656 1733 ἀεὶ
677 1670 744 1732 νεατόι
762 1671 846 1732 πάντα
869 1674 993 1754 φυσικῶς,
1022 1682 1297 1743 BConnaluralium
1313 1684 1429 1756 quippe,
1448 1687 1476 1738 el
1493 1695 1549 1738 non
1569 1695 1667 1737 eorum
1687 1693 1751 1752 quae
1767 1680 1889 1736 alterius
1902 1702 1931 1743 d

215 1759 274 1817 ἀλλ’
287 1761 316 1818 οὐ
330 1759 497 1840 συγκρίτιιιῶς
512 1761 632 1833 ἀλλήλων
646 1757 807 1841 διαφίροντα,
825 1758 872 1842 κᾷν
886 1757 995 1841 ἄρρητός

214 1870 254 1914 τις
267 1847 313 1908 καί
325 1847 452 1929 ἄρρηκτος
465 1851 501 1915 εἰς
519 1848 580 1926 μίαν
593 1847 734 1909 ὑπόστασιν
749 1846 902 1930 ἀμφοτέρων
917 1845 993 1924 γάγο·

214 1957 255 1994 νεν
269 1932 369 2008 boore,
384 1945 471 1996 πᾶσαν
483 1936 579 2003 παντὸς
598 1944 721 2015 γεννητοῦ
738 1937 869 2001 παντελῶς
892 1931 995 2015 διαφεύ-

214 2043 297 2098 γουσα
312 2026 418 2100 γνῶσιν·
442 2022 484 2085 Τὸ
504 2021 555 2105 γάρ
569 2029 646 2095 θεῖον,
664 2028 700 2090 ὡς
720 2015 814 2104 ήνπρὸ
827 2020 993 2104 σαρκῶσῐως,

216 2108 274 2168 ίστι
284 2110 327 2170 καί
339 2108 405 2189 μιτά
419 2109 558 2191 σάφαωσιν,
573 2109 640 2172 κατὰ
653 2109 727 2194 φόσιν
740 2109 855 2192 ἄπειρον,
871 2109 991 2190 ἄσχετον,

214 2194 321 2269 ἀπαθὲς,
342 2197 506 2280 ἆωίγκφῑτον,
526 2199 699 2260 ἀναλλοίωτον
718 2199 856 2281 ἄτρεπτον,
871 2201 995 2258 αιίτοσθε·

213 2281 265 2358 νίς,
294 2287 338 2347 καί
364 2286 396 2348 τὸ
420 2297 472 2348 πᾶν
498 2292 588 2366 εἰπεῖν,
614 2286 729 2369 ὑφεστὼς
757 2290 888 2359 οθσαῗιδες,
919 2283 995 2365 μόνον

214 2373 388 2456 ἀπειροσθενός
396 2375 500 2455 ἀγαθόν.

433 2965 491 3023 Τοῦ
503 2965 594 3042 αὑτοῦ,
608 2967 639 3024 ἐκ
650 2962 787 3043 τοῦλόγου
800 2966 842 3045 β’.

255 3090 364 3172 Γίγονεν
377 3083 420 3153 οὑν
435 3095 546 3171 ἀληθῶς,
561 3092 628 3154 κατὰ
639 3091 685 3160 τὸς
700 3093 811 3176 Γραφὺς,
829 3093 865 3172 μὴ
874 3096 991 3176 τραπείς,

213 3184 228 3240 ό
247 3183 300 3240 τῶν
320 3178 388 3240 tim
405 3179 485 3256 Θεὸς,
510 3179 642 3261 ἀνθρωπος
661 3182 850 3262 ἀναμάρτητος,
869 3186 904 3249 ὡς
927 3174 993 3244 οἶδεν

213 3269 290 3337 αὑτὸς
311 3268 390 3349 μόνος
409 3270 534 3351 ὑπάρχων
556 3271 674 3352 τεχνίτης
694 3272 771 3354 φυκὸς
794 3276 846 3331 τῶν
864 3270 926 3354 ὑπὲρ
948 3274 992 3333 ἔν-

212 3382 300 3419 νοιαν·
326 3361 384 3419 κατ’
410 3357 489 3431 αὐτήν
511 3359 568 3438 ἅμα
585 3359 633 3432 τὴν
653 3361 778 3441 σωτήρων
795 3361 932 3442 σάραωσιν,
947 3368 993 3434 τῆς

159 3502 161 3507 ,
212 3449 276 3517 ἰδίας
291 3447 411 3522 θεότητος
434 3450 577 3527 ἐμποιήσας
597 3455 630 3530 τῇ
651 3452 728 3531 σαρκὶ
745 3448 792 3522 τήν
813 3449 946 3530 ἀνέργειαν,
962 3454 991 3510 οὐ

211 3534 432 3619 περιγραφομίνην
456 3539 522 3616 αὐτῇ
549 3533 589 3594 td
610 3535 657 3608 τήν
679 3536 804 3596 κένωσιν·
831 3538 884 3596 οὐδ’
905 3535 992 3617 ὥσπερ

211 3628 257 3696 τῆς
269 3627 347 3683 αὐτοῦ
361 3620 493 3698 θεότητος,
506 3622 574 3682 οὑτω
587 3623 633 3682 καὶ
643 3627 722 3696 αὑτῆς
736 3627 848 3704 φυσικῶς
862 3623 991 3702 ἐκφυομέ-

210 3734 256 3781 νην
268 3711 328 3769 ἀλλ’
341 3713 367 3770 ἀν
381 3701 423 3776 οἷς
436 3707 467 3768 ἀν
481 3709 618 3790 σαραωθείς
632 3713 721 3776 θεῐιιῶς
733 3711 856 3791 ἐνήργησε
866 3711 897 3768 δι’
912 3713 991 3783 αιἰτῆς

211 3794 408 3878 exquivere-(vqs.
424 3799 465 3856 Οὐ
483 3794 532 3877 γάρ
550 3795 639 3874 γέγονε
657 3796 730 3876 φύσει
746 3795 843 3871 θεότης,
858 3797 990 3874 μεταὸλη-

210 3889 282 3943 θεῖσα
304 3883 351 3956 τήν
374 3887 460 3965 φύσιν,
483 3888 500 3955 ἡ
521 3883 582 3962 σὸρξ
600 3883 725 3962 γενομένη
738 3888 771 3964 τῇ
784 3889 858 3966 φύσει
871 3884 990 3958 θεότητος

210 3971 293 4054 σάρξ·
320 3973 379 4031 ἀλλ’
406 3971 471 4053 ἅπερ
491 3963 541 4045 ἦν,
563 3973 608 4033 ααλ
626 3971 726 4044 θειότητι
748 3979 891 4056 cippido«
909 3974 990 4054 μεμί-

208 4080 272 4131 νηοιε
283 4058 332 4130 τήν
343 4063 419 4141 φύσιν
427 4058 668 4141 καλτήνόνίργειαν·
680 4059 762 4127 καθὼς
773 4053 841 4120 εἶπεν
854 4067 869 4121 ὑ
883 4063 987 4141 Σωτήρ·

213 4166 228 4202 ιι
236 4147 276 4207 Τὸ
285 4147 332 4226 μίν
340 4151 447 4226 Πνεῦμα
453 4146 619 4231 πρόθυμον,ἡ
629 4145 728 4228 δὲσάρξ
736 4149 871 4221 ἀσθενήσει
884 4151 950 4210 Καθ’
958 4151 989 4222 ἣν

209 4234 346 4317 ἐνεργήσας
358 4259 387 4294 τε
398 4235 442 4294 καὶ
455 4233 542 4294 παθὼν
556 4235 621 4316 ἅπερ
636 4227 667 4306 ἦν
685 4237 866 4316 ἀναμαρτήτοα
881 4238 987 4317 σαρκὸς,

208 4318 256 4393 τήν
268 4319 332 4403 ὑπὲρ
345 4325 420 4400 ἡμῶν
435 4321 597 4383 ἐπιστώσατο
610 4322 716 4382 κάνωσιν
729 4322 860 4398 θεότητος,
875 4322 988 4401 θαύμασι

208 4410 253 4469 καί
265 4411 359 4492 σαρκὸς
380 4412 517 4488 παθήμασι
536 4415 649 4492 φυσικῶς
669 4409 861 4490 βείῖαιουμάνην.
877 4411 926 4470 Διὸ
939 4411 988 4493 γὰρ

207 4503 285 4558 τοῦτο
300 4499 403 4578 γίγονεν
427 4499 557 4580 ἄνθρωπος
574 4504 589 4559 θ
608 4502 660 4558 τῶν
679 4497 747 4558 όλων
761 4497 840 4575 Θεὸς,
855 4498 897 4559 ίνα
911 4502 988 4582 σαρκί

201 4589 309 4664 ’παθητῇ
332 4585 454 4665 πάσχων,
476 4585 546 4644 ἅπαν
563 4589 640 4663 ἡμῶν
662 4586 692 4645 τὸ
714 4590 753 4668 τῷ
769 4588 868 4666 θανάτῳ
893 4587 986 4670 πραθὲν

207 4670 371 4751 λυτρώσηται
384 4671 470 4749 γε’νος·
488 4674 582 4731 ἀπαθεῖ
594 4669 620 4730 δὲ
636 4671 737 4744 θεότητι
756 4672 796 4732 διὸ
810 4675 904 4755 σαραὺς
922 4682 986 4735 θαυ·

208 4761 369 4837 ματουργῶν,
396 4757 459 4835 πρὸς
479 4755 526 4826 τήν
544 4758 671 4838 ἀκήρατον
690 4762 770 4819 αὐτοῦ
794 4761 837 4820 καὶ
858 4763 984 4842 μακαρίαν

207 4843 357 4922 ἐπαναγάγη
371 4844 449 4916 ζωήν·
465 4844 509 4903 καί
521 4843 555 4904 τὸ
572 4848 628 4905 κατ’
645 4846 765 4928 οὐρανοὺς
787 4847 848 4926 όγια
863 4849 985 4926 τάγματα

205 4931 257 4988 τῶν
270 4935 363 5010 νοερῶν
376 4934 469 4992 οὐσιῶν
484 4931 608 5010 στομώση
622 4934 684 5015 πρὸς
697 4936 817 5016 ἀτρεψίαν
830 4941 868 5019 τῷ
881 4962 984 5014 μυστ-η·

207 5015 253 5097 ρίῳ
276 5021 323 5087 ἰἥς
349 5022 429 5079 αὑτοῦ
451 5019 643 5097 σωματώσεως,
664 5015 695 5094 ἧς
719 5022 791 5104 ἔργον
812 5029 898 5094 ἡτῶν
915 5023 983 5084 όλων

206 5102 275 5162 ἐστίν
297 5106 331 5169 εἰς
352 5104 427 5164 αὐτὸν
447 5109 677 5189 ἀνακεφαλαίωσις.
703 5109 854 5188 Μεμένηεεν
875 5103 918 5170 οὑν
937 5114 983 5173 καί

205 5191 344 5271 σαρκωθεὶς
370 5190 438 5252 αατὸ
458 5192 505 5265 τήν
532 5199 607 5275 φύσιν
632 5196 699 5263 Θεὸς
727 5197 910 5277 ὑπιροίπειρος,
935 5199 983 5272 τὴν

204 5280 285 5361 ἀαυτᾷ
307 5284 416 5358 συγγενῆ
436 5282 480 5340 καί
501 5281 664 5354 κατάλληλον
689 5281 758 5361 ἔχων
780 5277 919 5364 ἐνάργειανξ
935 5293 982 5359 τῆς

204 5363 252 5447 μὸν
271 5365 390 5441 θεότητος
408 5369 537 5434 dotum
553 5366 721 5450 ίαφυομίνην,
744 5368 785 5429 διὸ
801 5369 889 5446 δὸτῆς
902 5377 981 5436 αὑτοῦ

235 5478 288 5529 alu
300 5491 347 5530 nis.
359 5479 498 5544 nicephori
511 5479 606 5531 ἕνωσιν.

1062 1778 1130 1828 sunt
1145 1777 1264 1842 naturae,
1282 1772 1509 1842 comparationes
1527 1770 1665 1826 existunt.
1682 1771 1740 1824 Deo
1755 1769 1835 1824 enim
1852 1768 1931 1826 la—

1063 1861 1135 1917 ctori
1149 1861 1277 1917 omnium
1289 1860 1438 1929 tactorum,
1454 1859 1624 1928 infinitoque
1638 1858 1795 1928 finitivum,
1809 1865 1839 1914 et
1850 1860 1931 1914 in—

1063 1949 1168 2004 llnitati
1181 1950 1247 2005 llnis
1257 1950 1412 2005 secundum
1424 1949 1533 2005 nullam
1542 1952 1725 2016 comparatur
1734 1948 1930 2023 rationem,

1063 2051 1127 2093 cum
1147 2052 1257 2108 semper
1275 2045 1302 2094 et
1322 2051 1371 2107 per
1389 2037 1484 2092 omnia
1505 2034 1676 2092 naturaliter
1695 2035 1732 2090 ab
1753 2037 1916 2107 invicem,

1063 2126 1110 2181 sed
1133 2140 1189 2182 non
1211 2126 1411 2196 comparative,
1434 2124 1576 2180 dilierant.
1600 2123 1771 2194 Quanquam
1795 2124 1913 2180 inelia-

1062 2214 1133 2270 bilis
1148 2215 1275 2285 quaedam
1290 2218 1318 2270 et
1334 2213 1567 2282 indirumpibilis
1582 2212 1612 2267 in
1629 2225 1714 2268 uuam
1730 2211 1897 2269 subsisten—

1063 2303 1132 2358 tiam
1158 2303 1310 2373 utriusque
1334 2301 1406 2358 iacta
1431 2302 1470 2357 sit
1494 2301 1600 2368 unitas,
1632 2313 1745 2355 omnem
1773 2302 1896 2371 penitus

1063 2392 1157 2447 omnis
1174 2390 1242 2447 iacti
1260 2390 1410 2446 scientiam
1432 2388 1556 2461 fugiens.
1577 2389 1722 2444 Divinitas
1742 2389 1834 2461 enim,
1857 2396 1886 2445 ut

1061 2485 1123 2537 erat
1137 2484 1202 2535 ante
1218 2479 1454 2548 incarnationem,
1470 2481 1553 2533 estet
1567 2482 1631 2547 post
1646 2476 1883 2544 incarnationem,

1062 2569 1218 2626 secundum
1231 2574 1361 2624 naturam
1374 2567 1497 2624 iullnita.
1510 2566 1827 2636 incomprehensibilis,
1839 2568 1884 2623 iu-

1062 2657 1221 2728 passlbilis,
1234 2655 1479 2727 incomparabilis,
1492 2654 1733 2725 inconvertibilis,
1743 2669 1796 2725 per
1806 2669 1884 2727 sepo

1062 2751 1134 2818 tens,
1149 2750 1185 2815 et,
1201 2749 1232 2801 ut
1243 2751 1332 2802 totum
1345 2745 1487 2814 dicamus,
1499 2743 1658 2800 subsistens
1671 2742 1883 2816 substantialis,

1061 2833 1122 2890 sola
1138 2832 1258 2890 indultae
1273 2832 1392 2889 virtutis
1407 2831 1523 2889 bouum.

1272 2957 1414 3026 Ejusdem,
1428 2973 1462 3010 eor
1475 2956 1565 3011 eodem
1579 2971 1699 3010 sannone
1713 2952 1740 3011 ἀ.

1096 3082 1198 3138 Factus
1213 3096 1280 3153 ergo
1298 3082 1437 3137 veraciter
1453 3080 1611 3137 secundum
1631 3080 1810 3150 Scripturas,
1830 3091 1884 3133 non

1061 3185 1225 3240 conversus,
1240 3169 1440 3226 universorum
1452 3172 1528 3225 Deus
1544 3168 1627 3224 bomo
1638 3169 1702 3223 siue
1715 3173 1841 3237 peccato,
1855 3171 1888 3221 ut

1062 3260 1141 3317 novit
1153 3259 1213 3328 ipse
1222 3257 1312 3327 solus,
1323 3271 1388 3314 cum
1400 3257 1439 3312 sit
1448 3256 1553 3313 artilex
1564 3256 1814 3312 naturaliseorum
1825 3268 1888 3325 qua

1061 3353 1129 3405 sunt
1141 3361 1227 3417 supra
1242 3359 1374 3414 sensum,
1392 3345 1421 3400 in
1438 3346 1499 3414 ipsa
1515 3344 1601 3401 simul
1619 3344 1740 3400 salutari
1757 3344 1889 3399 incarna-

1061 3437 1139 3491 tione
1154 3435 1272 3491 deitatis
1287 3448 1345 3490 suae
1359 3439 1496 3502 coaptans
1511 3433 1589 3487 carni
1606 3432 1813 3502 operationem,
1831 3444 1888 3486 nou

1060 3522 1310 3591 circumscriptam
1325 3534 1357 3576 ea
1372 3525 1489 3590 proptor
1503 3520 1725 3590 evacuationem,
1744 3532 1796 3574 nec
1811 3518 1890 3573 sicut

1060 3626 1093 3667 ex
1111 3611 1217 3667 deitate
1234 3625 1296 3678 sua,
1314 3610 1395 3665 itaet
1408 3622 1443 3664 ex
1460 3609 1521 3678 ipsa
1538 3608 1709 3664 naturaliter
1722 3611 1886 3679 cognatam,

1060 3700 1107 3756 sed
1126 3701 1154 3754 ln
1171 3698 1393 3768 quibuscunque
1409 3697 1576 3753 incarnatus
1585 3694 1686 3761 deidce
1698 3701 1834 3765 operatus
1844 3699 1889 3749 est

1060 3801 1109 3858 per
1124 3788 1217 3857 ipsam
1240 3784 1420 3841 declaratam.
1437 3786 1499 3840 Non
1513 3784 1589 3839 enim
1606 3796 1672 3838 earo
1691 3781 1766 3838 lacta
1780 3789 1824 3838 est
1838 3796 1888 3852 per

1060 3883 1191 3932 naturam
1206 3874 1300 3929 deitas
1320 3872 1459 3927 translata
1476 3869 1677 3931 naturaiacta
1695 3870 1831 3925 videlicet
1848 3883 1889 3924 se

1059 3964 1185 4021 cundum
1199 3967 1330 4017 naturam
1344 3960 1463 4017 deitatis
1472 3973 1549 4027 caro,
1563 3960 1611 4015 sed
1625 3958 1786 4029 quoderat,
1800 3958 1888 4013 etiam

1058 4053 1160 4110 deitati
1175 4053 1307 4121 coaptata
1322 4050 1439 4120 mansit,
1456 4049 1485 4105 id
1502 4054 1545 4104 est
1559 4061 1625 4103 caro
1641 4047 1765 4117 intirma,
1785 4053 1813 4103 et
1828 4062 1888 4117 pas-

1059 4139 1157 4197 sibilis
1178 4142 1281 4195 natura
1298 4141 1327 4193 et
1342 4136 1516 4208 operatione,
1533 4135 1773 4207 quemadmodum
1796 4136 1889 4191 Salva-

1057 4234 1104 4284 tor
1122 4228 1183 4283 ait:
1204 4226 1325 4297 Spiritus
1344 4225 1455 4295 quidem
1472 4229 1627 4295 promptus,
1648 4239 1712 4277 caro
1730 4228 1823 4279 υαίειιι
1848 4227 1888 4277 in-

1057 4320 1138 4387 firmo
1158 4315 1267 4387 (Mutila.
1288 4326 1370 4376 xxvi,
1393 4310 1447 4383 ll).
1469 4315 1500 4367 ln
1518 4324 1574 4382 qua
1588 4316 1723 4380 operatus
1739 4315 1769 4366 ct
1787 4325 1888 4381 passus

1058 4418 1122 4476 quae
1136 4407 1218 4459 eraut
1230 4400 1327 4458 caruis
1336 4400 1443 4471 absque
1457 4404 1581 4470 peccato,
1595 4398 1825 4455 exinanitionem
1837 4413 1888 4469 pro

1057 4493 1141 4549 nobis
1152 4491 1292 4547 indicavit
1305 4488 1318 4530 b
1329 4488 1504 4547 divinitatis.
1519 4488 1668 4543 miraculis
1677 4491 1706 4542 et
1715 4489 1816 4543 carnis
1828 4501 1890 4558 pas

1057 4579 1191 4638 sionibus
1211 4576 1383 4633 naturaliter
1403 4576 1574 4633 roboratam.
1595 4576 1712 4645 Propter
1734 4574 1789 4630 boc
1810 4577 1888 4630 euim

1059 4671 1152 4726 lactus
1164 4672 1207 4723 est
1218 4667 1302 4723 bomo
1316 4666 1516 4721 universorum
1528 4666 1613 4734 Deus,
1628 4671 1661 4719 ut
1670 4677 1756 4720 carne
1770 4664 1888 4735 quidem

1059 4757 1195 4830 passabill
1211 4756 1324 4827 patiens
1336 4759 1427 4810 totum
1441 4758 1570 4810 nostrum
1584 4752 1668 4808 morti
1683 4752 1835 4808 venditum
1849 4767 1889 4808 re

1057 4849 1179 4904 dimeret
1193 4860 1302 4918 penus:
1322 4842 1496 4914 impassibili
1510 4856 1576 4898 vero
1590 4842 1696 4897 deitate
1710 4855 1762 4911 per
1773 4854 1887 4897 carnem

1059 4935 1233 4992 mirabiliter
1245 4946 1376 5003 operans,
1392 4932 1427 4987 ad
1442 4930 1630 4987 immortalem
1645 4929 1718 4985 illud
1734 4933 1765 4985 et
1775 4929 1887 4985 beatam

1057 5025 1207 5081 reduceret
1227 5022 1313 5078 vitam
1336 5022 1371 5077 de
1395 5035 1451 5091 qua
1471 5020 1613 5075 ceciderat
1633 5016 1750 5074 diabolo
1773 5030 1885 5088 pareus.

1058 5113 1150 5184 dique
1173 5118 1287 5167 sanctos
1309 5108 1549 5165 intellectualium
1571 5106 1800 5163 substantiarum
1820 5105 1886 5162 curli

1057 5203 1174 5259 ordines
1185 5200 1219 5256 ad
1235 5197 1536 5254 inconvertibilitatem
1551 5195 1686 5266 mysterio
1699 5209 1760 5250 suae
1771 5194 1889 5250 stabili·

1058 5296 1101 5347 ret
1113 5286 1374 5358 incorporationis:
1388 5287 1474 5355 cujus
1488 5299 1561 5354 opus
1576 5284 1704 5339 omnium
1717 5290 1763 5338 est
1778 5284 1808 5338 in
1821 5296 1887 5339 eum

1057 5375 1268 5448 recapitulatio.
1288 5373 1393 5431 biausit
1409 5387 1477 5446 ergo
1494 5373 1580 5430 etiam
1597 5373 1767 5428 incarnatus
1788 5384 1889 5428 secun

1094 5482 1109 5524 b
1122 5481 1264 5554 Probavlt,
1278 5480 1429 5551 persuasit.
