3876 6090
115 233 150 293 73
400 307 402 311 ,
474 243 755 305 llllEhPltEltho
773 249 898 307 sxnonr
918 249 978 306 vlu
995 245 1248 304 cananaeus-
1264 245 1366 303 herro
1384 248 1416 301 v.
1730 245 1767 306 tt

112 361 180 434 quid
192 361 280 420 bodie
292 363 372 421 aliud
387 365 500 423 dicere:
516 369 541 424 si
552 368 688 443 jubeatis,
702 371 910 447 interrogemus
926 374 957 436 A
969 374 1038 448 quia
1049 372 1194 444 obligatus
1205 374 1249 427 est
1260 384 1275 426 a
1286 369 1437 427 benedicto
1450 383 1531 442 papa,
1544 376 1575 428 ut
1585 386 1641 429 non
1651 372 1769 432 haberet

110 452 243 508 melles
263 453 685 516 estinllomanaEcclesiaab
706 461 913 520 omnihomine
970 467 1136 535 potestatem
1158 460 1338 532 peutihclum
1361 472 1503 531 peragere,
1527 459 1617 516 donec
1645 463 1764 530 veniret,
1806 454 1812 463 ’

111 539 439 611 hospitelibellumlidei
453 546 596 620 exigendi,
608 549 686 607 etita
698 552 825 621 permitti
838 554 914 610 hunc
969 558 997 609 et
1024 550 1205 608 descenderet
1229 550 1332 606 iterum
1357 562 1422 604 cum
1447 547 1486 604 iis
1512 548 1561 619 qui
1584 563 1614 606 sc
1634 549 1767 607 abscide-

111 629 140 685 in
153 634 285 688 sanctum
296 632 412 689 Petrum
422 634 529 692 intrare
540 654 546 690 :
558 635 686 696 iecerunt
696 639 745 696 isti
757 642 913 700 mouendum
969 648 1062 699 rania
1074 640 1257 698 sanctissimo
1271 638 1433 709 patriarcha
1445 637 1565 710 ignatio,
1579 643 1607 694 et
1623 652 1766 696 sumeme-

111 717 327 791 banoiormam,
341 734 378 778 an
389 723 661 784 noniSanctissimi
674 728 777 786 ricarli
791 731 916 788 senioris
970 736 1034 787 rent
1052 729 1207 799 judicium,
1230 733 1258 784 ei
1276 727 1328 783 boc
1348 740 1405 784 nen
1417 726 1584 797 custodivit,
1606 741 1697 798 neque
1713 727 1768 783 de-

110 805 203 862 liomae
217 806 376 866 dixerunt:
400 813 442 869 lta
457 810 593 872 iecerunt.
608 815 759 874 Zacharias
780 823 808 874 et
829 820 917 877 Theo-
970 819 1082 876 scendit
1097 818 1177 874 illuc.
1202 815 1383 874 sanctissimi
1399 815 1501 871 vicarii
1525 814 1650 871 senioris
1673 816 1768 872 homa

109 894 208 965 philus
221 895 335 954 dudum
355 900 484 971 episcopi
498 902 652 961 dixerunt:
670 905 773 978 Unum,
793 908 859 964 and
882 923 916 966 es
969 907 1123 964 dixerunt:
1140 907 1250 962 Partem
1274 904 1358 961 habet
1370 918 1435 960 eum
1451 903 1490 960 iis
1502 904 1552 976 qui
1571 918 1627 961 non
1646 917 1768 960 concor-

109 981 454 1047 lecimusisanctissimi
469 991 570 1049 vicarii
585 994 709 1051 senioris
723 995 818 1052 homae
830 996 917 1054 dixe-
969 997 1127 1053 danicum
1159 994 1296 1065 Ecclesia,
1320 997 1348 1050 et
1375 993 1582 1063 comparticeps
1606 1006 1703 1050 eornm
1725 997 1769 1048 est

110 1079 194 1131 runt:
221 1076 303 1132 Duos
327 1076 443 1135 libellos
463 1078 574 1138 lecistis
585 1097 606 1135 ·.
620 1083 771 1142 zacharias
782 1089 811 1142 et
821 1086 917 1144 Theo-
971 1084 1021 1156 qui
1037 1083 1166 1141 iecerunt
1189 1086 1288 1139 contra
1303 1081 1459 1138 Ecclesiam
1481 1081 1765 1152 Consentinopoleos,

110 1162 336 1233 pbiiusdudum
352 1167 480 1240 episcopi
492 1170 646 1229 dixerunt:
668 1173 742 1246 Ergo
758 1188 813 1231 non
835 1179 917 1232 erant
970 1176 999 1230 et
1030 1178 1129 1230 centra
1150 1171 1365 1229 sanctissimum
1397 1170 1589 1242 patriarcham
1612 1173 1644 1244 lg
1664 1171 1765 1230 atium.

111 1346 597 1421 terrogaverunisanotesvicarlos,
615 1350 684 1421 quid
697 1351 917 1410 circumleiebat
972 1351 1057 1408 bodie
1087 1351 1140 1407 hoc
1169 1350 1341 1422 requirere,
1373 1348 1403 1405 in
1433 1348 1491 1405 alia
1523 1362 1589 1405 vero
1619 1350 1769 1406 examina-

111 1428 452 1491 libellusiSanctissimi
474 1436 577 1494 vicarii
593 1439 687 1496 Romae
701 1439 856 1497 dixerunt:
882 1441 918 1498 Ut
971 1440 1050 1498 tione
1074 1439 1103 1495 id
1126 1438 1272 1495 iaciemus.
1296 1437 1404 1494 Deinde
1429 1443 1509 1494 stans
1532 1437 1564 1492 in
1589 1438 1681 1494 medio
1702 1438 1769 1494 Ste-

112 1518 272 1578 secundum
284 1522 457 1581 catholicam
479 1525 634 1583 Ecclesiam
648 1531 762 1585 teneam
774 1533 803 1585 et
814 1527 918 1586 deien-
971 1529 1085 1601 phanus
1106 1529 1164 1585 Deo
1186 1527 1321 1584 amabilis
1342 1524 1482 1583 diaconus
1499 1531 1528 1582 et
1547 1527 1678 1584 notarius
1701 1526 1770 1583 lau-

111 1607 395 1681 dantveritaiem,et
416 1627 465 1684 per
485 1615 582 1673 omnia
602 1618 915 1688 sequanturjudicium
970 1618 1034 1674 dem
1058 1617 1134 1674 dixit
1170 1616 1233 1672 ita:
1255 1616 1362 1673 hiultos
1382 1629 1473 1672 annos
1500 1615 1704 1685 imperatorum
1722 1616 1770 1673 Ea,

113 1703 217 1753 sanotae
228 1698 365 1757 Romane
376 1701 520 1760 Ecclesia.
531 1705 659 1762 bahanes
670 1707 917 1779 magnificentissi-
932 1700 958 1761 B
973 1706 1036 1764 silli
1046 1713 1074 1762 et
1094 1705 1276 1762 Constantini
1296 1705 1302 1759 l
1328 1706 1496 1776 hlagnorum
1518 1704 1722 1774 imperatorum
1741 1709 1770 1760 et

113 1798 174 1842 mus
183 1787 368 1857 patricinset
378 1793 651 1862 praepositusdixit:
664 1795 836 1853 inconfessi
848 1799 916 1853 sunt
971 1795 1145 1852 dictatorum
1170 1793 1276 1850 multos
1303 1792 1412 1849 annosi
1429 1792 1660 1849 orthodoxorum
1685 1792 1772 1863 impe·

112 1882 136 1930 et
147 1875 211 1932 beri
226 1876 259 1932 in
272 1880 447 1953 secretariis,
462 1888 494 1939 ut
505 1884 660 1953 peremnia
674 1886 855 1942 consentiant
865 1887 917 1943 lie
971 1890 1100 1941 raterum
1114 1882 1219 1939 multos
1231 1881 1339 1939 annosi
1363 1881 1550 1938 Pacidcorum
1575 1881 1770 1952 inperatorem

112 1977 263 2022 manorum
288 1968 431 2026 Ecclesia.
455 1971 636 2030 sanctissimi
666 1975 768 2031 vicarii
793 1974 918 2032 senioris
972 1975 1079 2031 multos
1104 1972 1212 2029 annos!
1246 1971 1445 2042 Depositorum
1480 1971 1632 2042 injustitiae
1665 1970 1771 2027 multos

113 2053 626 2134 homaedixeruntzlnterrogateergo
635 2063 866 2132 praevaricatores
877 2064 919 2135 ip·
972 2061 1081 2119 annosi
1099 2061 1229 2118 llestium
1252 2059 1392 2115 mendacii
1410 2059 1516 2115 multos
1529 2058 1638 2115 annosi
1660 2059 1774 2115 hmato-

113 2143 920 2224 sos,utrumlaciantllonanumlrbellum,noerellagei·
974 2165 1038 2209 rum
1062 2155 1091 2207 et
1114 2148 1259 2206 lautorum
1292 2147 1423 2203 ueritatis
1454 2151 1483 2202 et
1517 2147 1641 2217 justitiae
1665 2147 1772 2203 multos

114 2230 298 2289 icentissimi
315 2235 557 2308 etgloriosissimi
574 2239 719 2312 principes
736 2241 916 2298 dixeruntad
973 2239 1090 2296 annosi
1134 2238 1270 2295 Eudoxias
1313 2235 1451 2307 piissima
1493 2235 1628 2308 Augustae
1665 2235 1772 2292 multos

113 2320 920 2400 zachariametTheophilnmdudumepiscepos:Facitis
974 2328 1093 2385 annosi
1123 2327 1234 2383 Nicolai
1260 2325 1421 2382 beatissimi
1447 2338 1525 2395 papae
1549 2325 1644 2381 llomae
1667 2330 1772 2381 aeterna

115 2408 258 2481 libellum,
269 2426 308 2468 an
319 2414 401 2470 noni
418 2416 570 2474 acharias
584 2423 612 2475 et
621 2419 799 2490 Theophilus
809 2420 920 2477 dudum
975 2417 1112 2475 memoria
1130 2416 1136 2470 i
1160 2414 1280 2471 Adriani
1303 2413 1456 2470 orthodoxi
1473 2426 1550 2483 papae
1565 2412 1685 2469 Romani
1702 2413 1774 2469 mul·

114 2499 241 2570 episcopi
254 2500 403 2559 dixerunt.
417 2506 473 2560 Nec
484 2505 586 2563 audire
599 2507 683 2564 illum
694 2508 836 2566 volumus.
854 2509 922 2566 San-
976 2510 1020 2564 tos
1043 2504 1152 2563 annosi
1184 2503 1287 2577 ignatii
1321 2502 1474 2560 orthodoxi
1509 2501 1680 2572 patriarcba
1702 2501 1773 2558 Con-

115 2587 239 2644 etissimi
252 2590 357 2647 vicarii
372 2593 497 2651 senioris
511 2595 606 2652 homa
619 2597 773 2655 dixerunt:
790 2598 921 2656 Emittite
975 2594 1202 2665 stantinopoleos
1226 2592 1332 2649 multos
1355 2589 1465 2648 annosi
1481 2590 1712 2647 Orthodoxorum
1728 2603 1775 2661 pa·

116 2675 181 2733 illos
192 2675 282 2735 toras.
296 2681 331 2736 Et
342 2687 491 2754 postquam
504 2684 646 2758 exierunt,
656 2686 783 2744 Babanes
794 2688 922 2761 magnili-
976 2684 1168 2741 triarcbarum
1191 2681 1319 2738 Orientis
1342 2680 1448 2737 multos
1471 2693 1561 2736 annos
1583 2679 1590 2734 i
1615 2678 1773 2736 orthodoxi

117 2765 304 2824 cantissimos
316 2770 457 2840 patricius
469 2776 497 2829 et
513 2774 769 2844 praepositnsdixit
780 2793 787 2830 :
800 2776 920 2834 Causam
976 2778 1093 2831 senatus
1115 2772 1220 2829 multos
1239 2768 1348 2826 annosi
1370 2769 1479 2826 Sanctae
1500 2783 1533 2824 ac
1548 2768 1721 2826 universalis
1733 2783 1777 2839 sp·

117 2853 258 2911 laebariae
269 2870 326 2913 non
338 2858 537 2929 quesivimus:
551 2861 613 2919 beri
624 2863 857 2921 enimcerrlessns
866 2870 919 2936 est,
977 2862 1045 2920 nodi
1058 2868 1162 2918 aeterna
1176 2857 1333 2916 memorial

148 2962 206 3018 ⁸Et
221 2976 322 3046 revera
331 2964 405 3022 dues
418 2965 533 3024 libellos
550 2966 689 3041 iecerunt,
703 2984 794 3028 unum
808 2971 923 3029 seilicet
978 2969 1055 3039 idei,
1077 2973 1231 3050 antequam
1251 2964 1355 3049 Urbem
1369 2965 1596 3038 ingrederentur,
1612 2969 1641 3022 et
1652 2964 1775 3021 alterum

120 3045 167 3100 pro
182 3034 342 3105 sequendus
353 3036 476 3095 decretis
492 3040 657 3109 apostolice
668 3041 755 3115 sedis,
769 3047 921 3115 ammonam
978 3041 1009 3098 in
1021 3052 1249 3098 communionem
1264 3042 1468 3107 recuperentur.

764 3257 891 3328 tello
935 3255 1114 3344 leiluu.

152 3501 184 3558 in
206 3502 324 3559 nomine
337 3503 453 3560 Domini
466 3508 494 3560 et
507 3505 699 3563 dominatoris
713 3505 841 3563 emnium
855 3507 921 3564 lesu
938 3507 963 3570 G
979 3504 1066 3563 triclo
1086 3509 1114 3562 et
1136 3502 1299 3577 preposito,
1324 3506 1415 3562 Leone
1430 3498 1714 3578 magnificentissimo
1733 3513 1779 3573 pa·

119 3588 227 3646 Christi
248 3590 309 3647 veri
330 3591 381 3648 bei
407 3593 497 3649 nostri
513 3598 541 3649 et
561 3594 726 3651 salvatoris.
750 3595 922 3652 Consulatus
978 3594 1065 3650 tricio
1082 3594 1264 3666 proconsule,
1280 3606 1313 3650 ae
1328 3595 1419 3650 Lenem
1434 3590 1718 3666 magnificentissimo
1734 3602 1780 3660 pa-

119 3691 135 3734 a
160 3681 219 3736 Deo
253 3680 457 3738 redimitorum
486 3686 515 3738 et
532 3682 848 3753 tranquillissimorum
874 3683 923 3740 do·
979 3682 1065 3739 iricio
1085 3686 1114 3738 et
1127 3681 1284 3738 domestice
1303 3682 1515 3755 excubitorum,
1529 3682 1636 3738 loanne
1651 3677 1779 3750 magnill-

120 3767 265 3825 minorum
287 3773 461 3841 nostrorum,
484 3759 587 3840 li'asilii
599 3771 715 3843 quidem
730 3786 805 3830 anne
823 3772 922 3845 tertie,
978 3771 1145 3828 centissimo
1163 3770 1285 3841 patricio
1297 3774 1326 3825 ei
1345 3769 1487 3842 logotheta
1507 3771 1593 3827 oleos
1611 3766 1717 3837 dromi,
1733 3768 1781 3822 Pe·

119 3855 302 3915 Constantini
350 3872 417 3916 xero
456 3860 511 3917 ilii
560 3850 640 3931 ejus
670 3858 745 3918 auio
786 3861 920 3934 secundo,
978 3864 1089 3917 tronate
1111 3858 1397 3930 magnificentissime
1412 3859 1544 3932 patricio,
1571 3858 1699 3916 manuele
1724 3875 1781 3918 ma·

121 3951 323 4017 perpetuorum
345 3948 553 4022 Augustorum,
578 3949 737 4007 indictione
758 3950 854 4022 tertia,
868 3963 921 4006 xxu
979 3947 1588 4021 gnidcentissimopatricie,alterollanuele
1602 3951 1784 4024 magnificen-

120 4034 261 4093 llalendas
294 4037 485 4095 Novembris:
531 4038 688 4110 prepositis
723 4039 858 4110 pretiosis
890 4053 923 4096 ac
977 4036 1092 4095 tissime
1108 4036 1241 4106 patricie,
1266 4035 1366 4092 Oreste
1389 4037 1672 4110 magnificentissimo
1688 4047 1783 4112 proto·

121 4124 245 4181 viviticis
269 4124 368 4198 lignis,
391 4132 421 4182 et
445 4127 623 4185 intemeratis
652 4141 686 4185 ac
706 4128 815 4185 sanetis
836 4129 924 4185 Evan-
978 4125 1126 4197 spathario
1136 4130 1164 4181 et
1174 4125 1331 4182 domestice
1350 4125 1541 4183 icanatorum:
1558 4127 1676 4199 insuper
1692 4131 1779 4188 etiam
1894 4147 1896 4150 ’

122 4213 231 4286 gellis:
256 4215 443 4272 convemente
472 4220 568 4273 autem
591 4221 689 4273 saneta
710 4220 739 4273 et
767 4217 922 4275 universali
978 4214 1197 4272 considentibus
1227 4218 1256 4270 et
1280 4216 1337 4271 Deo
1356 4214 1545 4273 amicissimis
1569 4220 1778 4291 metropolitis,

122 4303 358 4372 syneembooato
372 4305 429 4362 Deo
443 4304 621 4362 amicissime
636 4304 770 4376 episcopo
784 4305 922 4379 Ostiensi,
977 4303 1136 4360 uidelicet·
1160 4302 1266 4359 Easillo
1285 4303 1342 4359 Deo
1365 4302 1451 4359 amici
1469 4303 1542 4361 simo
1562 4305 1779 4379 archiepiscope

122 4396 149 4446 et
168 4391 315 4462 Stephano
338 4394 396 4450 Dee
416 4392 602 4452 amicissimo
616 4395 751 4466 episeopo
769 4395 921 4468 Nepesino,
977 4393 1092 4465 Ephesi,
1113 4392 1240 4449 Bernaba
1263 4393 1320 4450 Dee
1337 4392 1514 4450 amicissime
1530 4395 1713 4465 metropolita
1729 4397 1780 4469 Cy·
1810 4388 1815 4397 ’

122 4484 150 4535 et
176 4480 291 4537 hiarium
320 4483 570 4540 venerabilissime
592 4483 714 4542 dlacono
744 4489 849 4541 sanctae
871 4485 923 4541 lio
977 4482 1214 4554 zici,Nioepbero
1234 4483 1291 4539 Deo
1306 4481 1484 4540 amicissimo
1503 4483 1684 4554 metropolita
1698 4485 1780 4542 Ama·

125 4583 211 4626 manae
231 4571 376 4646 Ecclesia,
400 4572 495 4630 locum
520 4573 713 4630 retinentibus
725 4573 844 4630 Adriani
860 4587 923 4630 san-
976 4571 1389 4644 siae,NicetaDeeamicissimo
1403 4571 1775 4647 metropolitahtbenarum,

123 4658 246 4716 ctissimi
271 4674 352 4732 papae
385 4662 517 4735 Romani,
539 4667 567 4719 et
599 4662 710 4735 ignatio
734 4662 918 4719 sanctissimo
975 4661 1122 4718 Theodoro
1138 4660 1196 4717 Deo
1210 4659 1391 4717 amicissimo
1413 4659 1708 4733 metropolitacariae,
1724 4663 1778 4719 lle

124 4749 286 4816 patriarcba
318 4750 615 4824 Constantinopoleos,
650 4757 679 4808 et
719 4751 826 4809 Thema
854 4760 922 4808 'san
976 4749 1115 4820 teophane
1129 4750 1186 4805 lieo
1196 4748 1374 4805 amicissime
1385 4749 1566 4819 metropolita
1575 4750 1711 4821 Smyrna,
1726 4753 1778 4808 lli-
1838 4776 1847 4784 ·

124 4836 254 4896 ctissime
269 4840 451 4911 metropolita
471 4841 548 4913 Tyri,
571 4841 664 4899 locum
689 4840 829 4897 retinente
843 4840 921 4898 sedis
936 4832 1073 4896 chaele
1086 4840 1143 4894 Deo
1162 4837 1339 4895 amicissimo
1355 4838 1536 4909 metropolita
1555 4838 1659 4911 Rhodi,
1672 4841 1776 4898 Photio

124 4924 293 5000 Antiochia,
307 4934 336 4985 et
349 4929 430 4986 llella
449 4931 507 4986 Deo
529 4928 733 4987 colendissimo
758 4929 921 5001 presbytero
973 4925 1776 5001 lieoamicissimoarebiepisooponocella,sntymiobeo

122 5021 149 5071 et
176 5017 317 5089 syncello,
351 5018 445 5075 locum
485 5019 626 5075 retinente
657 5018 734 5078 sedis
763 5018 922 5090 Hierosoly·
973 5016 1150 5074 amicissime
1171 5015 1389 5086 archiepiscopo
1410 5015 1531 5089 camna,
1548 5017 1690 5089 stephano
1716 5021 1774 5076 Deo

122 5117 231 5163 morum
249 5122 256 5159 ε
277 5111 417 5177 praesente
436 5121 549 5179 quoque
561 5120 643 5163 sacre
657 5112 768 5179 senatu,
793 5106 919 5163 dicimus
972 5104 1149 5162 amicissimo
1162 5103 1378 5174 archiepiscopo
1393 5104 1600 5179 cypsallorum,
1615 5107 1773 5165 Athanasio

120 5198 223 5267 antem,
252 5194 401 5253 Theodoro
434 5195 718 5269 magnificentissime
744 5195 866 5265 patricio
890 5198 918 5252 et
970 5194 1214 5252 Deoamicissimo
1228 5193 1363 5265 episcopo
1378 5195 1538 5268 Magnesiae,
1554 5197 1701 5253 Theodoro
1715 5196 1773 5252 Dee

120 5285 283 5356 preposito,
296 5285 433 5357 magistro
443 5285 556 5342 Babarm
566 5284 851 5358 magnificentissime
871 5297 918 5354 pa·
971 5282 1419 5357 amicissimeepiscepesinopae,
1432 5285 1583 5342 Eustatbie
1593 5286 1649 5343 Deo
1660 5285 1773 5342 amicis·

149 5392 328 5463 miotaquod
339 5391 662 5465 persingulasaetiones
672 5391 810 5462 paulatim
821 5391 919 5447 multi·
972 5390 1328 5461 solumrecipiebanturin
1344 5390 1771 5464 synodaliconventu,cumsin·

119 5460 240 5529 plicetur
256 5476 395 5519 numerus
417 5464 629 5533 episcoporum,
654 5462 789 5533 queniam
805 5477 869 5519 curn
886 5463 916 5518 ln
972 5462 1062 5535 gulia
1078 5462 1141 5518 suis
1160 5462 1297 5518 Ecclesiis
1311 5464 1456 5519 venientes
1470 5464 1625 5519 homanum
1638 5460 1769 5518 libellum

119 5532 433 5609 principlosyuodinon
443 5533 918 5607 omnesslminurbereperti,tune
973 5545 1088 5591 manum
1099 5533 1214 5606 propria
1227 5534 1379 5605 scripsisse
1392 5540 1555 5607 patesceret.

315 5623 435 5683 Parnon.
455 5623 583 5684 cxxix.
1614 5618 1642 5678 3.
