3876 6090
184 331 238 391 ila
711 326 951 383 ERCHEMBERTI
976 323 1190 379 cassinensis
1211 323 1366 379 MONhClll
1564 324 1578 341 ‘
1836 319 1888 377 780

186 457 256 516 victi
270 458 346 526 sunt,
364 455 467 525 partim
482 453 569 524 capti,
587 452 748 523 partimque
763 449 869 523 gladiis
885 448 1005 504 extincti
1022 449 1047 509 A
1065 449 1114 517 qui
1133 461 1182 517 per
1203 429 1347 503 trecentos'
1357 451 1385 502 et
1402 461 1434 502 eo
1448 446 1576 516 amplius
1594 460 1685 501 annos
1700 446 1713 490 ¹
1728 446 1889 515 imperave-

186 550 264 604 sunt.
288 544 345 598 llac
363 543 398 599 de
414 554 500 598 causa
521 539 671 597 audaciam
691 552 806 595 sumens
822 536 1007 607 Athanasius,
1065 541 1129 591 rant
1143 535 1264 607 legibus,
1281 549 1400 604 praesse
1413 541 1561 605 caeperunt
1574 535 1620 589 his
1631 535 1681 605 qui
1699 533 1887 589 cumSarace·

186 633 293 692 bellam
309 631 395 702 coepit
407 634 558 700 expetere,
574 629 650 685 unde
666 626 827 698 Amnolius,
844 639 899 682 non
913 624 1010 696 segnis
1065 624 1112 679 nis
1126 624 1253 679 vicerant
1269 638 1317 693 per
1336 623 1453 694 aliquod
1474 624 1557 680 soles.
1581 624 1659 679 Tunc
1679 622 1768 692 coepit
1788 622 1890 678 cohors

187 720 329 792 redditus,
344 718 482 775 continuo
496 730 562 773 cum
576 717 638 773 suis
652 713 774 771 Atellam
786 704 870 783 abiit,
884 714 1011 783 dumque
1065 712 1184 768 Bardica
1198 710 1212 752 ¹>
1228 712 1410 782 triumphans
1431 725 1549 785 regnare
1561 726 1648 782 super
1661 726 1720 782 eos,
1735 724 1809 783 quos
1824 724 1892 768 sem·

188 809 320 882 praelinm
334 820 390 864 non
407 805 572 875 invenisset,
589 817 719 861 reversus
734 802 825 859 estad
840 815 901 860 sna.
1066 815 1116 872 per
1136 801 1225 856 armis
1242 799 1421 872 subegerant.

223 895 270 954 73.
282 897 353 952 Cum
370 907 427 950 non
444 893 534 950 multo
549 897 623 965 post,
645 892 800 965 instigante
820 891 940 947 inimico
953 890 1012 944 hu·
1101 886 1146 946 75.
1161 891 1268 944 interea
1287 889 1388 945 videns
1403 889 1579 947 athanasius
1597 904 1626 946 se
1641 891 1670 946 in
1690 888 1828 945 omnibus
1840 904 1891 946 sn-

127 1042 129 1048 ,
189 999 273 1044 mano
286 983 393 1057 generi,
407 981 526 1038 collecto
538 981 713 1037 Athanasius
729 980 916 1036 multitudine
928 991 1012 1034 exer·
1067 982 1206 1050 peratum,
1230 978 1337 1048 pudore
1361 978 1477 1048 objectae
1494 979 1517 1023 ¹¹
1540 981 1618 1050 pacis
1637 979 1761 1051 expetiit
1783 979 1891 1049 laedas,

189 1076 250 1134 citu
266 1073 355 1130 mixto
369 1072 541 1141 Graecorum,
558 1068 803 1140 Neapolitensium
819 1065 1015 1124 etllismaeli·
1068 1067 1142 1137 quod
1161 1066 1281 1136 adeptus
1295 1071 1348 1135 est,
1371 1067 1548 1139 praebitoque
1564 1069 1586 1112 ¹¹
1599 1070 1804 1141 iureiurando,
1819 1070 1890 1139 pacti

188 1170 294 1234 tarum,
316 1158 509 1232 equitantium
531 1163 559 1214 et
579 1156 764 1228 pedestrium,
787 1157 924 1228 misitque
946 1156 1014 1211 illos
1068 1157 1180 1212 suntad
1193 1157 1462 1213 invicemPrimum
1479 1163 1572 1214 tamen
1583 1164 1796 1215 sacramentum
1807 1159 1893 1215 siste-

190 1248 460 1317 adversusCapnam
476 1249 664 1318 pugnaturos.
678 1244 790 1314 Quibus
802 1243 931 1301 occurrit
944 1242 1015 1298 Ate-
1068 1245 1117 1300 bat
1127 1244 1277 1301 roboreum
1288 1245 1330 1301 vel
1343 1243 1368 1288 ¹2
1379 1258 1500 1301 mensem
1515 1253 1565 1302 aut
1578 1252 1691 1317 tempus
1703 1247 1891 1318 annotinum3

191 1337 288 1395 nolius
300 1334 375 1393 ultra
386 1334 512 1390 rivulum
526 1335 607 1389 lanii
615 1334 698 1404 iuxta
709 1338 838 1389 sanctum
850 1331 980 1388 carcium
991 1343 1013 1402 ¹,
1070 1334 1146 1390 istud
1159 1339 1251 1389 nutem
1264 1349 1313 1390 nec
1323 1336 1357 1390 ad
1368 1335 1443 1391 diem
1455 1336 1570 1392 duravit
1581 1336 1796 1392 duodecimum.
1815 1337 1894 1425 ιιιιιὶ-ἱ

192 1427 300 1485 habens
310 1425 340 1481 in
351 1424 490 1481 comitatu
501 1436 554 1479 suo
566 1422 756 1496 auxiliatores
765 1421 800 1477 ab
810 1419 899 1491 ajone
911 1420 1014 1476 missos
1070 1437 1124 1493 que
1136 1423 1319 1494 Hismaelitae,
1335 1425 1387 1481 hac
1400 1426 1524 1496 illacque
1536 1425 1745 1496 discurrentes,
1764 1426 1896 1482 invitan-

193 1528 302 1573 necnon
313 1520 342 1570 et
355 1513 520 1569 Saracenos.
534 1510 667 1567 Saraceni
679 1524 744 1566 vero
756 1523 791 1566 ex
804 1515 925 1580 utmque
936 1512 1015 1579 parte
1069 1514 1118 1567 tur
1131 1510 1155 1554 ¹3
1169 1512 1204 1567 ab
1217 1513 1360 1583 omnibus,
1373 1514 1468 1569 omnia
1481 1514 1626 1582 devorant,
1641 1514 1779 1570 universa
1789 1528 1900 1572 consu-

189 1604 284 1676 lunctl
304 1603 455 1670 steterunt,
472 1599 545 1656 nulli
566 1613 662 1655 eornm
684 1598 841 1669 praebentes
859 1597 1012 1653 auxilium.
1071 1603 1162 1669 munt,
1177 1604 1205 1655 et
1222 1605 1320 1656 contra
1341 1601 1488 1671 Neapolim
1509 1601 1687 1656 unanimiter
1705 1610 1892 1674 consurgunt.

192 1689 343 1751 htenolius
357 1688 428 1745 talia
442 1701 571 1758 cernens,
587 1687 685 1744 acrius
698 1699 785 1756 super
799 1686 934 1742 inimicos
948 1698 1016 1741 suos
1069 1687 1160 1758 AEquo
1175 1688 1255 1743 valde
1270 1689 1399 1745 examine
1416 1689 1567 1761 ipsumque
1582 1704 1741 1760 supernum
1752 1691 1896 1760 jaculatus

194 1783 357 1855 insurgens,
366 1791 399 1835 ac
408 1776 618 1848 primoimpetu
629 1775 737 1846 potenti
747 1775 854 1831 virtute
865 1788 1015 1845 superans,
1032 1769 1114 1831 Best
1128 1775 1244 1846 solium,
1264 1776 1298 1832 ab
1315 1777 1361 1832 his
1377 1778 1578 1848 proculdubio
1599 1779 1814 1849 percelleretur,
1832 1794 1892 1836 eum

194 1869 329 1944 protrivit
342 1882 392 1925 eos
401 1865 534 1938 usquead
547 1865 677 1920 ultimam
687 1864 852 1935 perniciem,
869 1863 973 1920 occisis
983 1877 1017 1919 ex
1071 1863 1178 1933 quibus
1194 1864 1399 1921 Christicolum
1418 1881 1506 1938 genus
1521 1881 1590 1936 pene
1607 1881 1691 1923 omne
1702 1867 1890 1938 protriverat3

194 1961 238 2018 eis
247 1954 547 2029 plurimismultisqne
555 1953 658 2024 captis,
668 1953 797 2024 reliquos
805 1953 911 2024 oppido
921 1951 1018 2024 lugere
1071 1956 1156 2023 prout
1167 1953 1308 2010 lohannes
1320 1954 1393 2011 dicit
1407 1956 1436 2011 in
1447 1955 1638 2028 apocalipsis,
1652 1957 1741 2012 immo
1755 1960 1783 2012 et
1798 1956 1892 2012 Domi·

194 2042 1018 2118 compulit,victorquetriumphansadcastrahonustatus
1072 2054 1126 2097 nus
1150 2055 1199 2112 per
1223 2043 1388 2113 iohannem,
1414 2045 1449 2099 de
1475 2043 1610 2100 Babilone
1626 2063 1632 2098 ι
1650 2045 1890 2116 Quantumcunque

195 2128 1016 2202 aclaetuscumsuisovnnibusrepedavit3desuisautem
1071 2131 1237 2185 ministravit
1269 2133 1355 2195 uobis,
1390 2135 1544 2188 ministrate
1574 2134 1617 2187 illi
1634 2153 1642 2200 3
1659 2136 1689 2187 ιἰι
1715 2135 1818 2204 poeula
1846 2116 1909 2204 quo'

197 2229 300 2298 prater
314 2235 403 2279 unum
417 2219 546 2276 ammisit
558 2216 691 2275 dlderico
709 2219 835 2292 nomine,
851 2224 878 2276 et
891 2220 988 2291 ipsum
1001 2233 1017 2276 a
1071 2221 1189 2282 miscuit,
1203 2221 1307 2274 miscite
1318 2222 1362 2274 tlti
1373 2222 1488 2291 duplam
1498 2223 1594 2294 (ripae.
1612 2225 1707 2293 livill).
1726 2223 1791 2278 llaec
1805 2228 1888 2280 auten

196 2313 271 2380 suls,
284 2314 317 2368 ut
328 2308 429 2381 iertur,
445 2307 583 2365 occisum.
598 2306 640 2362 Ab
654 2306 707 2362 hoc
718 2308 844 2364 sanedie
858 2309 1016 2379 empitjam
1072 2306 1231 2379 audientes,
1250 2308 1338 2364 nolite
1353 2323 1402 2365 cor
1415 2323 1567 2381 apponere,
1583 2311 1659 2382 quod
1675 2312 1755 2367 Deus
1768 2310 1823 2367 boc
1838 2325 1890 2366 me-

184 2400 280 2477 ·quasi
301 2402 402 2469 potens
419 2409 481 2453 esse
499 2392 658 2467 atenolfus,
677 2398 706 2450 et
725 2394 900 2452 Athanasius
922 2396 1019 2467 impo-
1074 2395 1276 2467 ritisalicujus
1291 2398 1400 2468 praelati
1416 2397 1526 2470 lecerit,
1538 2404 1581 2455 set
1593 2414 1645 2456 sua
1659 2399 1862 2456 misericordia
1870 2405 1889 2454 et

197 2497 271 2548 tens.
287 2486 359 2543 llinc
371 2484 516 2542 inchoavit
529 2482 625 2540 omnia
639 2486 700 2539 sata
712 2497 810 2540 eorum
823 2484 874 2555 qui
887 2485 916 2540 in
929 2485 1020 2542 colos·
1075 2483 1202 2541 miseriis
1218 2485 1365 2543 hominum
1381 2489 1471 2560 egerit
1482 2495 1613 2559 nanctus,
1630 2493 1662 2544 ut
1676 2489 1739 2558 ipse
1755 2502 1805 2559 per
1820 2487 1889 2559 psal-

197 2592 262 2637 sum
278 2576 288 2621 ¹
305 2574 489 2632 morabantur
507 2572 644 2643 diripere,
660 2578 820 2644 cunctaque
834 2572 907 2630 bona
920 2588 1018 2631 eorum
1074 2573 1188 2629 mistam
1209 2574 1303 2630 dicit:
1320 2579 1419 2631 lauaea
1442 2593 1483 2631 me
1505 2581 1534 2632 iu
1553 2579 1597 2633 elta
1621 2579 1812 2633 tribulationis
1835 2583 1888 2639 aaa,

196 2664 339 2724 vehiculis
356 2661 479 2719 diversis
496 2660 531 2717 ad
549 2659 648 2717 urbem
665 2660 752 2717 trahi.
1073 2663 1187 2732 amittam
1205 2669 1229 2717 te
1243 2667 1268 2718 et
1284 2668 1472 2736 aaaqaaipeabis
1487 2683 1537 2721 me.
1559 2669 1629 2723 Nam
1648 2668 1793 2739 peccatori
1807 2667 1887 2723 dicit:

230 2751 276 2810 al.
293 2755 350 2809 lloe
364 2763 478 2823 quoque
492 2749 567 2821 quod
584 2763 669 2805 narro
679 2762 777 2807 omues
788 2750 908 2808 audiant
922 2765 1015 2822 aures,
1073 2751 1161 2816 Quare
1174 2755 1204 2804 iu
1218 2767 1331 2807 enarras
1345 2754 1472 2822 p'astlttas
1487 2771 1569 2826 meas,
1584 2760 1650 2826 eta,
1671 2770 1825 2827 quousque
1838 2755 1888 2810 ait:

195 2846 282 2915 prout
296 2839 435 2898 Dominus
449 2851 523 2908 saepe
539 2836 699 2908 parabolice
711 2838 882 2909 sequacibus
893 2840 955 2896 suis
967 2841 1017 2897 di-
1071 2839 1135 2892 Haec
1155 2840 1245 2906 fecisti
1261 2845 1286 2894 et
1301 2843 1385 2904 taciti,
1408 2844 1572 2898 anistimasti
1589 2845 1786 2914 imquitatem,-
1801 2847 1832 2897 in
1847 2856 1889 2912 qua

195 2931 294 2989 cebat:
310 2927 451 2995 Qaitabet
464 2941 544 2982 aures
556 2925 698 2990 audiendi,
712 2926 926 2997 audiatmattb.
939 2930 1016 3001 χιιι),
1071 2942 1133 2994 erqo
1152 2943 1196 2981 ero
1216 2928 1267 2983 titt
1282 2930 1498 3000 strailtst’ffsal.
1522 2934 1614 3005 χχιχ.)
1631 2934 1662 2988 ln
1679 2946 1738 2989 nna
1753 2937 1848 2989 tamen
1866 2946 1891 2987 re

197 3022 231 3075 nt
244 3015 339 3074 omnis
353 3017 482 3085 pavescat
493 3013 587 3085 homo,
604 3016 716 3083 stupeat
730 3014 801 3070 etad
815 3016 902 3072 Deum
919 3030 1018 3072 rever·
1073 3029 1193 3085 moveor,
1208 3017 1282 3086 quod
1299 3032 1364 3074 eum
1381 3019 1459 3076 dicat
1473 3021 1643 3092 Apostolus:
1658 3023 1756 3080 Nonae
1770 3023 1821 3092 qai
1829 3036 1889 3092 pre·

195 3105 324 3164 mturvel
333 3096 415 3161 sero'
430 3116 491 3173 ,ue,
505 3099 549 3158 si¹
563 3101 829 3160 obstinatusanimo
838 3105 1015 3176 remanserit,
1031 3128 1056 3194 0
1073 3104 1121 3158 dat
1135 3107 1231 3175 etipse
1245 3107 1515 3179 paeedaaartttdsu.
1535 3109 1653 3183 χχχιιι.)
1672 3111 1749 3181 Quid
1767 3125 1836 3183 ergo
1848 3123 1889 3166 era

194 3193 343 3265 contingat
353 3190 398 3246 illi
411 3187 483 3246 illud
493 3188 687 3259 quodDathan
697 3189 838 3247 etllbiron
850 3193 1017 3262 superbien-
1072 3192 1107 3248 de
1120 3192 1166 3248 his
1183 3193 1232 3264 qui
1249 3194 1375 3265 praedant
1390 3197 1534 3266 proximos
1546 3205 1574 3255 et
1588 3200 1745 3270 proximas,
1760 3201 1891 3257 tradunt-

196 3280 276 3339 tibns
290 3277 414 3342 advenit,
429 3289 538 3333 necnon
553 3282 580 3332 et
591 3275 689 3333 Cborae
701 3293 765 3334 cam
783 3277 945 3337 fautoribus
956 3282 1018 3338 suis
1072 3296 1127 3353 que
1138 3282 1298 3353 prostibulo
1308 3281 1355 3338 ¹¹?
1366 3285 1442 3341 itane
1453 3287 1889 3356 praedabunturdeindeislcun

194 3363 504 3425 evenissedinoscitur.
516 3362 768 3422 Guaiieriusenim
780 3367 929 3437 praeiectus
941 3369 1018 3426 bare·
1072 3370 1148 3425 enim
1160 3370 1323 3440 Neapolites
1337 3379 1495 3445 vastantur,
1512 3376 1561 3446 qui
1577 3381 1737 3448 vastarunt,
1753 3377 1794 3432 ita
1808 3382 1889 3432 etnas

194 3468 307 3525 narum,
321 3451 372 3524 qui
384 3465 454 3522 pene
467 3451 563 3507 omnia
579 3451 652 3507 mala
667 3466 730 3524 quae
740 3450 814 3509 iacta
826 3461 894 3511 sunt
909 3455 938 3512 in
951 3457 1017 3512 die-
1072 3456 1168 3514 iorsan
1188 3459 1399 3529 devorabimur,
1422 3463 1471 3533 qui
1499 3477 1575 3520 nunc
1593 3466 1763 3522 devorantes
1783 3479 1887 3522 snmus.

193 3541 248 3599 bus
259 3542 322 3612 ejus
334 3540 395 3609 ipse
405 3552 489 3609 opere
499 3552 551 3595 sno
561 3539 650 3612 gessit
660 3538 784 3610 iecitque
799 3545 920 3613 patrare,
933 3545 1017 3613 cujus
1071 3546 1147 3602 Beati
1159 3560 1226 3618 ergo
1237 3548 1298 3619 qui,
1312 3550 1432 3606 Domino
1443 3552 1631 3626 custodiente,
1644 3554 1789 3610 immunes
1799 3556 1835 3611 ab
1844 3555 1889 3610 hac

191 3628 341 3702 praestigio
350 3627 475 3682 Romana
485 3625 571 3682 tellus
579 3625 749 3696 depopulata
757 3633 809 3698 est,
822 3630 1016 3687 Beneventano
1071 3635 1168 3691 saeculi
1180 3636 1303 3705 procella
1313 3638 1452 3709 existunt,
1467 3640 1515 3696 ubi
1532 3656 1614 3698 omne
1625 3642 1732 3699 malum
1743 3648 1772 3700 et
1783 3644 1888 3700 nullum
1909 3635 1911 3638 ⁴

192 3717 272 3791 regio
286 3713 419 3772 funditus
433 3713 559 3770 desolata
573 3718 625 3783 est,
637 3713 672 3768 ab
688 3713 742 3770 boc
753 3720 782 3770 et
797 3716 918 3774 inicium
935 3726 963 3775 et
978 3721 1015 3777 h·
1070 3717 1132 3779 sine
1142 3724 1262 3779 Domino
1273 3725 1378 3783 honum
1390 3734 1498 3802 regnat,
1510 3730 1690 3787 etinaeterna
1704 3738 1890 3789 numerantur

192 3799 279 3862 nemi
293 3801 427 3874 accepit3
444 3801 552 3859 ideirco
571 3801 621 3858 Dei
639 3801 751 3871 judicio
767 3802 820 3858 hoe
835 3806 918 3862 modo
931 3807 1014 3867 illius
1069 3811 1136 3882 vita,
1147 3825 1202 3883 qua
1211 3813 1304 3870 omnis
1314 3813 1438 3874 felicitas
1446 3823 1473 3874 et
1481 3818 1628 3876 beatitudo
1638 3820 1805 3892 perempnis
1815 3822 1889 3878 lloret

191 3890 308 3949 meinai
322 3889 502 3946 facinorosus
522 3889 588 3947 linis
606 3890 739 3960 explevit.
759 3890 828 3947 Nam
849 3893 945 3951 subito
960 3912 1014 3954 sn-
1069 3899 1099 3955 ln
1119 3901 1220 3957 saecula
1244 3904 1422 3962 saeculorum.
1443 3907 1540 3964 Amen.

191 3992 278 4053 perna
299 3978 459 4050 inspirante
474 3979 576 4051 gratia,
590 3992 676 4051 aquo
692 3979 797 4038 bonum
813 3997 896 4040 omne
911 3999 1014 4056 proce-
1102 3984 1146 4044 76.
1159 3988 1212 4045 Aio
1227 3989 1379 4063 deniquea
1394 3996 1549 4053 Benevento
1565 4012 1614 4067 per
1625 3999 1782 4070 Sepontnm
1799 3999 1889 4057 Barim

188 4065 244 4137 dit,
261 4063 315 4123 int
341 4065 425 4122 illum
437 4064 554 4122 excitati
568 4065 624 4138 illi,
637 4078 653 4121 a
667 4067 773 4137 quihus
787 4069 847 4139 ipse
859 4071 1013 4140 putabatur
1068 4075 1221 4149 proiectus,
1245 4094 1331 4150 super
1353 4097 1437 4152 quam
1456 4085 1676 4144 Constantinum
1701 4093 1888 4161 angustorum

88 4207 90 4210 ,
176 4155 305 4225 salvari,
324 4158 432 4212 mutata
448 4158 541 4209 mente
556 4153 585 4209 ln
603 4166 667 4209 eum
682 4160 831 4226 surgentes
850 4161 1013 4229 apprehen·
1066 4163 1192 4221 aulicum
1206 4165 1267 4222 ¹⁵et
1278 4170 1427 4238 patritium
1440 4172 1610 4231 insidentem
1622 4178 1760 4249 repperit,
1773 4177 1890 4234 rebelles

188 4241 1013 4319 derunt,bonaqueipsiusdiripientesvincxerunt,rever·
1067 4252 1889 4338 imperatorumviriliterimpugnantem,adversusquem

188 4336 281 4389 tentes
293 4329 502 4388 nichilominus
516 4330 550 4386 ad
562 4329 666 4400 solum,
677 4332 713 4388 de
725 4346 782 4403 qno
795 4348 941 4406 nunquam
951 4339 1012 4395 dia·
1065 4339 1162 4397 dictus
1177 4343 1240 4412 hio,
1254 4343 1346 4402 lullus
1356 4349 1467 4405 auxilio
1482 4351 1716 4410 hismaelitarum
1728 4360 1756 4410 et
1767 4355 1889 4411 vallatus

186 4419 395 4478 bollceabselsi
411 4424 487 4490 suut,
506 4418 658 4490 ipsumque
668 4422 865 4489 proconsulem
876 4423 1010 4496 despica-
1024 4431 1053 4493 D
1066 4429 1178 4499 agmine
1186 4432 1580 4512 pedestriumapuliensiurn,
1590 4441 1888 4515 audacterinsnrgens

186 4507 273 4565 bilem
292 4509 427 4579 Capuam,
446 4505 578 4564 htenolio
598 4509 813 4567 consencientes
831 4510 867 4582 ⁷,
889 4515 1010 4572 remise-
1065 4517 1158 4586 primo
1170 4519 1278 4590 impetu
1290 4524 1382 4580 victor
1392 4527 1527 4596 existens,
1538 4529 1573 4584 de
1584 4528 1718 4586 hostibus
1731 4530 1831 4601 plures
1841 4531 1888 4587 in-

187 4593 1010 4679 ruat,panetribulaqonlsetaqaaangustiaesuggillata·
1064 4605 1183 4662 terlecit.
1209 4610 1317 4667 Dehine
1337 4611 1562 4673 16ΰοιιειχιιιιιιιο
1580 4617 1613 4688 ¹⁷,
1632 4619 1682 4689 qui
1706 4633 1773 4676 cum
1794 4619 1888 4676 tribus

187 4696 261 4738 rum.
282 4684 340 4739 lloc
359 4680 444 4755 iacto,
465 4683 593 4740 universi
618 4685 699 4755 quia
715 4687 830 4757 propria
851 4689 918 4745 sede
938 4690 1007 4747 olim
1063 4694 1182 4751 milibus
1200 4698 1284 4769 equis
1304 4701 1333 4756 in
1352 4707 1414 4759 tuto
1429 4705 1604 4762 consistebat
1617 4706 1648 4763 in
1663 4707 1728 4764 loco
1741 4706 1778 4778 ¹⁸,
1795 4708 1888 4766 valide

186 4767 300 4826 ineram
318 4769 439 4840 superbe
457 4769 577 4844 exulati,
599 4773 633 4830 ad
650 4787 702 4830 sua
717 4774 882 4834 obedienter
901 4781 1006 4836 reversi
1061 4782 1214 4857 contritus,
1228 4787 1275 4842 vix
1291 4802 1355 4844 cum
1370 4790 1531 4862 aliquantis
1546 4794 1644 4851 urbem
1663 4795 1779 4869 ingredi
1795 4797 1887 4853 valuit

185 4861 264 4927 sunt,
275 4854 585 4930 iaetumquegaudium
597 4874 741 4935 magnum,
751 4876 805 4933 pax
813 4869 841 4920 et
849 4866 1006 4938 securitas;
1061 4869 1155 4926 Barim
1165 4891 1172 4939 3
1183 4873 1310 4944 reliquos
1324 4882 1374 4933 aut
1389 4879 1494 4951 gladiis
1507 4887 1558 4938 aut
1573 4883 1696 4939 tradidit
1708 4885 1883 4956 captivitati.

185 4952 389 5018 ceperuntque
411 4947 553 5018 praesset
568 4949 619 5022 qni
637 4950 754 5008 subesse
772 4952 852 5010 soliti
870 4961 960 5028 erant,
979 4963 1007 5014 et
1060 4962 1122 5030 lpse
1143 4967 1237 5017 autem
1257 4962 1420 5024 Graecorum
1442 4968 1554 5026 obsitus
1574 4971 1658 5041 vallo,
1684 4952 1761 5029 inira
1786 4974 1884 5031 urbem

865 5089 979 5145 VARIAE
1000 5093 1198 5150 LEGTIONES.

212 5171 229 5261 ’ί
245 5173 356 5231 colosso
373 5171 399 5231 Ξ.
449 5175 537 5235 ²icro
556 5196 577 5263 ρ.
631 5181 710 5237 ³uoa
730 5186 803 5239 deest
821 5188 851 5240 in
874 5204 896 5240 e.
946 5184 1042 5249 ¹linis
1059 5210 1080 5248 e.
1134 5193 1239 5251 ⁵selus
1260 5214 1283 5250 c.
1336 5198 1393 5253 ¹iu
1411 5201 1556 5258 locoruso.
1608 5204 1841 5262 7consenciente
1858 5223 1880 5259 a.

181 5243 394 5315 ⁸vto3,essec.
439 5245 541 5304 9ann0
555 5259 741 5321 imperaverat
754 5253 777 5308 l.
825 5256 1170 5334 ¹00bjectel,ob1‘ectod.
1219 5267 1240 5311 ¹¹
1260 5270 1432 5358 praviloque
1444 5290 1467 5327 a.
1486 5275 1681 5346 pararintoque
1696 5269 1722 5332 3.
1773 5276 1878 5332 stuta.

180 5316 466 5447 :gssslistsultscnssss
523 5319 781 5389 uprastribuloe.
837 5327 859 5371 ¹⁵
874 5330 980 5387 aulicet
999 5350 1022 5388 a.
1041 5336 1156 5392 vaiulus
1170 5335 1196 5392 3.
1249 5339 1579 5414 ¹¹³ital‘l3,deindeB.
1637 5345 1881 5405 adamatae

971 5474 1081 5531 NOTAE.

214 5559 297 5630 ⁸5au
314 5558 408 5615 Cereio
427 5558 457 5615 in
471 5572 540 5631 agro
556 5560 692 5618 hvesano.
1092 5575 1105 5617 b
1121 5577 1149 5633 ld
1167 5586 1210 5634 est
1225 5580 1446 5652 langobardica.
