3876 6090
60 284 128 348 4300
741 279 842 339 LIBER
859 278 906 338 bn
923 276 1095 337 connato.
1696 272 1768 336 ⁴302

58 397 1018 483 8001100000101108010001,000·00010001000110001οΑ11000
1041 418 1150 463 menses
1171 371 1284 464 solares'
1300 406 1404 479 reperti
1437 408 1515 464 sunt.
1538 403 1662 463 Arcades
1688 404 1765 463 enim
1828 457 1833 465 f

59 497 120 558 30·
145 497 231 555 annis
260 494 352 553 lentur
371 494 484 567 explere
508 508 625 553 cursum
646 508 742 552 sunm.
764 495 887 553 Proinde
942 494 1174 553 aunumsuumil
1194 496 1341 553 mensibus
1357 496 1554 564 numerabant,
1571 496 1600 553 id
1614 495 1767 553 0011000-

59 591 157 646 autem
173 586 297 661 gentiles
310 599 345 642 er
359 583 406 641 bis
424 587 531 656 septem
544 583 637 641 stellis
654 584 770 640 nomina
783 584 887 643 diebus
942 585 1019 641 mine
1039 582 1086 641 404
1110 584 1226 643 diebus.
1239 585 1451 656 computabant.
1479 585 1676 643 Arcbaneuses
1699 597 1766 641 uero

59 679 214 747 dederuut,
238 689 271 733 00
290 675 367 747 quod
390 687 440 745 per
463 675 575 733 eosdem
602 673 713 747 aliquid
741 674 797 731 sibi
813 671 885 732 edici
940 672 967 744 6,
983 675 1011 731 id
1032 682 1074 732 est
1096 675 1228 749 singulos
1244 690 1354 733 menses
1374 673 1410 733 60
1429 675 1532 732 diebus
1550 673 1763 746 computabant.

60 767 261 826 existimarent
277 765 425 823 dicentes:
440 764 544 820 babere
562 777 597 821 ex
615 762 675 820 sole
689 763 836 836 spiritum,
852 778 887 822 ex
940 765 1031 822 Graeci
1054 766 1160 837 reliqui
1183 764 1235 823 351
1253 779 1359 822 00000
1383 766 1532 837 proprium
1552 763 1764 834 computabant.

61 856 130 914 lana
142 870 258 928 corpus,
270 868 304 910 ex
319 853 461 911 Mercurio
476 853 615 925 linguam,
625 852 842 923 etsapientlam,
852 867 887 910 ex
940 854 1124 925 incipiebata
1139 855 1252 924 llartio,
1264 854 1486 926 computabatur
1499 854 1646 911 mensibus
1657 850 1699 908 ll.
1714 852 1770 909 lio·

60 946 169 1003 Venere
191 944 377 1014 voluptatem,
405 956 440 999 ex
469 944 559 999 llarte
583 940 732 1006 terrorem,
756 955 792 998 en
821 945 887 1000 love
941 943 1018 1000 mani
1036 959 1102 1002 vero
1117 951 1233 1003 auctore
1249 946 1369 1002 liomulc
1383 959 1490 1002 annum
1503 958 1588 1001 sunm
1605 941 1638 999 40
1656 941 1766 999 mensi-

61 1034 290 1106 temperantiam,
310 1046 342 1089 er
362 1033 486 1090 Saturno
502 1030 676 1089 tarditatem.
692 1031 770 1088 Talis
780 1033 887 1105 quippe
940 1031 996 1088 bus
1007 1033 1220 1103 computabant.
1235 1033 1415 1106 incipiebant
1429 1047 1445 1090 a
1458 1033 1560 1090 llartio
1576 1045 1681 1103 mense,
1699 1044 1767 1102 per-

59 1124 158 1182 extitit
180 1122 334 1196 gentilium
356 1122 494 1191 stultitia,
515 1120 565 1194 qul
585 1122 644 1179 sibl
664 1121 809 1179 duxerunt
827 1127 885 1180 tam
940 1120 1092 1178 delebatur
1114 1122 1321 1191 albecembrio
1346 1135 1440 1179 mense
1461 1122 1565 1200 diebus
1592 1119 1654 1179 304.
1682 1121 1768 1193 Sym-

60 1211 384 1285 ridiculosatlgmema:
941 1210 1084 1280 phronius
1115 1218 1210 1268 autem
1245 1212 1380 1282 adjunxit
1413 1225 1501 1269 unum
1540 1225 1674 1275 mensem,
1714 1209 1765 1282 qui

318 1302 386 1357 ltem
399 1302 433 1356 de
445 1300 626 1357 bebdomada.
938 1300 1090 1358 dicebatur
1104 1301 1288 1374 Februarius,
1305 1301 1354 1373 qui
1373 1305 1401 1358 et
1415 1301 1499 1358 modo
1510 1300 1673 1357 Februarus
1686 1299 1767 1356 dici-

95 1392 172 1451 LVll.
195 1390 375 1449 Hebdomada
390 1390 468 1448 dicta
482 1394 552 1448 esta
573 1391 668 1448 Graeca
682 1390 883 1462 appellatione,
940 1393 999 1461 tur,
1022 1395 1050 1446 et
1071 1391 1274 1461 computabant
1298 1405 1404 1448 anuum
1420 1388 1473 1448 300
1493 1390 1605 1447 diebus.
1628 1387 1768 1446 Aurelius

60 1481 144 1556 qnasi
159 1476 691 1538 11000000000000701010001010.
707 1479 887 1536 llebdomada
939 1478 1024 1548 Clepa
1039 1478 1120 1535 addit
1139 1494 1262 1536 mensem
1278 1478 1313 1537 30
1332 1481 1457 1552 dicrum,
1474 1494 1558 1551 quem
1573 1478 1664 1536 Graeci
1680 1477 1767 1535 Airo-

58 1571 137 1629 enim
152 1571 227 1643 apud
247 1570 361 1627 000000
381 1565 399 1625 7
420 1569 525 1626 adest·
542 1569 606 1626 dies
620 1575 728 1625 veteres
742 1567 885 1625 dicebant.
941 1567 1030 1624 nitem
1045 1573 1158 1631 vocant,
1178 1582 1260 1640 quem
1277 1582 1329 1625 nos
1339 1569 1484 1640 Aprilium
1500 1568 1636 1638 dicimus,
1651 1572 1767 1624 01000-

58 1661 129 1719 inde
154 1660 266 1717 dicitur
289 1659 478 1730 bebdomada,
498 1663 526 1715 et
550 1658 669 1729 reliquae
692 1657 884 1715 hebdomadae.
941 1656 1099 1726 putabatur
1126 1670 1220 1714 annus
1257 1659 1311 1714 boc
1347 1658 1430 1714 modo
1451 1655 1504 1714 361
1536 1657 1649 1714 diebus.
1674 1657 1766 1712 Numa

57 1749 141 1822 Apud
171 1750 284 1807 Graecos
318 1752 346 1805 et
370 1748 485 1805 Latinos
518 1753 624 1819 septem
650 1747 763 1804 dierum
798 1719 1447 1816 cursuBl’ompiliusaddiditunumdiem
1473 1747 1663 1805 inhonorem
1690 1745 1768 1818 paris

59 1837 218 1910 peragitur,
243 1837 318 1909 apud
346 1836 478 1893 liebraeos
501 1832 519 1892 7
552 1835 638 1892 annis
663 1834 806 1893 dicebant.
829 1835 886 1890 Hoc
942 1836 1065 1906 numeri,
1081 1840 1109 1891 et
1123 1849 1230 1892 annum
1253 1833 1288 1892 40
1302 1835 1459 1905 mensibus,
1475 1840 1503 1892 et
1521 1842 1646 1908 quatuor
1661 1841 1768 1905 tempo-

58 1925 161 1983 banicl
171 1925 207 1982 de
221 1925 402 1997 septuaginta
414 1924 650 1994 bebdomadibus,
665 1924 693 1980 id
705 1927 749 1980 est
759 1922 795 1978 ab
807 1922 887 1978 exitu
942 1924 1024 1981 ribus
1032 1925 1387 1996 perincisionemduorum
1396 1924 1599 1994 solstitiorum,
1609 1919 1767 1981 etduorum

59 2015 211 2085 sermonis,
230 2019 258 2071 et
272 2013 462 2071 exultationis
480 2013 659 2084 captivitatis
673 2013 708 2069 de
732 2010 887 2082 Babylonia
942 2014 1181 2087 aequinoctiorum
1207 2014 1236 2070 in
1270 2014 1445 2071 numerando
1472 2013 1618 2070 distinxit.
1645 2012 1768 2070 Nomina

58 2103 115 2162 sub
138 2104 238 2175 Esdra,
262 2108 290 2159 et
319 2103 447 2173 Nimian,
472 2107 500 2159 et
525 2100 678 2159 zorobabel
704 2099 888 2172 septuaginta
942 2103 1085 2159 meusium
1105 2103 1262 2160 secundum
1284 2101 1431 2175 AEgyptios
1455 2101 1496 2158 ita
1513 2101 1667 2158 dicuntur:
1683 2100 1767 2167 llius,

59 2190 253 2264 bebdomada,
271 2191 299 2248 id
315 2195 476 2261 estseptem
495 2190 609 2247 vicibus
621 2189 803 2262 septuaginta
818 2188 887 2244 anni
941 2192 1123 2264 Apollonius,
1157 2199 1185 2249 et
1203 2194 1327 2264 Dyneus,
1346 2191 1494 2262 Filisteus,
1516 2189 1658 2262 Distreus,
1682 2190 1770 2246 Arte-

58 2287 138 2349 sunt,
156 2294 220 2353 quae
234 2279 363 2337 efficiunt
377 2278 438 2348 190,
456 2281 531 2353 quod
547 2280 673 2351 spatium
690 2276 888 2335 luitareditu
942 2281 1058 2354 misius,
1089 2282 1308 2351 Pbarcmeneus,
1340 2282 1424 2352 Laus,
1448 2282 1601 2353 scurpeus,
1633 2282 1769 2351 lperren-

57 2366 886 2442 captivitatisltabyloniaeusqueadNativitatemeristi.
942 2371 1011 2428 tius.

58 2460 96 2516 Et
123 2459 233 2517 idcirco
252 2463 359 2528 septem
387 2457 491 2514 diebus
517 2456 693 2514 bebdomada
717 2455 886 2528 completur,
1207 2462 1275 2516 ltem
1298 2461 1331 2516 de
1351 2460 1499 2515 mensibus.

59 2548 197 2621 quoniam
206 2546 544 2604 scilicetuniversitaiem
555 2552 752 2603 creaturarum
763 2544 888 2603 ddiebus
979 2548 1048 2605 llX.
1064 2548 1169 2605 Neusis
1183 2553 1226 2605 est
1240 2548 1361 2606 luminis
1371 2548 1484 2605 lunaris
1500 2546 1653 2615 circuitus,
1671 2560 1705 2603 ac
1720 2560 1769 2603 re·

58 2639 136 2693 beas
155 2640 291 2705 operatus
307 2639 359 2701 est,
379 2635 409 2691 in
422 2635 544 2705 septimo
563 2635 715 2706 requievit.
733 2635 828 2690 Prima
841 2635 889 2690 die
943 2637 1127 2709 dintegratio,
1152 2638 1212 2694 sive
1230 2651 1301 2694 nova
1323 2638 1357 2693 ad
1386 2650 1497 2706 uotam,
1525 2637 1555 2692 in
1571 2637 1656 2707 cujus
1677 2635 1768 2708 ligura

58 2723 193 2782 condidit
205 2723 309 2792 lucem,
327 2722 451 2779 secunda
470 2721 692 2793 firmamentum,
709 2723 794 2779 tertia
812 2735 889 2779 mare
944 2725 1112 2797 plerumque
1127 2726 1216 2796 bajus
1227 2726 1293 2782 ritae
1310 2740 1415 2783 cursus
1428 2725 1615 2797 intelligitur,
1628 2738 1692 2795 quae
1707 2723 1770 2782 suis

57 2816 90 2869 et
113 2817 214 2875 terras,
244 2815 346 2882 quarta
376 2809 483 2877 sidera,
508 2809 536 2866 id
564 2816 607 2866 est
629 2810 716 2866 solem
732 2816 760 2867 et
779 2811 887 2881 lunam,
945 2815 1130 2871 incrementis
1146 2814 1228 2886 quasi
1247 2814 1353 2870 mensis
1366 2815 1523 2886 peragitur,
1539 2813 1657 2870 eodem·
1672 2813 1770 2870 natio-

61 2900 164 2974 quinta
182 2900 312 2957 volucres
322 2904 350 2955 et
366 2899 491 2969 reptilia,
503 2905 584 2955 senta
603 2899 747 2955 bominem
761 2899 795 2955 ad
813 2900 890 2955 ima·
945 2902 1031 2960 nibus
1053 2902 1117 2959 suis
1139 2902 1312 2959 certissimis
1334 2903 1516 2958 terminatur.
1537 2904 1660 2958 blensem
1675 2906 1770 2958 autem

60 2990 156 3064 ginem
167 2992 196 3045 et
207 2988 434 3045 similitudinem
447 3000 538 3055 suam,
554 2988 730 3058 septimadie
746 2989 890 3059 requierit
943 2991 1056 3062 antiqui
1081 2989 1269 3046 definierunt:
1297 2990 1435 3060 quamdiu
1459 2990 1607 3046 zodiacum
1627 2989 1771 3046 circulum

59 3075 458 3147 abomnibusoperibussuis.
469 3075 591 3133 Nomina
602 3076 715 3133 dierum
731 3045 927 3133 bebdoma-C
945 3076 1085 3148 perducit.
1104 3077 1224 3149 Antiqui
1243 3082 1337 3132 autem
1354 3076 1477 3148 gentiles
1492 3076 1640 3132 mensibus
1654 3076 1771 3133 nomina

59 3167 105 3225 dae
112 3164 408 3222 secundumllebraeos
418 3164 532 3221 duobus
542 3164 636 3221 modis
646 3164 794 3233 dicuntur,
806 3164 835 3220 id
846 3168 890 3220 est
944 3168 1072 3238 quaedam
1088 3179 1122 3222 ex
1135 3166 1196 3222 diis
1206 3165 1278 3235 suis,
1293 3164 1422 3237 quaedam
1435 3178 1469 3220 en
1484 3165 1581 3220 causis
1596 3165 1669 3236 suis,
1688 3178 1771 3234 quae-

59 3253 203 3322 ordinem,
226 3258 254 3310 et
275 3253 416 3326 requiem,
439 3254 493 3310 boc
521 3254 614 3311 0000.
642 3254 738 3311 Prima
760 3253 888 3326 sabbati,
942 3256 1007 3312 dam
1028 3268 1093 3311 vero
1121 3269 1155 3311 ex
1174 3267 1294 3310 numero
1321 3254 1531 3324 imposuerunt,
1560 3252 1732 3323 incipientes
1744 3251 1769 3321 {a

59 3343 195 3410 secunda,
227 3342 323 3415 tertia,
355 3347 467 3415 quarta,
498 3342 611 3413 quinta,
648 3346 727 3399 sexta
759 3342 887 3412 Sabbatl,
942 3345 1055 3415 llartio,
1073 3344 1141 3418 quia
1155 3358 1188 3400 ex
1202 3343 1345 3414 ipsoannl
1366 3341 1488 3399 orientis
1502 3341 1633 3398 ordinem
1644 3354 1772 3398 servare-

59 3430 226 3489 Sabbatum.
243 3430 405 3488 Secundum
434 3430 547 3487 Graecos
575 3431 712 3502 dictione,
733 3435 762 3487 et
786 3431 888 3487 ordine
943 3439 1020 3491 runt.
1034 3433 1201 3490 lluncenim
1216 3432 1351 3488 llartium
1368 3433 1484 3502 propter
1502 3430 1639 3487 bonorem
1652 3428 1767 3486 liomuli

61 3523 267 3588 nuncupantur
278 3518 543 3577 boemodml’rima
553 3517 777 3592 leria,secunda,
790 3519 885 3588 tertia,
941 3524 984 3581 sic
1002 3523 1227 3595 appellaverant,
1241 3520 1310 3593 quia
1323 3519 1424 3578 Martis
1448 3518 1540 3577 ilium
1556 3517 1770 3575 0000000100-

34 3643 38 3649 -
61 3613 174 3680 quarta,
202 3608 316 3679 quintin,
339 3612 428 3680 sexta,
466 3606 696 3679 septima'leria.
724 3608 885 3665 80000000
941 3618 1018 3671 runt.
1041 3611 1167 3682 Aprilem
1183 3624 1249 3666 vero
1264 3609 1344 3666 nullo
1358 3609 1477 3666 deorum
1501 3621 1619 3665 suorum
1642 3607 1767 3678 nomine,

60 3698 179 3755 Latinos
198 3709 214 3753 a
236 3697 296 3755 dlis
315 3697 468 3770 gentilium
486 3702 514 3753 et
537 3696 669 3769 reliquiae
689 3697 883 3754 nominantur.
942 3704 989 3759 sed
1005 3703 1040 3759 de
1064 3715 1095 3759 re
1110 3700 1235 3772 propria,
1252 3699 1334 3770 quasi
1352 3698 1479 3769 Aprilem
1494 3697 1722 3768 nominaverunt,
1734 3709 1769 3754 eo

59 3785 230 3843 llabuerunt
252 3785 327 3843 enlm
348 3787 423 3844 duos
447 3787 515 3843 deos
538 3786 677 3858 coelestes,
703 3791 732 3842 et
759 3786 887 3858 quinque
942 3790 1016 3863 quod
1038 3794 1107 3846 tunc
1132 3789 1255 3861 primum
1275 3788 1402 3860 germina
1426 3786 1594 3858 aperiantur
1613 3786 1642 3842 in
1656 3786 1763 3842 liorem.

59 3879 201 3932 terrenos.
229 3873 345 3932 llartem
361 3880 470 3946 patrem
488 3874 615 3944 Romuli,
635 3875 808 3931 llercurium
824 3875 888 3931 elo-
942 3880 1010 3937 lude
1034 3893 1157 3936 mensem
1181 3878 1287 3934 llaium
1323 3890 1375 3947 pro
1396 3875 1470 3933 llaia
1497 3875 1633 3933 Mercurii
1667 3879 1767 3947 matre,

61 3963 187 4036 quentiae
211 3968 240 4020 et
259 3964 370 4037 ingenii
392 3965 552 4029 dominum,
583 3965 678 4020 10000
701 3964 830 4033 virtutis,
860 3967 889 4019 et
943 3983 1027 4041 quam
1056 3969 1134 4025 deum
1169 3967 1392 4037 estimaverunt,
1418 3965 1461 4023 vel
1490 3969 1606 4036 propter
1635 3964 1765 4034 majores.

61 4053 166 4109 bumor
183 4055 193 4077 ·
210 4053 273 4122 ejus
286 4053 406 4123 idolum,
435 4053 570 4110 Venerem
586 4051 730 4121 libidinis
745 4053 889 4123 concupi·
943 4057 1051 4114 Deinde
1071 4056 1352 4123 1001000100000,
1373 4067 1458 4125 quam
1480 4066 1617 4121 sororem,
1637 4051 1680 4108 vel
1695 4066 1769 4108 con-

60 4142 177 4199 scentiae
193 4148 221 4200 et
234 4144 330 4200 omnis
344 4143 539 4213 turpitudinis
561 4142 747 4199 inventricem
760 4161 769 4208 ς
784 4142 888 4199 Satur·
939 4147 1036 4217 jugem
1049 4143 1126 4201 lovis
1141 4140 1231 4199 inisse
1242 4146 1393 4198 testantur.
1409 4141 1468 4198 Alii
1483 4147 1576 4199 autem
1592 4141 1669 4198 sicut
1684 4141 1769 4212 majo

61 4244 131 4287 num
144 4237 251 4302 patrem
263 4231 351 4302 iovis,
374 4230 500 4304 lrugum,
515 4236 543 4287 et
555 4235 702 4288 ventorum
723 4231 887 4288 moderato·
941 4233 1033 4305 ribus,
1058 4234 1097 4289 ita
1117 4244 1168 4302 pro
1184 4227 1352 4301 junioribus
1374 4229 1493 4285 lunium
1509 4229 1602 4287 vocari
1619 4229 1766 4286 dixerunt.

61 4332 131 4375 rem.
148 4320 199 4377 llis
221 4320 322 4377 delusa
344 4320 493 4378 erroribus
516 4324 627 4377 vetusta
641 4319 799 4392 gentilitas,
823 4334 886 4392 quae
940 4326 1009 4380 ltem
1024 4321 1132 4379 101100
1147 4334 1164 4376 0
1177 4319 1254 4375 10110
1265 4317 1385 4379 Caesare,
1400 4316 1562 4389 Augustum
1578 4330 1644 4373 rero
1656 4316 1691 4372 ab
1703 4316 1768 4374 Au-

61 4412 178 4479 propter
188 4408 377 4481 frequentiam
388 4409 517 4466 usitandi
529 4409 645 4465 nomina
653 4408 772 4466 deorum
782 4409 926 4486 diebusD
941 4416 1024 4484 gusto
1036 4423 1140 4466 caesare
1153 4405 1308 4465 Octaviano
1326 4405 1422 4462 vocari
1439 4404 1585 4461 dixerunt.
1602 4405 1672 4460 Nam
1684 4403 1766 4474 prius

60 4497 160 4553 saeculi
186 4498 395 4568 imposuerunt.
413 4499 464 4555 Sed
493 4505 609 4570 propter
621 4512 720 4555 eorum
734 4497 887 4557 conlusio-
938 4501 1035 4557 lulius
1054 4498 1221 4571 Quinctilis,
1241 4501 1269 4553 et
1281 4496 1428 4568 Angustus
1442 4492 1560 4551 Sextilis
1579 4493 1764 4566 vocabantur,

61 4597 125 4640 000
138 4584 196 4641 bec
207 4586 269 4656 ipsa
283 4587 399 4643 nomina
411 4586 569 4643 Christiani
582 4600 638 4644 non
650 4592 840 4658 mutarerunt,
855 4595 887 4645 ut
941 4592 988 4647 sed
1011 4602 1110 4646 eorum
1136 4587 1251 4644 nominc
1274 4582 1464 4642 aCaesaribus
1482 4584 1559 4642 lulio
1582 4590 1610 4641 01
1634 4583 1765 4656 Augusto

60 4684 126 4728 000
139 4673 379 4747 singulisdiebus
394 4676 591 4739 nominantur,
610 4675 828 4748 singulisborls
843 4677 890 4744 de,
942 4685 1009 4736 sunt
1021 4681 1206 4734 commutata.
1220 4678 1280 4733 lam
1297 4677 1471 4751 September,
1487 4675 1562 4746 quod
1576 4671 1717 4745 septimus
1726 4672 1766 4729 sit

60 4761 224 4827 spiciantur
239 4766 295 4819 100
312 4763 379 4835 ipsi,
401 4777 486 4836 quam
502 4769 530 4821 et
544 4764 671 4822 cultores
681 4778 792 4821 eorum.
942 4782 958 4824 a
970 4766 1082 4837 llartio,
1095 4765 1145 4836 qui
1160 4769 1203 4821 est
1216 4766 1392 4837 principium
1403 4767 1489 4836 veris,
1501 4763 1638 4821 similiter
1651 4775 1766 4834 quoquc

328 4854 395 4909 ltem
415 4855 448 4908 de
472 4855 619 4909 mensibus.
940 4854 1071 4924 October,
1097 4853 1262 4922 November,
1282 4860 1311 4911 et
1329 4855 1481 4912 December
1505 4867 1539 4910 ex
1563 4850 1767 4908 00000010-

96 4940 188 4995 LllNl.
204 4940 340 4998 biensisa
356 4955 490 5000 mensura
506 4943 629 5014 quadam
647 4955 749 5000 nomen
764 4941 884 5014 accepit,
940 4943 1036 5002 brium
1067 4947 1153 5013 atque
1176 4942 1252 4999 aeris
1277 4947 1449 5015 acceperunt
1472 4940 1651 4999 vocabulum.
1677 4941 1765 4997 Porro

58 5029 199 5099 quorriam
218 5031 312 5087 omnis
334 5031 441 5087 mensis
452 5032 610 5089 secundum
628 5031 704 5088 lunae
718 5045 835 5089 cursum
850 5029 887 5088 09
939 5031 1107 5088 ianuarium
1121 5044 1156 5087 ex
1171 5031 1286 5087 nomine
1306 5031 1369 5089 lanl
1385 5036 1565 5101 vocaverunt,
1582 5030 1629 5087 sed
1650 5030 1766 5102 specia-

57 5119 165 5177 diebus
177 5123 205 5174 et
215 5119 333 5176 semisse
350 5125 542 5176 mensuratur.
567 5122 678 5178 blenses
699 5121 836 5192 primitus
855 5121 885 5177 in
941 5121 1008 5179 liter
1019 5120 1175 5177 lanuarias
1196 5119 1368 5191 appellatur,
1385 5134 1417 5178 eo
1437 5120 1612 5193 quodjanua
1630 5119 1670 5176 sit
1692 5116 1760 5173 anui

59 5207 157 5268 lunari
171 5221 258 5265 cursu
273 5210 379 5280 reperti
395 5215 474 5279 sont,
488 5215 517 5266 et
529 5209 564 5265 ab
578 5210 705 5266 llebraeis
721 5209 780 5266 baec
793 5209 888 5267 obser·
940 5213 1027 5280 atque
1050 5207 1236 5279 principium.
1259 5207 1447 5265 Februarium
1469 5213 1564 5265 autem
1590 5220 1607 5263 a
1626 5201 1766 5260 Febribus

58 5298 138 5356 ratio
147 5297 285 5368 primitus
292 5297 434 5354 abstracta
444 5302 497 5365 est,
511 5299 587 5369 apud
600 5298 666 5354 illos
675 5298 752 5354 enim
762 5299 886 5368 primum
942 5301 1133 5370 Lupercorum
1146 5297 1238 5355 sacris
1249 5298 1441 5369 appellarunt.
1457 5299 1540 5370 Apud
1554 5294 1690 5365 antiquos
1705 5292 1765 5348 lta-

59 5385 589 5445 1101000001000000100101000001.
612 5389 706 5443 lienes
720 5387 797 5442 enim
811 5388 886 5458 apud
942 5401 998 5459 que
1016 5387 1133 5444 Latinos
1148 5383 1182 5443 40
1208 5386 1356 5446 mensibus
1370 5402 1474 5446 cursus
1496 5384 1564 5442 anni
1577 5380 1757 5452 computaba-

59 5476 194 5534 llebraeos
207 5475 286 5545 luna,
299 5477 343 5533 vel
352 5475 629 5534 neomeniadlcitur.
642 5475 710 5531 lnde
723 5476 888 5532 neomenias
942 5485 1001 5548 tur,
1014 5477 1063 5533 sed
1076 5475 1243 5534 ianuarium
1256 5477 1387 5548 1100001,
1399 5471 1584 5533 Februarium
1597 5483 1663 5527 vero
1673 5471 1765 5528 Numa

60 5565 228 5623 00001000
243 5563 816 5636 000000000000100001.0010000000
832 5566 888 5622 la-
947 5565 1109 5638 l’ompilius
1129 5565 1251 5635 addidit,
1274 5573 1361 5638 atque
1380 5566 1409 5622 in
1434 5559 1468 5618 40
1486 5571 1597 5616 menses
1617 5558 1764 5618 distinxit.
