3876 6090
56 238 107 298 aii
416 220 676 297 coicsscdttvcit.
690 273 727 283 —
744 244 872 300 orselli.
897 247 1000 301 INTER
1019 248 1044 302 S.
1068 247 1196 306 iclxiii.
1216 251 1260 305 ET
1277 251 1398 308 THEOD.
1709 253 1764 315 658
1818 206 1822 214 ¹

77 368 120 429 καί
142 366 268 439 ἐποίησαν
288 369 347 428 κατ’
363 370 447 429 αὐτῶν
467 369 575 453 πρᾶξιν,
592 369 637 430 καί
658 366 723 447 μετὰ
740 369 770 429 τδ
793 377 858 431 ἀνοι-
896 363 926 424 Α
941 381 1062 437 sumque
1076 384 1125 426 eos
1143 372 1255 427 actione
1279 373 1386 440 habita
1403 390 1436 431 ac
1453 392 1517 432 cum
1530 380 1763 438 anathematizas·
1844 369 1854 395 ⁸

77 456 212 532 θεματίσαι
225 456 269 514 καί
283 456 428 536 ἀνασκάψαι
441 457 533 524 αὐτοὺς
542 457 586 516 τὸν
600 461 626 515 ἐν
636 456 714 534 ἁγίοις
726 457 855 534 Μάξιμον,

78 544 176 605 καὶτὸν
191 541 317 624 μακάριον
325 545 494 604 Ἀναστάσιον
501 545 545 604 τὸν
555 543 669 620 μαθητὴν
679 547 770 614 αὐτοῦ,
785 544 858 606 τόντε

77 629 221 710 ἁγιώτατον
234 632 321 690 πάπαν
335 635 476 713 Μαρτῑνον,
495 632 600 691 καὶτὸν
625 632 696 708 ἅγιον
715 633 857 714 Σιοφρόνιον

76 721 118 782 dv
137 722 303 804 πατριάρχην
318 721 520 806 Ἱεροσολύμων,
539 723 583 782 καὶ
604 720 702 788 πάντας
715 721 773 788 τοῦς
784 729 856 802 θρθο·

77 807 171 878 θόξους,
188 811 235 870 καί
249 814 396 891 σίμφρονας
418 814 512 881 αὐτῶν,
534 811 643 887 ἤνεγκαν
658 809 760 867 καὶτὸν
781 808 858 868 ἄλλον

78 897 205 978 μακάριον
223 898 403 970 Ἀναστάσιον,
419 899 463 956 καὶ
479 903 534 963 τοῖς
554 901 639 963 αὐτοῖς
658 895 798 972 ἀναθίμασι
815 899 858 957 καὶ

77 982 166 1064 θῦρεσι
193 983 355 1063 χρησάμενοι
379 984 426 1043 καί
446 987 487 1044 ἐπ’
515 985 602 1055 αθτδν,
630 981 780 1064 παρέδωκαν
806 989 859 1050 τοῖς

77 1069 213 1150 ἄρχουσιν,
229 1070 341 1137 εἰπόντες
354 1070 444 1137 οὕτως·
467 1069 506 1131 Σὺ
522 1069 569 1149 μὲν
585 1063 627 1130 οῦν
648 1067 813 1140 Ἀναστάσιε,
828 1069 859 1129 τό

77 1163 150 1238 φσῖυν
165 1163 214 1230 τῆς
224 1159 359 1237 πανδήμου
372 1164 424 1219 τῶν
436 1158 601 1236 ἀναθεμάτων
613 1163 659 1230 τῆς
674 1159 734 1237 ἀρᾶς
755 1157 859 1216 ἐνδυσά-

78 1272 153 1324 μενος
166 1248 343 1330 περιῦολοιιον,
359 1249 528 1309 ἀπαλλάσσου
550 1255 596 1321 τῆς
608 1252 741 1318 κανονικῆς
761 1246 857 1327 ἀκροά-

32 1333 35 1342 ’
78 1358 151 1408 σεως,
174 1336 239 1418 πρδς
260 1335 291 1407 ἣν
316 1337 428 1417 ᾑρετίσω
449 1335 539 1397 στάσιν
548 1341 595 1408 τῆς
607 1333 717 1412 γεέννης,
732 1333 858 1415 ἀποφερό·

78 1447 163 1500 μενος,
179 1426 305 1496 συνούσης
319 1429 382 1502 ἡμῖν
396 1429 442 1496 τῆς
457 1426 573 1489 εὐκλεοῦς
593 1423 637 1481 καί
650 1422 733 1480 πάντα
747 1423 854 1480 συνδιαι·

77 1509 194 1582 τησάοης
216 1511 302 1588 τιμίας
319 1534 349 1570 τε
369 1511 412 1570 καί
432 1514 499 1592 ἱερᾶς
518 1509 676 1589 συγκλήτου,
698 1512 859 1587 παραχρῆμα

940 461 1002 509 sent
1021 463 1171 529 essentque
1183 461 1321 514 exsecrati
1335 467 1465 518 sanctum
1478 465 1632 521 Maximum
1643 467 1761 539 ejusque

940 541 1117 612 discipulum
1140 545 1252 601 beatum
1267 546 1461 620 Anastasium,
1487 564 1594 608 necnon
1618 555 1764 611 sanctissi-

942 643 1018 685 mum
1044 645 1142 701 papam
1166 635 1330 706 Martinam,
1361 642 1549 709 sanctumque
1570 639 1762 709 Sophronium

941 719 1131 788 patriarcham
1151 722 1450 795 Hierosolymitanum,
1471 739 1503 780 ac
1525 728 1764 786 omnesortlrodo·

938 820 999 873 nos,
1028 813 1169 878 quotquot
1189 809 1313 880 denique
1334 812 1459 880 ejusdem
1482 826 1516 869 ac
1546 814 1591 869 illi
1616 817 1764 874 sententiae

938 899 1032 948 essent
1044 912 1050 947 :
1064 895 1185 950 alterum
1202 912 1315 966 quoque
1334 898 1446 954 beatum
1466 899 1648 958 Anastasiou
1667 903 1764 959 addu-

937 986 1051 1045 xerunt,
1071 982 1231 1054 iisdemque
1250 986 1279 1040 in
1296 999 1361 1041 eum
1375 986 1451 1042 diris
1469 1000 1503 1042 ac
1517 990 1701 1047 contumeliis
1716 993 1762 1048 usi

940 1069 1289 1143 tradideruntjudicibus,
1304 1073 1345 1128 ita
1359 1073 1487 1130 dicentes
1502 1093 1508 1129 :
1527 1076 1599 1133 Sanc
1612 1077 1711 1150 igitur,
1731 1084 1764 1137 tu

940 1156 1082 1227 Anastasi,
1105 1159 1214 1227 pullum
1234 1161 1332 1229 populi
1349 1161 1477 1217 universi
1495 1163 1764 1223 maledictioolsdl·

940 1258 1093 1315 rarumque
1110 1246 1229 1302 indutus
1243 1248 1391 1320 amictum,
1405 1250 1544 1306 canonica
1559 1250 1699 1308 liberatus
1714 1267 1763 1312 au-

937 1332 1048 1388 ditione
1059 1346 1148 1404 eaque
1173 1339 1317 1406 extrusus,
1334 1334 1444 1392 adeam
1464 1351 1549 1407 quam
1572 1339 1704 1412 delegisti
1716 1341 1764 1397 dc·

939 1421 1051 1476 veharis
1063 1410 1198 1492 gehennae
1212 1424 1362 1480 stationem
1373 1437 1406 1480 ac
1421 1425 1532 1493 sedem3
1547 1428 1598 1496 qui
1611 1427 1761 1486 nobiscum

938 1514 981 1563 est
1005 1509 1124 1578 parique
1149 1510 1272 1566 consilio
1300 1518 1402 1567 cuncta
1424 1514 1588 1570 moderatur
1612 1516 1761 1585 praenobili

77 1596 121 1669 την
146 1599 205 1676 μεθ’
231 1603 299 1675 ἡμᾶς
322 1597 539 1679 παραληψομένης
563 1597 662 1678 κρίσιν,
689 1594 733 1652 καί
750 1593 783 1652 τὰ
805 1600 859 1661 τοῖς
940 1610 1078 1666 sacroque
1103 1602 1213 1666 senatu,
1239 1599 1335 1654 statim
1360 1613 1376 1655 a
1411 1601 1493 1656 nobis
1511 1601 1654 1670 judicium
1680 1618 1764 1661 arre-

77 1687 220 1752 πολιτικοῖς
240 1687 364 1745 δοκοῦντα
383 1683 471 1763 νόμοις
486 1685 528 1743 ἐπί
541 1685 582 1743 σοί
595 1679 805 1761 διαπραξαμένης,
823 1685 858 1747 ῶς
900 1674 924 1733 Β
942 1689 1034 1753 pluro,
1043 1697 1075 1739 :tc
1085 1685 1292 1753 qnael'ivil'lbus
1304 1686 1460 1743 constilula
1471 1688 1665 1761 legibussunt,
1677 1697 1763 1761 prout

78 1773 150 1832 οὔτοί
170 1771 344 1850 δοκιμάσειεν,
369 1776 420 1831 τῶν
444 1771 602 1843 τηλικούτων
620 1793 666 1829 σου
689 1771 859 1849 βλασφημιῶν
940 1772 1032 1828 visunt
1047 1773 1092 1827 illi
1109 1771 1206 1840 fuerit,
1221 1774 1299 1842 justa
1323 1775 1351 1830 ln
1365 1780 1392 1830 te
1404 1776 1653 1835 animadversione
1665 1779 1764 1839 factu-

78 1859 150 1919 ἕνεκα
163 1861 210 1919 καί
225 1859 386 1940 τυραννίδων.
403 1861 501 1939 Ψῆρος
514 1857 562 1937 γὰρ
575 1858 634 1915 κατ’
650 1859 733 1915 αὐτῶν
746 1859 792 1926 τῆς
804 1877 859 1913 πα·
939 1873 980 1927 ιο,
993 1859 1028 1914 ob
1040 1864 1132 1914 tantm
1141 1865 1204 1915 tuas
1216 1860 1282 1916 illas
1292 1860 1485 1931 blasphemias
1492 1864 1762 1936 rebellisqueaniml

79 1945 171 2027 ρούσης
189 1947 305 2008 συνὸδου,
322 1947 366 2005 καί
379 1946 510 2026 συνεργείρ
523 1951 570 2003 τοῦ
582 1941 779 2019 παντοδυνάμοῦ
793 1942 857 2021 Χρι-
940 1945 1112 2000 molitiones.
1140 1945 1282 2001 Adversus
1305 1947 1363 2002 haec
1395 1949 1471 2004 enim
1499 1951 1668 2006 sententiam
1693 1952 1763 2009 tulit

79 2039 141 2092 σποῦ
153 2038 203 2092 τοῦ
221 2035 340 2103 ἀληθινοῦ
354 2037 428 2110 ἡμῶν
447 2034 519 2092 Θεοῦ
532 2034 670 2096 κανονικῶς
682 2027 859 2112 ψηφισαμένης

78 2119 109 2178 cd
120 2119 213 2179 θέοντα
225 2121 280 2179 καθ’
297 2124 385 2198 ἡμῶν,
401 2118 515 2198 Μάξιμε,
539 2116 701 2188 Ἀναστάσιε,
717 2116 762 2176 καί
783 2118 858 2174 Ἀνα·

79 2206 178 2278 στάσιε,
203 2207 259 2266 ivel
280 2207 310 2266 τὸ
334 2207 422 2265 λοιπὸν
445 2211 546 2286 ὑπῆρχε
571 2205 634 2284 πρὸς
653 2202 686 2262 el
706 2203 766 2282 παρ’
786 2205 859 2279 ὑμῶν

77 2293 203 2373 λεχθέντα
217 2318 247 2354 τε
259 2293 390 2360 δυσσεύῶς
408 2294 452 2352 καί
471 2291 628 2372 πραχθέντα,
650 2296 706 2355 ταῖς
722 2293 859 2369 αὐστηραῖς

77 2384 128 2439 τῶν
140 2380 229 2458 νόμιον
242 2381 466 2451 καθυποῦληθῆναι
477 2384 585 2444 ποιναῖς.
603 2380 636 2436 Ei
649 2377 693 2436 καὶ
712 2375 767 2444 ἀξία
783 2375 858 2446 ποινλ

77 2472 128 2527 τῶν
151 2467 276 2528 τοιούτων
294 2471 366 2545 ὑμῶν
379 2466 613 2544 πλημμελημάτων
633 2463 676 2523 καί
689 2465 859 2542 βλασφημιῶν

77 2560 128 2635 οὐχ
139 2554 235 2636 ῦπεσῃ,
250 2559 288 2637 τῷ
301 2554 391 2636 δικαίῳ
404 2558 470 2632 ὑμᾶς
484 2555 544 2634 περὶ
558 2558 605 2624 τῆς
624 2552 738 2630 μείζονος
751 2551 856 2608 καταλι-

77 2641 167 2711 πόντες
190 2649 277 2724 κριτῇ,
301 2645 328 2701 ἐν
346 2645 384 2722 τῷ
402 2639 508 2723 παρόντι
529 2641 587 2722 βίῳ,
604 2640 648 2699 καί
665 2641 692 2697 ἐν
709 2641 794 2719 τούτῳ
812 2634 859 2708 τλν

77 2735 129 2789 τῶν
139 2730 226 2808 νόμων
236 2736 365 2794 κενοῦντες
382 2727 521 2809 ἀκρίύειαν,
545 2723 716 2808 κερθανόντων
736 2729 808 2802 ὑμῶν
828 2724 860 2783 τδ

78 2822 134 2897 ζῇν,
146 2819 309 2900 ψηφιζόμεθα
322 2820 393 2894 ύμῖν,
413 2815 457 2874 τδν
479 2813 594 2895 παρόντα
612 2817 676 2888 ἡμῖν
694 2809 859 2892 πανεύφημον

939 2046 1062 2102 praesens
1076 2032 1214 2102 synodus:
1224 2047 1347 2103 cumque
1360 2033 1420 2105 illa,
1437 2036 1642 2106 omnipotentis
1653 2038 1762 2096 Christi

937 2121 995 2175 veri
1016 2120 1065 2175 Dei
1087 2121 1177 2175 nostri
1198 2134 1251 2190 ope
1266 2138 1274 2186 ς
1290 2135 1353 2190 qua
1368 2135 1419 2189 par
1438 2129 1506 2190 erat,
1530 2124 1680 2182 adversum
1699 2140 1761 2198 vos,
1860 2122 1863 2126 ’

938 2207 1067 2275 Maxime,
1101 2208 1232 2263 Anastasi
1258 2208 1457 2281 anastasique,
1481 2210 1595 2267 decreto
1622 2215 1759 2283 sanxerit,

938 2296 1033 2366 sitque
1046 2296 1189 2367 reliquum
1205 2296 1239 2351 ad
1255 2309 1288 2351 ea
1304 2310 1392 2367 quma
1405 2298 1486 2353 vobis
1501 2298 1588 2368 impie
1602 2300 1680 2356 dicta
1692 2315 1760 2372 ges-

937 2386 1022 2454 taque
1039 2387 1116 2450 sunt,
1144 2390 1175 2438 ut
1196 2383 1388 2439 severioribus
1402 2385 1494 2455 legum
1508 2386 1600 2454 poeuis
1618 2387 1762 2457 subjicia-

939 2471 1009 2526 mini
1026 2468 1202 2541 (quanquam
1220 2471 1326 2527 idcirco
1342 2472 1417 2541 quod
1434 2473 1513 2528 nulla
1528 2474 1668 2542 ejusmodi
1682 2489 1764 2545 poena

940 2560 1075 2629 suppetit,
1102 2573 1166 2629 quae
1179 2559 1296 2615 delictis
1316 2560 1464 2618 vestrisne
1479 2560 1667 2631 blasphemiis
1692 2577 1766 2620 con-

939 2650 1027 2721 digna
1050 2649 1141 2704 videri
1158 2649 1259 2719 possit,
1271 2649 1350 2718 justo
1364 2663 1415 2705 vos
1424 2649 1517 2718 ludici
1535 2650 1585 2721 qui
1603 2651 1710 2721 majora
1725 2652 1766 2708 sit

941 2737 1114 2793 inducturus
1133 2736 1345 2809 permittimus)
1369 2736 1398 2792 in
1421 2739 1553 2806 prasenti
1573 2739 1688 2808 saeculo,
1714 2752 1766 2796 seu

943 2825 972 2880 in
996 2825 1052 2881 luci
1070 2828 1187 2894 partem,
1205 2825 1270 2880 vitm
1286 2824 1367 2880 vohis
1383 2839 1470 2881 usura
1490 2836 1633 2897 concessa,
1656 2827 1767 2898 hacque

78 2903 204 2985 ἔπαρχον,
226 2905 317 2963 melsa
338 2899 574 2983 παραλαμόάνοντα
595 2904 662 2976 ipa<
688 2901 714 2958 ἐν
736 2902 775 2980 τῷ
799 2898 857 2957 κατ’
944 2914 1005 2982 ipsa
1019 2913 1134 2968 lenitate
1147 2913 1288 2983 tantisper
1302 2918 1420 2969 vacuata
1429 2919 1562 2971 accurata
1571 2916 1664 2988 legum
1679 2915 1767 2972 disci·

79 2993 156 3052 αὐτὸν
177 2994 346 3072 πολυαρρικῷ
363 2990 522 3070 πραιτωρίῳ,
540 2988 584 3047 καί
601 2986 696 3068 νεύροις
719 2983 752 3043 τὰ
776 2985 859 3062 μετά·
904 2985 1023 3071 Cpiina
1038 3014 1070 3055 ac
1089 3000 1459 3070 districtione383ncimu5,
1475 3007 1508 3058 ul
1529 3003 1626 3058 statim
1651 3017 1768 3061 assum·

79 3103 157 3160 φρενα
166 3079 306 3146 τύπτοντα,
324 3077 457 3158 [Μάξιμον
469 3076 514 3135 καὶ
534 3074 703 3134 Ἀνάστασιον
717 3073 763 3131 καὶ
782 3074 860 3131 Ἀνα-

80 3168 195 3240 στάσιον,
210 3166 241 3225 τθ
251 3166 356 3246 όργανον
368 3170 414 3236 τῆς
431 3168 505 3240 ὑμῶν
519 3162 638 3239 Μαξίμου
658 3159 704 3218 καί
729 3161 858 3217 Ἀναστα-

81 3254 136 3313 σίου
149 3257 195 3314 καὶ
215 3250 400 3331 Ἀναστασίου]
411 3251 566 3320 ἀκολασίας,
586 3246 705 3308 τουτέστι
726 3244 773 3315 τλν
792 3248 859 3324 βλα-

81 3364 182 3423 σφημον
203 3345 276 3418 ὑμῶν
297 3344 418 3418 γλῶσσαν
436 3338 649 3415 ἔθσθενίκτερεῖν.
669 3323 736 3393 Εἶτα
756 3330 795 3403 δδ,
815 3331 861 3390 καί

80 3429 125 3501 rip
138 3431 325 3502 διωιονῆσασαν
340 3429 488 3509 βλασφήμῳ
496 3430 568 3504 ὑμῶν
577 3426 696 3504 λογισμῷ
706 3421 861 3492 σκαιοτάτην

81 3516 158 3586 δεξιάν
166 3518 262 3598 σιδήρῳ
271 3519 409 3593 διατεμεῖν,
422 3512 666 3595 περιαχθησομίνων
679 3509 734 3588 ἅμα
742 3508 861 3588 στερήσει

81 3610 130 3664 τιῖιν
143 3609 229 3665 αὐτῶν
240 3606 384 3683 βάελυκτῶν
396 3601 535 3683 μερῶν,τά
547 3599 591 3658 δύο
602 3599 647 3658 καί
659 3596 722 3656 δέκα
734 3596 861 3673 τμήματα

81 3692 175 3763 ταύτης
187 3697 234 3762 τῆς
248 3691 333 3772 κυρίας
346 3694 397 3749 τῶν
410 3688 513 3749 πολεων
526 3689 732 3766 περινοοτεύσας,
744 3683 860 3764 ἀειφυγίᾳ

82 3805 108 3839 τε
126 3781 170 3841 καί
191 3781 296 3859 φυλακῇ
320 3779 370 3859 πρὸ
392 3778 434 3836 ἐπί
453 3774 553 3842 τούτοις
576 3777 683 3845 διηνεκεῖ
703 3772 862 3853 παραδοῦναι

82 3873 155 3946 ὑμᾶς,
184 3867 247 3946 πρὸς
271 3866 302 3925 τδ
325 3864 463 3944 μετέπειτα
484 3867 551 3940 ὑμᾶς
574 3863 617 3920 καί
638 3864 673 3926 εἰς
696 3859 740 3918 τὸν
761 3856 861 3916 ἅπαντα

82 3960 125 4026 τῆς
151 3959 219 4026 ζωῆς
244 3956 317 4030 ὑμῶν
341 3950 459 4034 χρόνον,
486 3948 519 4008 τθι
546 3952 626 4008 οἰκεῖα
650 3944 768 4024 οἰμώζειν
794 3943 860 4022 βλά-

84 4065 172 4121 σφημα
207 4040 366 4120 σφαλματα,
405 4043 451 4109 τῆς
494 4035 664 4107 ἐπινοηθείσης
697 4032 752 4092 καθ’
787 4033 862 4107 ἡμῶν

84 4131 140 4205 ἀρᾶς
164 4127 362 4208 περιτραπείσης
390 4130 423 4204 τῇ
449 4128 526 4200 ἡμῶν
548 4123 667 4202 κεφαλῇ.
695 4114 861 4198 Παραλαύὼν

85 4208 123 4274 νῦν
145 4213 237 4280 αῦτοδς
260 4219 274 4273 ό
296 4211 420 4294 ἔπαρχος,
442 4211 486 4269 καί
505 4208 629 4278 κολάσας,
650 4205 725 4283 ἔτεμε
742 4203 776 4262 τθι
794 4202 861 4280 μελη

85 4306 177 4361 αὐτῶν.
193 4303 237 4360 καί
250 4297 413 4381 περιαγαγὼν
424 4297 486 4368 όλην
496 4295 542 4367 τὴν
554 4293 629 4353 πολιν
639 4291 754 4375 ἐξώρισεν
768 4288 861 4356 αύτοίις

86 4392 109 4447 ἐν
121 4392 237 4467 Λαζικῇ.

946 3089 1012 3159 ptis,
1029 3089 1078 3158 qui
1095 3086 1178 3142 nobis
1194 3092 1296 3157 praesto
1314 3102 1345 3143 es
1362 3089 1543 3145 clarissimus
1557 3089 1718 3163 Traiectus,
1731 3092 1766 3147 tn

946 3189 1029 3233 suum
1044 3174 1215 3244 amplissimi
1229 3174 1394 3231 dominatus
1409 3177 1584 3246 praetorium,
1599 3178 1722 3234 llarimo
1733 3190 1767 3234 ac

947 3267 1068 3331 utroque
1081 3261 1242 3332 Anastasio,
1258 3274 1356 3317 eorum
1374 3263 1473 3333 dagrls
1491 3263 1575 3318 dorsa
1601 3264 1701 3335 caedat,
1715 3278 1768 3321 ve-
1808 3306 1824 3321 .

948 3356 1069 3420 straeque
1082 3347 1199 3402 llaximi
1213 3347 1418 3418 amborumque
1436 3350 1651 3406 Anastasorium
1665 3365 1769 3420 proca-

946 3437 1043 3494 citatis
1062 3449 1198 3506 organum
1212 3433 1349 3505 (vestram
1370 3435 1482 3492 scilicet
1497 3436 1689 3507 blasphemam
1706 3438 1768 3495 lin-

945 3524 1044 3597 guam)
1056 3524 1091 3578 ab
1102 3523 1158 3579 imo
1171 3524 1249 3578 intus
1261 3524 1430 3592 abscindat3
1449 3528 1566 3594 tumque
1586 3525 1685 3595 etiam,
1703 3540 1766 3596 quae

944 3613 1114 3682 blasphemae
1129 3615 1228 3666 vestrae
1239 3611 1345 3667 rationi
1358 3611 1504 3682 mentique
1514 3612 1691 3669 ministravit
1702 3614 1768 3671 dex-

942 3706 1030 3756 teram
1044 3701 1120 3756 ierro
1131 3697 1264 3755 auferat:
1281 3711 1324 3767 ac,
1348 3697 1397 3754 ubi
1414 3698 1457 3754 sic
1476 3699 1658 3755 exsecrandis
1676 3712 1769 3756 mem-

942 3789 1002 3845 bris
1023 3789 1142 3845 mutilos
1163 3787 1271 3858 pariter
1296 3786 1524 3858 circumducens,
1538 3787 1621 3844 urbis
1638 3793 1769 3861 augustas

942 3878 1072 3949 regiones
1086 3875 1236 3932 duodecim
1251 3879 1326 3931 totas
1340 3874 1515 3945 lustraverit,
1532 3876 1707 3945 sempiterno
1722 3890 1770 3932 ex-

941 3965 1009 4020 silio
1021 3964 1142 4034 jugique
1159 3969 1292 4032 praterea
1303 3962 1442 4019 custodiae
1457 3961 1565 4019 tradat:
1579 3966 1611 4019 ut
1623 3962 1771 4037 deinceps

940 4067 972 4108 ac
989 4051 1117 4122 quandiu
1145 4051 1202 4106 vita
1224 4055 1370 4120 superstes
1390 4052 1447 4107 erit
1465 4050 1649 4120 blasphemis
1669 4052 1768 4123 plenos

940 4153 1051 4196 errores
1081 4144 1189 4196 vestros
1222 4139 1354 4211 lugeatis,
1383 4152 1463 4194 versa
1488 4139 1599 4195 scilicet
1623 4140 1653 4195 ln
1675 4144 1769 4196 vestra

941 4231 1045 4301 capita,
1069 4244 1153 4300 quam
1172 4231 1201 4285 in
1217 4243 1270 4285 nos
1290 4229 1519 4285 maledictionem
1540 4229 1676 4301 dirasque
1689 4244 1769 4286 exco-

943 4320 1067 4391 gitastis.
1081 4318 1160 4375 Tulit
1172 4318 1269 4387 itaque
1280 4315 1439 4387 prefectus,
1456 4316 1581 4388 aliisque
1595 4317 1771 4374 excruciatis

945 4407 1104 4476 tormentis,
1127 4407 1251 4461 membra
1272 4405 1450 4475 amputavit:
1475 4409 1591 4475 totaque
1620 4404 1690 4461 urbe
1711 4418 1773 4475 pro·

840 4508 843 4514 ·
947 4496 1067 4565 pudiosa
1095 4494 1342 4551 circumductione
1363 4491 1524 4565 traducens,
1547 4491 1674 4547 lazicem
1695 4491 1772 4549 rele-

945 4585 1030 4656 gavit.

102 4753 227 4837 §Gloria
257 4777 323 4848 qni,
352 4772 499 4846 unigenite
527 4772 601 4826 neus
634 4766 757 4824 verbum
785 4765 889 4828 papis,
946 4749 1073 4818 hilis,et
1098 4745 1394 4817 supersubstantialis,
1419 4743 1770 4815 acimpartibilis.1ieus

69 4876 160 4925 clune
179 4862 437 4923 consubstantialis
457 4858 619 4928 Trinitatis,
636 4856 686 4927 qui
704 4869 752 4911 eos
767 4853 816 4924 qui
831 4867 893 4923 pro
947 4843 1051 4894 misili-
1072 4834 1171 4892 Gloria
1192 4833 1256 4904 tibi,
1280 4834 1372 4907 gloria
1391 4834 1456 4906 tibi,
1475 4834 1567 4906 gloria
1586 4832 1652 4902 tibi,
1675 4834 1772 4892 eadem

72 4963 129 5026 pler
153 4963 181 5011 tc
201 4969 265 5011 cum
287 4963 312 5008 te
339 4952 486 5021 pelluntur
507 4952 534 5002 et
563 4945 723 5015 patiuntur,
752 4942 836 4997 verbo
865 4945 892 4996 et
947 4933 975 4983 el
993 4929 1053 4984 ⁵0¹a
1067 4927 1203 4996 Τθθῑῑθθι
1224 4939 1288 4994 ὃθθθ
1309 4929 1337 4980 θῑ
1360 4923 1439 4980 Salus
1460 4924 1659 5026 ψθῑίθίῦθίψίθ
1681 4922 1774 5025 (lilim

71 5059 151 5115 opere
168 5041 314 5100 confortas
326 5044 353 5095 et
375 5039 517 5109 sapientes
530 5034 600 5090 iacis
613 5034 642 5088 in
658 5031 769 5102 Spiritu
784 5035 891 5085 sancto.
948 5018 1105 5073 orthodoxa
1121 5015 1175 5071 ilde
1185 5015 1305 5070 adorant
1320 5018 1347 5067 te
1358 5016 1386 5068 et
1401 5017 1530 5068 serviunt
1542 5011 1596 5067 trbr
1611 5017 1774 5069 inveritate

72 5134 122 5190 Eos
136 5146 202 5187 vero
219 5130 267 5201 qui
285 5129 339 5195 tui,
351 5134 379 5183 el
391 5140 419 5182 rc
435 5139 500 5180 vera
517 5123 750 5193 propriesernper
764 5117 894 5188 Virginis
951 5121 1041 5177 illiue
1067 5108 1095 5162 11¹
1119 5105 1212 5160 flsseffl·
1238 5102 1302 5158 5⁰¹³
1340 5102 1507 5201 intefflelfsta
1530 5106 1558 5157 θῑ
1581 5101 1775 5200 mitissima,

73 5221 171 5277 matris
184 5226 241 5274 tue
257 5216 369 5271 inimici
384 5220 410 5269 et
432 5211 562 5268 veritatis
578 5208 800 5264 calumniatores
815 5212 893 5273 sunt,
952 5196 1065 5267 pwptie
1098 5198 1210 5263 natura,
1242 5190 1305 5246 ⁸1⁰0
1336 5190 1482 5245 meldim
1504 5204 1537 5245 ³⁰
1562 5193 1701 5246 θθίθθίῑθί
1725 5187 1776 5244 ὓθί

73 5323 180 5382 semper
195 5305 360 5364 confundis.
380 5303 480 5358 Gloria
496 5300 560 5369 tibi,
578 5299 705 5354 Trinitas
725 5301 832 5364 sancta,
847 5296 896 5349 in-
952 5291 1050 5354 milei,
1076 5289 1104 5339 θῑ
1129 5288 1192 5352 post
1217 5286 1329 5350 Pastum
1355 5279 1459 5335 ilerum
1485 5293 1549 5335 ίθίθ
1573 5279 1659 5350 ίῑίθθ
1687 5282 1775 5348 θθθίθι

73 5407 174 5469 creata,
191 5395 376 5465 sempiterna,
391 5391 453 5446 sine
468 5389 564 5457 initio,
586 5386 709 5453 infinita,
730 5380 896 5439 inconverti·
949 5378 1025 5445 juva.

106 5525 116 5552 ·
130 5515 194 5570 llaec
213 5507 384 5567 Anastasius
398 5507 448 5560 aut
461 5504 522 5573 ipse
532 5500 656 5570 addidit,
669 5504 720 5554 aut
734 5512 768 5552 es
780 5495 901 5553 alterius
916 5493 1023 5552 Graecis
1039 5491 1136 5546 Latina
1148 5489 1224 5545 lecit.
1240 5489 1320 5545 Sina.
