3876 6090
432 281 564 339 PSEUDO
582 281 792 339 aldremanni
809 283 874 339 LIB-
893 284 939 339 DE
958 284 1045 343 VITIS
1063 291 1148 348 RObl.
1169 293 1269 351 PONT.
1635 303 1705 365 tibi

98 402 224 459 sollicite
236 418 269 459 ac
282 404 437 476 diligenter
449 413 526 478 gesta
536 412 691 477 martyrum
705 403 773 461 iecit
783 404 824 458 in·
836 403 863 465 Α
880 419 956 463 mum
968 409 1196 480 quidembabent
1207 418 1262 483 illi,
1273 421 1346 491 quia
1358 424 1415 481 Deo
1424 427 1568 492 aberrant,
1581 431 1703 491 etiamsi

111 496 142 546 et
160 491 261 547 scribi.
284 492 335 547 llic
349 493 554 563 scripsitdnas
572 490 823 564 epistolaslacobo
879 495 975 553 sobrie
997 500 1132 559 vixerint.
1158 506 1301 565 ndulmrii
1327 517 1420 568 antem
1445 516 1564 584 primaru
1581 520 1703 589 speciem

99 579 258 650 olymoruru
271 582 415 651 episcopo,
431 596 495 652 quae
507 582 656 639 catholicae
669 583 824 639 nominan—
879 591 969 654 vocat,
988 589 1083 645 virum
1097 595 1213 665 propria
1231 611 1318 654 uxore
1341 614 1396 656 non
1411 615 1472 658 esse
1487 611 1663 669 contentum,
1676 614 1705 664 et

96 669 241 738 tprimam
265 670 384 739 scripsit
399 671 425 725 oi
439 686 473 726 ex
491 678 629 742 praecepto
644 673 673 726 ll.
688 670 761 727 Petri
773 689 779 724 :
793 671 823 725 in
879 674 1029 732 mulierem
1043 693 1099 736 non
1114 685 1231 754 proprio
1252 690 1361 744 tantum
1376 703 1488 747 serrare
1506 694 1620 750 seviro.
1635 697 1704 751 item

97 756 213 826 delicet,
229 757 292 828 ipso
311 759 504 828 precipiente,
520 760 622 816 lacobo
638 767 736 815 narrat
749 772 824 830 qua·
878 764 1022 834 praecepit,
1039 773 1071 822 ut
1082 768 1107 824 si
1121 770 1195 827 inter
1206 787 1236 828 se
1251 775 1365 847 negotia
1378 777 1541 850 habuerint,
1558 795 1613 837 non
1628 783 1705 853 apud

97 859 139 914 ose
152 846 284 916 princeps
295 848 500 916 apostolorum,
514 863 579 903 cnm
593 847 677 903 linem
687 847 744 904 sibi
758 847 822 901 rita
877 852 1029 911 saeculares
1041 856 1218 932 judicentur,
1235 863 1283 918 sed
1309 866 1451 937 quidquid
1471 869 1548 926 inter
1570 870 1638 926 illos
1653 871 1704 939 sit,

97 947 149 990 rere
167 936 323 1005 praecutit.
341 936 434 1006 ipsum
448 937 618 993 Clementem
632 939 662 993 in
680 945 821 996 conventu
876 942 952 1009 apud
977 944 1156 1016 presbyteros
1174 950 1342 1010 dirimatur.
1365 955 1555 1014 Diaconorum
1579 958 1706 1016 oilleinm

96 1036 125 1078 ae
139 1023 272 1080 llomanae
284 1026 361 1081 sedis
372 1025 533 1096 pontificem
549 1028 703 1095 ordinarit,
721 1036 750 1085 et
764 1029 821 1086 sibi
877 1042 939 1085 esse
953 1031 1069 1090 edocuit
1082 1042 1163 1093 artus
1175 1040 1265 1097 totins
1277 1042 1410 1100 Ecclesiae
1421 1045 1576 1118 diiigenter
1591 1048 1706 1105 inresti-

96 1126 190 1171 sorem
200 1126 262 1169 esse
274 1115 436 1183 constitnit,
452 1123 480 1172 et
493 1117 518 1172 ei
531 1116 639 1187 ligandi
651 1122 680 1175 et
693 1118 821 1175 solvendi
878 1132 954 1190 pare,
965 1133 999 1178 ac
1008 1122 1133 1205 sollicite
1145 1129 1344 1187 considerare:
1360 1138 1401 1202 ut,
1414 1133 1439 1189 si
1448 1135 1565 1206 quidem
1576 1136 1704 1195 vicinum

96 1207 164 1258 item
177 1216 193 1258 a
208 1203 329 1259 Domino
346 1203 403 1260 sibi
424 1205 558 1262 traditam
572 1207 708 1264 tradidit:
738 1209 777 1264 ita
791 1214 824 1265 ut
880 1209 940 1264 beri
964 1213 1135 1286 precipitio,
1164 1224 1190 1273 et
1216 1221 1377 1290 proximum
1390 1236 1451 1280 esse
1475 1232 1590 1294 peccato
1609 1240 1708 1298 quem·

102 1289 249 1361 omnibus,
263 1292 371 1362 quibus
384 1293 445 1364 ipse
457 1294 615 1352 decreverit
630 1296 660 1351 in
672 1297 767 1367 terris,
778 1298 824 1353 de
879 1296 950 1354 libet
960 1300 1094 1371 viderint,
1108 1305 1242 1378 episcopo
1252 1310 1448 1382 notificentur,
1464 1319 1495 1371 ut
1507 1313 1543 1369 ab
1553 1328 1596 1384 eo,
1608 1315 1659 1385 qul
1673 1315 1703 1371 in

96 1393 105 1435 ι
120 1378 160 1436 sit
176 1384 204 1436 et
216 1380 245 1435 in
257 1380 347 1437 coelis.
361 1384 494 1454 litquare
508 1384 592 1440 talem
604 1398 638 1440 ac
653 1391 760 1441 tantam
776 1399 823 1456 po
880 1389 1072 1459 precipitium
1082 1392 1218 1463 lapsurus
1230 1404 1282 1468 est,
1296 1402 1489 1458 commonitus
1502 1409 1657 1474 revocetur,
1672 1410 1705 1460 ut

95 1481 126 1524 :m
141 1468 170 1524 ei
185 1469 362 1538 tradidisset,
374 1471 511 1528 continuo
522 1471 689 1542 subjunxit:
703 1476 747 1528 lta
757 1475 825 1542 tipu-
878 1488 933 1531 nou
949 1487 1066 1537 corruat
1077 1486 1106 1538 tn
1120 1491 1265 1553 peccatum
1278 1485 1355 1557 (dist.
1373 1487 1417 1558 93,
1433 1504 1462 1546 c.
1479 1493 1611 1565 Μαιοιιι).
1624 1493 1703 1564 ltem,

95 1558 126 1611 'rra
145 1573 207 1626 que
232 1558 314 1625 lipari
333 1565 446 1629 oportet,
476 1565 501 1615 rt
524 1562 607 1616 sulcet
629 1578 689 1632 quar
714 1562 823 1633 expedit
878 1571 910 1620 nt
926 1566 1101 1641 negligentes
1116 1579 1144 1628 ct
1159 1575 1256 1631 tardos
1270 1578 1304 1633 ad
1318 1576 1435 1635 verbum
1450 1580 1500 1636 bei
1515 1581 1703 1649 audiendum,

98 1650 232 1716 tunquam
261 1650 310 1716 qui
330 1649 368 1702 cd
392 1650 527 1718 ltquiuum
551 1652 678 1706 Ecclesia
699 1656 823 1721 reputem
877 1655 911 1710 ad
938 1656 1066 1729 episcopi
1093 1666 1244 1719 tractatum
1268 1667 1421 1723 convenire
1452 1675 1650 1727 commoneant
1677 1675 1705 1726 et

95 1740 109 1792 t.
130 1738 161 1792 ln
181 1750 238 1808 quo
258 1741 414 1796 notandum
437 1755 500 1797 esse
522 1756 577 1799 non
600 1742 713 1813 dubito,
736 1745 822 1817 illud,
839 1731 1039 1803 Boonontur.
1054 1748 1197 1806 Similiter
1210 1757 1239 1808 et
1257 1766 1315 1825 eos,
1336 1755 1387 1825 qni
1410 1757 1568 1812 secundnm
1589 1769 1704 1814 carnem

94 1825 821 1907 milibetepiscopusecclesiasticeregulaeignarns,
877 1837 1161 1905 aegrotantsollicite
1172 1842 1706 1915 perquirant,etplebiindicentnr,nt

94 1914 288 1973 tlibetiraeaut
296 1919 467 1988 cupiditatis
477 1923 820 1981 commotioneinductns.
877 1929 905 1978 et
919 1923 974 1993 ipsi
990 1938 1039 1982 eos
1051 1926 1179 1994 visitent,
1194 1936 1294 2002 etqnae
1307 1933 1468 1989 necessaria
1479 1939 1548 1989 sunt
1560 1934 1704 2004 prebeant

94 2017 128 2075 er,
142 2018 226 2074 quam
239 2012 378 2076 oporteat,
394 2008 498 2081 ligabit
512 2017 562 2065 ant
576 2011 666 2068 solvet
679 2012 708 2068 in
724 2013 820 2083 terris,
876 2015 934 2070 eis:
949 2020 978 2070 et
991 2014 1027 2069 de
1036 2015 1172 2074 omnibus
1182 2018 1228 2074 bis
1238 2019 1397 2090 similibus,
1410 2035 1474 2093 que
1486 2021 1520 2078 ad
1534 2021 1644 2078 cultum
1655 2024 1704 2080 Ec·

94 2090 186 2151 aiore
198 2094 228 2169 in
247 2097 338 2152 culis.
877 2103 1008 2160 clesiaeet
1018 2102 1203 2176 disciplinam
1218 2108 1281 2177 ejus
1293 2110 1448 2180 pertinent,
1461 2110 1594 2167 diaconis
1604 2124 1703 2167 curam

94 2188 136 2239 rat
159 2182 245 2239 etiam
272 2185 301 2240 in
316 2186 412 2242 eadem
436 2188 569 2257 epistola,
597 2191 672 2261 quod
689 2190 822 2261 princeps
876 2192 978 2249 debere
991 2207 1053 2250 esse
1067 2194 1208 2251 institnit.

94 2269 189 2327 lorum
205 2286 300 2329 coram
316 2275 451 2332 omnibns
463 2291 528 2333 enm
543 2279 730 2351 commonuit,
748 2293 822 2351 qua·
912 2282 1013 2338 laicos
1023 2296 1088 2338 vero
1104 2283 1132 2340 id
1148 2284 1280 2357 obsequii
1296 2295 1430 2357 prestare
1442 2290 1544 2349 debere
1557 2292 1702 2362 episcopis

93 2359 208 2415 udinem
232 2362 433 2419 ecclesiastice
454 2365 690 2436 dispensationis,
711 2374 768 2423 tam
791 2369 820 2424 iu
878 2371 1020 2444 institnit,
1045 2378 1078 2428 ut
1097 2373 1126 2429 in
1152 2374 1199 2430 bis
1217 2390 1281 2446 qne
1295 2376 1329 2431 ad
1354 2381 1515 2437 communis
1529 2381 1595 2437 ritae
1617 2395 1700 2438 nsum

103 2462 188 2520 quam
204 2450 234 2505 in
253 2453 364 2507 caeteris
383 2452 440 2508 sibi
465 2453 613 2524 subjectis,
629 2470 740 2512 serrare
756 2470 822 2513 euro
880 2460 1032 2533 pertinent,
1057 2475 1170 2533 operam
1196 2464 1320 2521 fideliter
1345 2467 1456 2538 dantes,
1478 2470 1644 2540 episcopum
1667 2484 1702 2527 ex

93 2539 824 2614 at;itaridelicet,utipsnmirreprehensibilitervi·
879 2547 1014 2604 omnibns
1037 2549 1145 2620 quibus
1167 2564 1231 2608 eum
1246 2567 1346 2610 vacare
1360 2562 1482 2628 oportet,
1509 2571 1641 2615 securum
1656 2556 1704 2613 ia-

93 2633 209 2699 porteat,
221 2636 249 2684 et
259 2630 339 2686 nulla
350 2632 623 2706 mundialisnegotii
635 2634 823 2705 occupatione
879 2649 943 2693 cere
953 2650 1051 2694 omnes
1065 2641 1257 2698 communiter
1269 2642 1423 2700 elaborent.
1437 2646 1479 2703 lid
1501 2645 1560 2703 baec
1573 2647 1702 2705 omnium

93 2732 151 2776 :xus
172 2719 344 2788 inveniatur,
362 2721 431 2792 quia
455 2722 554 2779 nullus
570 2724 723 2794 episcopus
734 2724 823 2793 ludex
880 2723 934 2780 sub
947 2725 1146 2795 episcoporum
1162 2729 1405 2801 curadegentium
1422 2734 1610 2789 necessariam
1626 2732 1706 2791 eolli-

92 2811 186 2884 pultor
198 2824 260 2867 esse
269 2811 452 2868 secularium
464 2813 643 2883 negotiorum
657 2812 820 2882 ordinatur,
877 2811 1036 2869 citudinem
1046 2813 1149 2871 debere
1161 2829 1223 2871 esse
1233 2816 1319 2890 dixit,
1335 2822 1367 2875 ut
1380 2816 1416 2874 ab
1429 2819 1559 2876 amicitia
1573 2824 1602 2875 et
1618 2820 1705 2878 collo

92 2899 247 2959 mutibus
279 2900 427 2956 bominum
453 2902 534 2957 euris
568 2900 738 2972 prelocutus
764 2915 821 2958 non
878 2900 957 2971 quio,
976 2903 1310 2962 etomnicommunione
1323 2906 1452 2963 omniurn
1465 2920 1564 2964 eorum
1580 2922 1611 2965 se
1631 2908 1705 2965 sub-

97 2988 183 3047 rerbo
195 2989 244 3044 Dei
262 3002 371 3060 vacare,
390 2996 418 3045 et
430 2988 520 3046 bonos
536 3004 553 3046 a
568 2989 652 3046 malis
663 2989 820 3047 secundum
877 2988 980 3061 trabat,
993 2990 1101 3061 quibus
1113 2993 1279 3062 episcopum
1292 2994 1438 3050 inimicari
1451 3010 1502 3066 pro
1514 2996 1629 3054 actibus
1641 2978 1704 3054 suis

92 3093 125 3137 ιιι
149 3078 279 3135 veritatis
302 3078 484 3149 discernere,
512 3080 581 3150 unia
604 3081 648 3137 sic
667 3080 742 3135 idern
759 3079 820 3150 ipse
837 3061 1012 3146 Criderinr,
1038 3093 1087 3135 nec
1112 3086 1276 3150 exspectare
1301 3081 1404 3138 debent
1426 3089 1461 3139 ut
1482 3085 1635 3154 episcopus
1660 3085 1704 3141 eis

91 3184 131 3240 ips
142 3167 334 3240 apostolorum
350 3168 486 3225 omnibus
497 3170 641 3239 episcopis
657 3170 685 3224 in
700 3181 819 3240 persona
874 3167 961 3223 dicat.
975 3167 1045 3224 Nam
1057 3169 1158 3240 siquis
1174 3168 1384 3226 amicnslnerit
1404 3171 1460 3242 bis,
1479 3171 1706 3243 quibusepisco.

91 3258 150 3317 ntia
161 3259 246 3329 paulo
260 3256 424 3315 interiusdi
435 3258 485 3314 :itz
504 3258 535 3312 si
546 3265 617 3312 enim
630 3259 819 3313 mundialibus
875 3269 929 3325 pus
944 3269 999 3313 non
1015 3255 1156 3329 loquitur,
1174 3271 1250 3315 unns
1264 3261 1350 3315 estex
1364 3259 1425 3316 illis
1439 3259 1490 3330 qui
1510 3259 1703 3316 exterminare

91 3350 169 3405 beris
179 3353 334 3418 occupatus,
348 3353 374 3401 ct
388 3352 412 3401 te
430 3350 519 3417 ipsum
533 3348 659 3418 decipies,
674 3353 703 3402 et
716 3348 820 3417 eosqui
874 3347 1028 3403 Ecclesiam
1043 3347 1094 3402 Dei
1107 3346 1216 3414 volunt,
1241 3355 1270 3404 et
1292 3348 1414 3418 nequior
1430 3348 1522 3404 bostis
1542 3353 1596 3421 cat,
1615 3363 1701 3420 quam

91 3439 160 3493 nort.
180 3438 242 3493 Nou
256 3440 328 3492 enim
339 3439 451 3507 potoris.
466 3453 525 3506 quar
546 3438 584 3491 ud
604 3439 720 3493 sulutem
727 3439 821 3508 perti-
875 3436 920 3491 illi
930 3435 980 3507 qui
994 3433 1067 3492 ioris
1079 3443 1155 3505 sunt,
1167 3442 1196 3492 ct
1207 3435 1353 3492 evidenter
1366 3440 1435 3493 sunt
1447 3436 1578 3493 inimici:
1596 3438 1665 3510 quia
1675 3438 1702 3493 is

91 3527 191 3595 plenius
203 3526 319 3594 stupetis
336 3527 488 3595 quinamque
502 3526 689 3594 distinpuere:
705 3531 731 3580 et
747 3542 781 3581 cn
791 3543 820 3581 eo
876 3538 925 3594 per
936 3525 1273 3596 amicitiarumspeciem,
1285 3532 1424 3597 qnesunt
1433 3526 1562 3589 inimica,
1576 3525 1659 3599 gerit,
1673 3531 1701 3583 et

91 3620 126 3681 lat,
147 3620 279 3685 tuaquom
300 3630 355 3669 non
371 3615 493 3669 docueris
514 3631 546 3669 eo
570 3615 682 3685 qumod
700 3616 820 3677 ,salutent
874 3614 1025 3671 ecclesiam
1050 3615 1247 3685 disperditae
1280 3620 1381 3671 vastat.
1406 3618 1475 3672 Item
1497 3614 1532 3686 (6,
1565 3629 1593 3687 p,
1625 3611 1650 3686 l,
1673 3629 1699 3671 c.

90 3720 133 3761 ten
149 3706 298 3775 mutuent,
320 3704 476 3773 deportaris,
496 3708 522 3758 et
539 3703 670 3774 discipuli
677 3720 729 3774 per
745 3706 821 3773 inno·
874 3703 906 3756 Β.
920 3702 1014 3777 Pete),
1032 3703 1170 3760 incudem
1183 3703 1304 3774 epistola
1320 3703 1436 3761 intimat
1446 3704 1559 3776 iacebo,
1574 3703 1699 3776 qualiter

90 3810 117 3851 ιιι
133 3798 262 3867 meant.
293 3795 361 3848 item
384 3791 454 3849 reiet
473 3791 526 3862 (13,
550 3810 577 3864 q.
599 3791 626 3857 3,
647 3808 672 3849 c.
696 3793 820 3859 Quicum·
876 3791 1009 3864 princeps
1031 3792 1227 3863 apostolorum
1249 3792 1448 3867 persingulas
1467 3807 1595 3864 quasque
1617 3791 1702 3850 urbes

90 3884 204 3942 umdem
228 3883 386 3954 principem
404 3883 599 3953 apostolorum
620 3884 655 3938 de
676 3882 820 3954 episcopis
874 3881 1040 3954 digrediens
1061 3881 1145 3938 uerbo
1161 3882 1211 3937 Dei
1228 3882 1436 3939 omnesiideles
1451 3883 1600 3939 instruxit.
1626 3884 1703 3939 luter

90 3972 201 4031 tuisse:
222 3975 315 4042 ipsum
333 3974 382 4041 pul
395 3977 496 4041 preest
516 3973 628 4041 ceteris,
650 3977 752 4041 opomet
764 3988 819 4026 mc·
875 3977 975 4028 caetera
992 3970 1087 4042 reiert,
1106 3985 1171 4027 eum
1187 3972 1349 4029 homicidas
1367 3978 1395 4028 et
1408 3971 1566 4040 adulteros,
1581 3985 1615 4028 ac
1626 3985 1703 4029 cun-

90 4064 153 4117 icem
171 4077 260 4132 apere,
274 4067 299 4116 rt
314 4077 368 4114 non
392 4063 459 4128 sorar
478 4060 567 4114 bestia
588 4062 683 4127 lurore
701 4076 819 4115 commo-
874 4060 1093 4117 ctiscriminnm
1105 4060 1227 4116 nexibus
1236 4061 1379 4132 alligatos,
1392 4065 1421 4116 et
1431 4061 1481 4132 qui
1492 4061 1536 4118 eis
1543 4061 1702 4132 coaequales

90 4155 146 4207 tem
169 4151 200 4207 in
215 4150 313 4206 eadem
335 4150 378 4205 sic
392 4151 522 4206 eumdem
542 4149 713 4205 Clementem
729 4149 821 4205 insti·
876 4163 930 4206 non
946 4156 1024 4219 suut,
1038 4149 1075 4205 ab
1087 4150 1286 4220 episcoporum
1311 4149 1459 4205 vexatione
1473 4155 1501 4205 et
1518 4149 1702 4206 accusatione

91 4239 124 4296 sr·
141 4242 262 4294 remulci
282 4256 316 4294 or
332 4240 469 4306 fratribus
480 4243 593 4308 propter
606 4240 723 4307 riporrm
736 4239 820 4307 justi·
876 4239 1068 4310 prohibuisse.
1082 4236 1292 4307 ltemasseruit,
1309 4239 1431 4307 maiores
1442 4250 1458 4292 a
1470 4236 1699 4293 minoribusnul·

89 4328 124 4385 lie
143 4329 298 4399 habuerint,
314 4345 348 4383 eu
368 4329 415 4383 lroc
434 4328 543 4397 quidem
561 4344 616 4382 non
639 4329 757 4390 laederis,
773 4329 821 4383 scd
875 4326 989 4384 latenas
999 4340 1081 4397 posse
1089 4325 1230 4387 accusari,
1240 4329 1291 4380 aut
1297 4323 1434 4394 judicari.
1455 4324 1592 4394 Praecepit
1601 4325 1697 4393 etiam,

89 4419 288 4479 immodicum
307 4434 383 4473 umor
396 4420 445 4472 liri
459 4418 621 4471 condiretur
633 4418 701 4472 tibi:
721 4422 746 4472 et
760 4417 819 4472 ideo
834 4434 861 4495 D
876 4417 996 4473 nenllns
1011 4415 1157 4487 presbyter
1169 4415 1198 4470 in
1214 4413 1339 4483 alicujus
1352 4412 1479 4482 episcopi
1494 4411 1628 4482 parocbia
1640 4411 1700 4467 ali·
1806 4458 1819 4483 s

97 4510 197 4578 napo,
219 4513 244 4561 et
262 4510 367 4575 rcfupe,
386 4507 554 4561 uetouderis
571 4506 820 4575 ultramarinum
876 4507 946 4578 quid
955 4505 1134 4577 agatabsqne
1146 4504 1210 4573 ejus
1218 4502 1371 4572 permissu,
1382 4498 1700 4571 sedomnespresbyteri

88 4599 155 4653 rane
186 4597 329 4664 opentlbus
355 4596 492 4663 diripiaris,
519 4596 567 4649 sed
593 4597 685 4666 potius
707 4599 820 4665 propter
875 4589 1446 4665 propriisepiscopisinomnibusabsque
1462 4587 1698 4645 moraobediant.

88 4687 354 4757 edispcnsotionem,
367 4691 392 4740 et
410 4686 593 4755 aequissimum
606 4687 728 4753 reputem
740 4685 820 4739 disci·
909 4682 1095 4753 Praecipiebat
1111 4680 1196 4736 etiam
1213 4679 1243 4735 in
1259 4693 1388 4735 sermone
1404 4689 1456 4734 ano
1473 4677 1546 4734 idem
1561 4676 1718 4748 apoaotlm'

94 4775 227 4832 ocbmeto
238 4775 392 4830 collaudari
404 4776 542 4828 murrinis.
875 4786 937 4829 rum
958 4772 1100 4842 princeps,
1117 4775 1150 4826 ut
1163 4781 1261 4825 omnes
1281 4768 1426 4838 principes
1443 4773 1534 4837 terre,
1555 4772 1584 4823 et
1601 4766 1699 4824 cunuti

88 4862 212 4936 tbyteros
223 4870 318 4920 autern
335 4864 379 4919 sic
401 4877 431 4919 se
445 4863 547 4918 babere
560 4863 694 4934 praecepit
711 4860 765 4934 (33,
788 4879 816 4935 q.
875 4858 1156 4929 bominesepiacopis
1170 4855 1328 4925 obedirent,
1339 4855 1471 4926 etcapita
1482 4869 1534 4912 sua
1545 4853 1702 4911 submitte-

88 4952 161 5020 outd
181 4956 211 5008 in
231 4954 378 5021 omnibus),
396 4959 428 5009 ut
450 4958 515 5008 ante
536 4953 632 5008 omnia
648 4951 818 5022 pudicitiam
876 4959 947 5018 rent,
963 4956 1001 5021 et,
1023 4950 1049 5005 si
1066 4949 1122 5018 ipsi
1143 4945 1270 5017 episcopi
1294 4944 1389 5000 aliter.
1406 4944 1481 5015 quod
1506 4942 1592 5016 absit,
1615 4957 1700 5014 quam

87 5056 135 5101 rae
148 5056 235 5114 quam
248 5044 277 5098 iu
291 5042 418 5099 subditis
431 5056 543 5101 serrare
557 5041 701 5108 studeant,
721 5048 747 5098 et
768 5055 820 5098 oa-
874 5040 1005 5110 debeam,
1026 5044 1121 5110 agant,
1141 5049 1196 5092 non
1216 5041 1314 5092 sunta
1332 5032 1460 5089 subditis
1474 5031 1700 5102 reprehendendi

97 5136 126 5189 et
138 5132 323 5203 praeveniant,
340 5146 375 5187 ne
390 5130 465 5202 quod
482 5131 511 5185 in
526 5130 600 5200 ipsis
613 5130 751 5187 adulterii
768 5145 820 5187 oc·
874 5136 925 5186 aut
936 5127 1087 5200 arguendi,
1106 5125 1153 5182 sed
1176 5123 1319 5196 portandi,
1343 5121 1401 5178 nisi
1423 5121 1453 5177 in
1475 5120 1530 5178 ide
1542 5119 1700 5178 erraverint

87 5221 425 5280 ooalescatimenuium:
438 5220 819 5291 quininomnibuspeccntis
876 5218 913 5289 (3,
928 5234 955 5290 q.
977 5213 1005 5286 7,
1024 5230 1048 5272 c.
1065 5215 1245 5283 Sacerdotes).
1267 5212 1372 5268 Omnes
1392 5211 1537 5282 episcopis
1550 5206 1698 5266 contradi·

87 5313 168 5369 aulus
182 5322 198 5353 ⁸
213 5352 220 5379 ,
234 5310 378 5366 adulterio
390 5324 452 5366 esse
462 5309 544 5365 dicit.
559 5310 718 5366 Secundum
734 5323 817 5365 nam·
873 5315 969 5365 centes
979 5305 1099 5363 infames
1108 5318 1170 5361 esse
1183 5301 1368 5371 monstrabat,
1382 5306 1419 5372 et,
1436 5301 1494 5357 nisi
1507 5300 1699 5355 converteren-

87 5416 157 5460 cum
169 5401 199 5456 in
211 5398 443 5470 poenisobtinere
458 5404 589 5469 testatur,
605 5399 740 5470 quoniam
755 5400 819 5469 pri·
874 5406 932 5468 tnr,
946 5412 962 5454 a
984 5395 1138 5454 liminibus
1155 5392 1290 5450 Ecclesiae
1310 5390 1421 5450 alienos
1440 5401 1502 5444 esse
1515 5380 1699 5455 precipiebat

86 5507 164 5565 Nlbil
182 5506 300 5578 gravius
311 5506 386 5562 inter
399 5512 522 5577 peccata,
541 5512 640 5562 contra
656 5505 817 5576 proximum
874 5507 903 5564 ln
920 5519 1031 5581 genere.
1046 5523 1060 5556 ιι
1075 5505 1108 5559 D.
1124 5504 1212 5558 Tuon.
1230 5496 1295 5572 3-3,
1309 5514 1336 5570 q.
1349 5495 1395 5569 73,
1414 5497 1468 5551 art
1487 5489 1513 5547 3.
1533 5490 1606 5561 ling.
1622 5488 1698 5544 Ban-

86 5593 103 5637 u
117 5580 266 5636 corrector.
283 5578 329 5635 ud.
342 5578 384 5649 d.,
397 5592 422 5634 c.
440 5578 512 5644 Quid
522 5580 550 5632 in
560 5578 692 5633 mnibus.
