<?xml version="1.0" encoding="UTF-8"?>
<!DOCTYPE html PUBLIC "-//W3C//DTD XHTML 1.0 Transitional//EN"
    "http://www.w3.org/TR/xhtml1/DTD/xhtml1-transitional.dtd">
<html xmlns="http://www.w3.org/1999/xhtml" xml:lang="en" lang="en">
 <head>
  <title>
</title>
<meta http-equiv="Content-Type" content="text/html;charset=utf-8" />
  <meta name='ocr-system' content='tesseract 3.04.00' />
  <meta name='ocr-capabilities' content='ocr_page ocr_carea ocr_par ocr_line ocrx_word'/>
</head>
<body>
  <div class='ocr_page' id='page_1' title='image "./patrologiaecurs06migngoog_0377.png"; bbox 0 0 3876 6090; ppageno 0'>
   <div class='ocr_carea' id='block_1_1' title="bbox 697 256 1356 328">
    <p class='ocr_par' dir='ltr' id='par_1_1' title="bbox 697 256 1356 328">
     <span class='ocr_line' id='line_1_1' title="bbox 697 256 1356 328; baseline 0.003 -17"><span class='ocrx_word' id='word_1_1' title='bbox 697 256 949 328; x_wconf 83' lang='lat' dir='ltr'>ENCIIEIIBEIITI,</span> <span class='ocrx_word' id='word_1_2' title='bbox 968 256 1183 314; x_wconf 76' lang='lat' dir='ltr'>CASSINENSIS</span> <span class='ocrx_word' id='word_1_3' title='bbox 1201 257 1356 314; x_wconf 76' lang='lat' dir='ltr'>MONACHI</span> 
     </span>
    </p>
   </div>
   <div class='ocr_carea' id='block_1_2' title="bbox 932 477 1118 547">
    <p class='ocr_par' dir='ltr' id='par_1_2' title="bbox 932 477 1118 547">
     <span class='ocr_line' id='line_1_2' title="bbox 932 477 1118 547; baseline 0.005 -2"><span class='ocrx_word' id='word_1_4' title='bbox 932 477 1118 547; x_wconf 83' lang='lat' dir='ltr'>INCIPIT</span> 
     </span>
    </p>
   </div>
   <div class='ocr_carea' id='block_1_3' title="bbox 418 613 1646 744">
    <p class='ocr_par' dir='ltr' id='par_1_3' title="bbox 418 613 1646 744">
     <span class='ocr_line' id='line_1_3' title="bbox 418 613 1646 744; baseline -0.002 -2"><span class='ocrx_word' id='word_1_5' title='bbox 418 616 655 743; x_wconf 86' lang='lat' dir='ltr'><strong>ittttttt</strong></span> <span class='ocrx_word' id='word_1_6' title='bbox 697 615 956 741; x_wconf 84' lang='lat' dir='ltr'><strong>tilttlttt</strong></span> <span class='ocrx_word' id='word_1_7' title='bbox 1000 616 1035 744; x_wconf 84' lang='lat' dir='ltr'><strong>l.</strong></span> <span class='ocrx_word' id='word_1_8' title='bbox 1077 617 1120 743; x_wconf 89' lang='lat' dir='ltr'><strong>tt.</strong></span> <span class='ocrx_word' id='word_1_9' title='bbox 1166 617 1205 743; x_wconf 88' lang='lat' dir='ltr'><strong>I.</strong></span> <span class='ocrx_word' id='word_1_10' title='bbox 1244 613 1646 741; x_wconf 86' lang='lat' dir='ltr'><strong>tttlttttltlttt</strong></span> 
     </span>
    </p>
   </div>
   <div class='ocr_carea' id='block_1_4' title="bbox 557 801 1501 860">
    <p class='ocr_par' dir='ltr' id='par_1_4' title="bbox 557 801 1501 860">
     <span class='ocr_line' id='line_1_4' title="bbox 557 801 1501 860; baseline -0.001 -1"><span class='ocrx_word' id='word_1_11' title='bbox 557 805 593 859; x_wconf 87' lang='lat' dir='ltr'><strong>IN</strong></span> <span class='ocrx_word' id='word_1_12' title='bbox 612 801 805 859; x_wconf 77' lang='lat' dir='ltr'><strong>Pnsstoriuu</strong></span> <span class='ocrx_word' id='word_1_13' title='bbox 823 802 1032 860; x_wconf 75' lang='lat' dir='ltr'>SANCTORUII</span> <span class='ocrx_word' id='word_1_14' title='bbox 1050 804 1076 857; x_wconf 84' lang='lat' dir='ltr'><strong>ll</strong></span> <span class='ocrx_word' id='word_1_15' title='bbox 1096 802 1157 858; x_wconf 87' lang='lat' dir='ltr'><strong>CCC</strong></span> <span class='ocrx_word' id='word_1_16' title='bbox 1176 802 1281 859; x_wconf 76' lang='lat' dir='ltr'>LXXX</span> <span class='ocrx_word' id='word_1_17' title='bbox 1299 802 1501 859; x_wconf 80' lang='lat' dir='ltr'><strong>nnuntuuu.</strong></span> 
     </span>
    </p>
   </div>
   <div class='ocr_carea' id='block_1_5' title="bbox 840 1003 1221 1066">
    <p class='ocr_par' dir='ltr' id='par_1_5' title="bbox 840 1003 1221 1066">
     <span class='ocr_line' id='line_1_5' title="bbox 840 1003 1221 1066; baseline 0 -13"><span class='ocrx_word' id='word_1_18' title='bbox 840 1005 926 1066; x_wconf 78' lang='lat' dir='ltr'><strong>(Apud</strong></span> <span class='ocrx_word' id='word_1_19' title='bbox 945 1003 1073 1064; x_wconf 87' lang='lat' dir='ltr'><strong>Bolland.,</strong></span> <span class='ocrx_word' id='word_1_20' title='bbox 1087 1005 1117 1053; x_wconf 77' lang='lat'><strong>22</strong></span> <span class='ocrx_word' id='word_1_21' title='bbox 1128 1004 1221 1066; x_wconf 79' lang='lat' dir='ltr'><strong>lunii.)</strong></span> 
     </span>
    </p>
   </div>
   <div class='ocr_carea' id='block_1_6' title="bbox 180 1196 1894 2067">
    <p class='ocr_par' dir='ltr' id='par_1_6' title="bbox 180 1196 1890 1450">
     <span class='ocr_line' id='line_1_6' title="bbox 215 1196 1890 1274; baseline -0.001 -17"><span class='ocrx_word' id='word_1_22' title='bbox 215 1203 306 1257; x_wconf 81' lang='lat' dir='ltr'><strong>Penne</strong></span> <span class='ocrx_word' id='word_1_23' title='bbox 320 1201 434 1273; x_wconf 82' lang='lat' dir='ltr'><strong>egregie</strong></span> <span class='ocrx_word' id='word_1_24' title='bbox 453 1202 586 1274; x_wconf 90' lang='lat' dir='ltr'><strong>episcope</strong></span> <span class='ocrx_word' id='word_1_25' title='bbox 605 1207 710 1259; x_wconf 82' lang='lat' dir='ltr'><strong>sancte</strong></span> <span class='ocrx_word' id='word_1_26' title='bbox 728 1202 898 1259; x_wconf 83' lang='lat' dir='ltr'><strong>Gaviuensis</strong></span> <span class='ocrx_word' id='word_1_27' title='bbox 910 1201 1011 1258; x_wconf 85' lang='lat' dir='ltr'><strong>Eccte-</strong></span> <span class='ocrx_word' id='word_1_28' title='bbox 1022 1203 1053 1263; x_wconf 85' lang='lat' dir='ltr'><strong>A</strong></span> <span class='ocrx_word' id='word_1_29' title='bbox 1065 1207 1112 1258; x_wconf 92' lang='lat' dir='ltr'><strong>tus</strong></span> <span class='ocrx_word' id='word_1_30' title='bbox 1126 1202 1247 1273; x_wconf 81' lang='lat' dir='ltr'>explevi,</span> <span class='ocrx_word' id='word_1_31' title='bbox 1260 1201 1367 1257; x_wconf 88' lang='lat' dir='ltr'><strong>malens</strong></span> <span class='ocrx_word' id='word_1_32' title='bbox 1382 1196 1575 1272; x_wconf 79' lang='lat' dir='ltr'><strong>penes&#39;doctes</strong></span> <span class='ocrx_word' id='word_1_33' title='bbox 1588 1202 1623 1258; x_wconf 90' lang='lat' dir='ltr'><strong>de</strong></span> <span class='ocrx_word' id='word_1_34' title='bbox 1634 1201 1791 1258; x_wconf 78' lang='lat' dir='ltr'><strong>inscientia</strong></span> <span class='ocrx_word' id='word_1_35' title='bbox 1801 1213 1890 1271; x_wconf 84' lang='lat' dir='ltr'><strong>repre</strong></span> 
     </span>
     <span class='ocr_line' id='line_1_7' title="bbox 180 1286 1890 1362; baseline -0.002 -16"><span class='ocrx_word' id='word_1_36' title='bbox 180 1290 241 1362; x_wconf 80' lang='lat' dir='ltr'><strong>sia,</strong></span> <span class='ocrx_word' id='word_1_37' title='bbox 256 1290 428 1345; x_wconf 76' lang='lat' dir='ltr'><strong>Aunsrnsrus</strong></span> <span class='ocrx_word' id='word_1_38' title='bbox 448 1305 566 1347; x_wconf 78' lang='lat' dir='ltr'><strong>summe</strong></span> <span class='ocrx_word' id='word_1_39' title='bbox 584 1297 613 1346; x_wconf 89' lang='lat' dir='ltr'><strong>ct</strong></span> <span class='ocrx_word' id='word_1_40' title='bbox 628 1291 792 1360; x_wconf 84' lang='lat' dir='ltr'><strong>apostolica</strong></span> <span class='ocrx_word' id='word_1_41' title='bbox 813 1290 946 1347; x_wconf 79' lang='lat' dir='ltr'><strong>Ecclesia</strong></span> <span class='ocrx_word' id='word_1_42' title='bbox 961 1291 1011 1346; x_wconf 89' lang='lat' dir='ltr'><strong>bi·</strong></span> <span class='ocrx_word' id='word_1_43' title='bbox 1066 1286 1162 1360; x_wconf 86' lang='lat' dir='ltr'><strong>nendi,</strong></span> <span class='ocrx_word' id='word_1_44' title='bbox 1174 1304 1258 1361; x_wconf 92' lang='lat' dir='ltr'><strong>quam</strong></span> <span class='ocrx_word' id='word_1_45' title='bbox 1269 1291 1343 1360; x_wconf 86' lang='lat' dir='ltr'><strong>apud</strong></span> <span class='ocrx_word' id='word_1_46' title='bbox 1358 1291 1556 1361; x_wconf 71' lang='lat' dir='ltr'><strong>paternitatem</strong></span> <span class='ocrx_word' id='word_1_47' title='bbox 1572 1294 1650 1346; x_wconf 89' lang='lat' dir='ltr'><strong>tuam</strong></span> <span class='ocrx_word' id='word_1_48' title='bbox 1662 1304 1714 1360; x_wconf 95' lang='lat' dir='ltr'><strong>pre</strong></span> <span class='ocrx_word' id='word_1_49' title='bbox 1725 1289 1890 1346; x_wconf 87' lang='lat' dir='ltr'><strong>inobedien-</strong></span> 
     </span>
     <span class='ocr_line' id='line_1_8' title="bbox 180 1378 1890 1450; baseline 0 -16"><span class='ocrx_word' id='word_1_50' title='bbox 180 1378 398 1449; x_wconf 89' lang='lat' dir='ltr'><strong>blietbecarius,</strong></span> <span class='ocrx_word' id='word_1_51' title='bbox 420 1379 606 1448; x_wconf 88' lang='lat' dir='ltr'><strong>apostolicam</strong></span> <span class='ocrx_word' id='word_1_52' title='bbox 628 1380 759 1436; x_wconf 89' lang='lat' dir='ltr'><strong>salutem.</strong></span> <span class='ocrx_word' id='word_1_53' title='bbox 1065 1378 1409 1448; x_wconf 82' lang='lat' dir='ltr'><strong>tiaculpabitisextriberi</strong></span> <span class='ocrx_word' id='word_1_54' title='bbox 1422 1396 1428 1432; x_wconf 95' lang='lat'><strong>:</strong></span> <span class='ocrx_word' id='word_1_55' title='bbox 1441 1378 1683 1450; x_wconf 76' lang='lat' dir='ltr'><strong>prasertimcum</strong></span> <span class='ocrx_word' id='word_1_56' title='bbox 1694 1378 1890 1434; x_wconf 84' lang='lat' dir='ltr'><strong>sauctitastua</strong></span> 
     </span>
    </p>

    <p class='ocr_par' dir='ltr' id='par_1_7' title="bbox 180 1466 1894 2067">
     <span class='ocr_line' id='line_1_9' title="bbox 215 1466 1890 1539; baseline -0.001 -17"><span class='ocrx_word' id='word_1_57' title='bbox 215 1468 283 1525; x_wconf 88' lang='lat' dir='ltr'><strong>Post</strong></span> <span class='ocrx_word' id='word_1_58' title='bbox 297 1468 464 1524; x_wconf 74' lang='lat' dir='ltr'><strong>translatam</strong></span> <span class='ocrx_word' id='word_1_59' title='bbox 477 1480 545 1524; x_wconf 86' lang='lat' dir='ltr'><strong>ame</strong></span> <span class='ocrx_word' id='word_1_60' title='bbox 557 1468 591 1524; x_wconf 88' lang='lat' dir='ltr'><strong>ad</strong></span> <span class='ocrx_word' id='word_1_61' title='bbox 605 1469 770 1539; x_wconf 83' lang='lat' dir='ltr'><strong>petitionem</strong></span> <span class='ocrx_word' id='word_1_62' title='bbox 784 1468 1011 1523; x_wconf 86' lang='lat' dir='ltr'><strong>sanctitatistuae</strong></span> <span class='ocrx_word' id='word_1_63' title='bbox 1067 1467 1097 1521; x_wconf 91' lang='lat' dir='ltr'><strong>in</strong></span> <span class='ocrx_word' id='word_1_64' title='bbox 1112 1480 1207 1522; x_wconf 89' lang='lat' dir='ltr'><strong>amere</strong></span> <span class='ocrx_word' id='word_1_65' title='bbox 1219 1473 1373 1537; x_wconf 84' lang='lat' dir='ltr'><strong>martyrum</strong></span> <span class='ocrx_word' id='word_1_66' title='bbox 1389 1466 1521 1537; x_wconf 86' lang='lat' dir='ltr'><strong>tiagrans,</strong></span> <span class='ocrx_word' id='word_1_67' title='bbox 1545 1478 1601 1522; x_wconf 92' lang='lat' dir='ltr'><strong>nen</strong></span> <span class='ocrx_word' id='word_1_68' title='bbox 1614 1466 1819 1526; x_wconf 83' lang='lat' dir='ltr'><strong>rusticitatem.</strong></span> <span class='ocrx_word' id='word_1_69' title='bbox 1836 1477 1890 1535; x_wconf 85' lang='lat' dir='ltr'><strong>qua</strong></span> 
     </span>
     <span class='ocr_line' id='line_1_10' title="bbox 182 1551 1892 1634; baseline -0.002 -22"><span class='ocrx_word' id='word_1_70' title='bbox 182 1557 344 1627; x_wconf 88' lang='lat' dir='ltr'><strong>passionem</strong></span> <span class='ocrx_word' id='word_1_71' title='bbox 377 1554 516 1626; x_wconf 78' lang='lat' dir='ltr'><strong>praecipui</strong></span> <span class='ocrx_word' id='word_1_72' title='bbox 537 1556 666 1612; x_wconf 89' lang='lat' dir='ltr'><strong>doctoris</strong></span> <span class='ocrx_word' id='word_1_73' title='bbox 699 1563 728 1612; x_wconf 92' lang='lat' dir='ltr'><strong>et</strong></span> <span class='ocrx_word' id='word_1_74' title='bbox 758 1556 892 1626; x_wconf 82' lang='lat' dir='ltr'><strong>martyris</strong></span> <span class='ocrx_word' id='word_1_75' title='bbox 923 1555 1009 1634; x_wconf 74' lang='lat' dir='ltr'><strong>Petri,</strong></span> <span class='ocrx_word' id='word_1_76' title='bbox 1066 1558 1095 1609; x_wconf 91' lang='lat' dir='ltr'><strong>et</strong></span> <span class='ocrx_word' id='word_1_77' title='bbox 1114 1554 1333 1624; x_wconf 89' lang='lat' dir='ltr'><strong>apostolesante</strong></span> <span class='ocrx_word' id='word_1_78' title='bbox 1357 1555 1531 1609; x_wconf 87' lang='lat' dir='ltr'><strong>vocationem</strong></span> <span class='ocrx_word' id='word_1_79' title='bbox 1551 1551 1892 1610; x_wconf 87' lang='lat' dir='ltr'><strong>noncaruissemanite-</strong></span> 
     </span>
     <span class='ocr_line' id='line_1_11' title="bbox 180 1641 1892 1714; baseline -0.001 -15"><span class='ocrx_word' id='word_1_80' title='bbox 180 1643 381 1700; x_wconf 76' lang='lat' dir='ltr'><strong>Alexandrinae</strong></span> <span class='ocrx_word' id='word_1_81' title='bbox 391 1644 620 1714; x_wconf 90' lang='lat' dir='ltr'><strong>urbisepiscepi‚</strong></span> <span class='ocrx_word' id='word_1_82' title='bbox 633 1644 704 1699; x_wconf 89' lang='lat' dir='ltr'><strong>mibi</strong></span> <span class='ocrx_word' id='word_1_83' title='bbox 717 1642 1009 1714; x_wconf 81' lang='lat' dir='ltr'><strong>pracipercvetuisti,</strong></span> <span class='ocrx_word' id='word_1_84' title='bbox 1067 1648 1142 1698; x_wconf 94' lang='lat' dir='ltr'><strong>stum</strong></span> <span class='ocrx_word' id='word_1_85' title='bbox 1155 1651 1208 1714; x_wconf 90' lang='lat' dir='ltr'><strong>est,</strong></span> <span class='ocrx_word' id='word_1_86' title='bbox 1228 1642 1276 1699; x_wconf 90' lang='lat' dir='ltr'><strong>sed</strong></span> <span class='ocrx_word' id='word_1_87' title='bbox 1299 1642 1461 1714; x_wconf 83' lang='lat' dir='ltr'><strong>triumphes</strong></span> <span class='ocrx_word' id='word_1_88' title='bbox 1475 1656 1584 1713; x_wconf 89' lang='lat' dir='ltr'><strong>eorum,</strong></span> <span class='ocrx_word' id='word_1_89' title='bbox 1598 1642 1648 1712; x_wconf 95' lang='lat' dir='ltr'><strong>qui</strong></span> <span class='ocrx_word' id='word_1_90' title='bbox 1669 1655 1705 1698; x_wconf 82' lang='lat' dir='ltr'><strong>ex</strong></span> <span class='ocrx_word' id='word_1_91' title='bbox 1719 1642 1784 1713; x_wconf 88' lang='lat' dir='ltr'><strong>ipsa</strong></span> <span class='ocrx_word' id='word_1_92' title='bbox 1796 1641 1892 1697; x_wconf 83' lang='lat' dir='ltr'><strong>minus</strong></span> 
     </span>
     <span class='ocr_line' id='line_1_12' title="bbox 181 1729 1892 1802; baseline -0.003 -14"><span class='ocrx_word' id='word_1_93' title='bbox 181 1731 257 1802; x_wconf 95' lang='lat' dir='ltr'><strong>qued</strong></span> <span class='ocrx_word' id='word_1_94' title='bbox 275 1732 435 1802; x_wconf 88' lang='lat' dir='ltr'><strong>passionem</strong></span> <span class='ocrx_word' id='word_1_95' title='bbox 457 1737 620 1788; x_wconf 88' lang='lat' dir='ltr'><strong>sanctorum</strong></span> <span class='ocrx_word' id='word_1_96' title='bbox 642 1731 721 1788; x_wconf 93' lang='lat' dir='ltr'><strong>mille</strong></span> <span class='ocrx_word' id='word_1_97' title='bbox 736 1732 1014 1802; x_wconf 81' lang='lat' dir='ltr'><strong>quadringentorum·</strong></span> <span class='ocrx_word' id='word_1_98' title='bbox 1067 1731 1176 1786; x_wconf 87' lang='lat' dir='ltr'><strong>urbana</strong></span> <span class='ocrx_word' id='word_1_99' title='bbox 1190 1730 1293 1801; x_wconf 88' lang='lat' dir='ltr'><strong>peritia</strong></span> <span class='ocrx_word' id='word_1_100' title='bbox 1311 1737 1464 1801; x_wconf 87' lang='lat' dir='ltr'><strong>utrpurquc</strong></span> <span class='ocrx_word' id='word_1_101' title='bbox 1479 1731 1549 1787; x_wconf 89' lang='lat' dir='ltr'><strong>sciri</strong></span> <span class='ocrx_word' id='word_1_102' title='bbox 1566 1736 1697 1800; x_wconf 89' lang='lat' dir='ltr'><strong>pessunt,</strong></span> <span class='ocrx_word' id='word_1_103' title='bbox 1710 1729 1850 1799; x_wconf 87' lang='lat' dir='ltr'><strong>attendat,</strong></span> <span class='ocrx_word' id='word_1_104' title='bbox 1865 1734 1892 1784; x_wconf 90' lang='lat' dir='ltr'><strong>et</strong></span> 
     </span>
     <span class='ocr_line' id='line_1_13' title="bbox 182 1817 1894 1893; baseline -0.002 -16"><span class='ocrx_word' id='word_1_105' title='bbox 182 1820 327 1893; x_wconf 85' lang='lat' dir='ltr'><strong>octoginta</strong></span> <span class='ocrx_word' id='word_1_106' title='bbox 347 1824 504 1892; x_wconf 82' lang='lat' dir='ltr'><strong>martyrum</strong></span> <span class='ocrx_word' id='word_1_107' title='bbox 519 1821 593 1889; x_wconf 89' lang='lat' dir='ltr'><strong>apud</strong></span> <span class='ocrx_word' id='word_1_108' title='bbox 620 1821 733 1877; x_wconf 85' lang='lat' dir='ltr'><strong>Graeces</strong></span> <span class='ocrx_word' id='word_1_109' title='bbox 760 1820 886 1876; x_wconf 83' lang='lat' dir='ltr'><strong>habitam</strong></span> <span class='ocrx_word' id='word_1_110' title='bbox 910 1820 1012 1876; x_wconf 90' lang='lat' dir='ltr'><strong>Latine</strong></span> <span class='ocrx_word' id='word_1_111' title='bbox 1066 1821 1101 1876; x_wconf 89' lang='lat' dir='ltr'><strong>ad</strong></span> <span class='ocrx_word' id='word_1_112' title='bbox 1115 1819 1323 1875; x_wconf 85' lang='lat' dir='ltr'><strong>venerationem</strong></span> <span class='ocrx_word' id='word_1_113' title='bbox 1340 1820 1495 1875; x_wconf 92' lang='lat' dir='ltr'><strong>multorum</strong></span> <span class='ocrx_word' id='word_1_114' title='bbox 1510 1819 1674 1875; x_wconf 88' lang='lat' dir='ltr'><strong>enucleatos</strong></span> <span class='ocrx_word' id='word_1_115' title='bbox 1694 1819 1800 1874; x_wconf 86' lang='lat' dir='ltr'><strong>babere</strong></span> <span class='ocrx_word' id='word_1_116' title='bbox 1812 1817 1894 1874; x_wconf 88' lang='lat' dir='ltr'><strong>desi-</strong></span> 
     </span>
     <span class='ocr_line' id='line_1_14' title="bbox 182 1906 1893 1978; baseline -0.001 -14"><span class='ocrx_word' id='word_1_117' title='bbox 182 1909 322 1964; x_wconf 88' lang='lat' dir='ltr'><strong>traderem</strong></span> <span class='ocrx_word' id='word_1_118' title='bbox 336 1907 462 1978; x_wconf 92' lang='lat' dir='ltr'><strong>eloquio.</strong></span> <span class='ocrx_word' id='word_1_119' title='bbox 471 1907 562 1976; x_wconf 86' lang='lat' dir='ltr'><strong>Quod,</strong></span> <span class='ocrx_word' id='word_1_120' title='bbox 574 1907 754 1962; x_wconf 90' lang='lat' dir='ltr'><strong>considerata</strong></span> <span class='ocrx_word' id='word_1_121' title='bbox 764 1907 910 1977; x_wconf 91' lang='lat' dir='ltr'><strong>imperitia</strong></span> <span class='ocrx_word' id='word_1_122' title='bbox 923 1908 1014 1963; x_wconf 89' lang='lat' dir='ltr'><strong>scien·</strong></span> <span class='ocrx_word' id='word_1_123' title='bbox 1066 1908 1154 1964; x_wconf 91' lang='lat' dir='ltr'><strong>deret.</strong></span> <span class='ocrx_word' id='word_1_124' title='bbox 1171 1909 1243 1963; x_wconf 87' lang='lat' dir='ltr'><strong>Beue</strong></span> <span class='ocrx_word' id='word_1_125' title='bbox 1254 1906 1352 1963; x_wconf 87' lang='lat' dir='ltr'><strong>valens</strong></span> <span class='ocrx_word' id='word_1_126' title='bbox 1362 1907 1477 1964; x_wconf 89' lang='lat' dir='ltr'><strong>diutius</strong></span> <span class='ocrx_word' id='word_1_127' title='bbox 1488 1907 1516 1963; x_wconf 92' lang='lat' dir='ltr'><strong>iu</strong></span> <span class='ocrx_word' id='word_1_128' title='bbox 1529 1907 1650 1963; x_wconf 86' lang='lat' dir='ltr'><strong>Domine</strong></span> <span class='ocrx_word' id='word_1_129' title='bbox 1664 1906 1825 1978; x_wconf 85' lang='lat' dir='ltr'><strong>paternitas</strong></span> <span class='ocrx_word' id='word_1_130' title='bbox 1844 1911 1893 1962; x_wconf 82' lang='lat' dir='ltr'><strong>tua</strong></span> 
     </span>
     <span class='ocr_line' id='line_1_15' title="bbox 181 1995 1481 2067; baseline -0.002 -15"><span class='ocrx_word' id='word_1_131' title='bbox 181 1995 259 2053; x_wconf 80' lang='lat' dir='ltr'><strong>tiele</strong></span> <span class='ocrx_word' id='word_1_132' title='bbox 271 2009 348 2064; x_wconf 80' lang='lat' dir='ltr'><strong>mee,</strong></span> <span class='ocrx_word' id='word_1_133' title='bbox 359 1996 483 2066; x_wconf 91' lang='lat' dir='ltr'><strong>primum</strong></span> <span class='ocrx_word' id='word_1_134' title='bbox 495 1995 611 2066; x_wconf 92' lang='lat' dir='ltr'><strong>quidem</strong></span> <span class='ocrx_word' id='word_1_135' title='bbox 621 1995 673 2051; x_wconf 89' lang='lat' dir='ltr'><strong>trec</strong></span> <span class='ocrx_word' id='word_1_136' title='bbox 683 1995 798 2066; x_wconf 78' lang='lat' dir='ltr'><strong>aggredi</strong></span> <span class='ocrx_word' id='word_1_137' title='bbox 812 2009 866 2050; x_wconf 95' lang='lat' dir='ltr'><strong>nen</strong></span> <span class='ocrx_word' id='word_1_138' title='bbox 878 2009 1014 2066; x_wconf 79' lang='lat' dir='ltr'><strong>praesum·</strong></span> <span class='ocrx_word' id='word_1_139' title='bbox 1069 2009 1119 2065; x_wconf 92' lang='lat' dir='ltr'><strong>pro</strong></span> <span class='ocrx_word' id='word_1_140' title='bbox 1134 1995 1217 2051; x_wconf 94' lang='lat' dir='ltr'><strong>nobis</strong></span> <span class='ocrx_word' id='word_1_141' title='bbox 1232 2009 1313 2051; x_wconf 88' lang='lat' dir='ltr'><strong>erare</strong></span> <span class='ocrx_word' id='word_1_142' title='bbox 1326 1995 1481 2067; x_wconf 85' lang='lat' dir='ltr'><strong>digneturt</strong></span> 
     </span>
    </p>
   </div>
   <div class='ocr_carea' id='block_1_7' title="bbox 181 2082 1912 2245">
    <p class='ocr_par' dir='ltr' id='par_1_8' title="bbox 181 2082 1912 2245">
     <span class='ocr_line' id='line_1_16' title="bbox 182 2082 1910 2173; baseline 0.001 -19"><span class='ocrx_word' id='word_1_143' title='bbox 182 2083 242 2154; x_wconf 72' lang='lat' dir='ltr'><strong>P⁸I²</strong></span> <span class='ocrx_word' id='word_1_144' title='bbox 261 2083 364 2139; x_wconf 65' lang='lat' dir='ltr'><strong>deinde</strong></span> <span class='ocrx_word' id='word_1_145' title='bbox 382 2096 458 2152; x_wconf 63' lang='lat' dir='ltr'><strong>tell),</strong></span> <span class='ocrx_word' id='word_1_146' title='bbox 476 2083 640 2152; x_wconf 65' lang='lat' dir='ltr'><strong>Pitelssitlli</strong></span> <span class='ocrx_word' id='word_1_147' title='bbox 658 2089 714 2140; x_wconf 69' lang='lat' dir='ltr'><strong>11¹ae</strong></span> <span class='ocrx_word' id='word_1_148' title='bbox 736 2082 903 2139; x_wconf 63' lang='grc' dir='ltr'>ῑΰθῦθᾶῑθῐὶὸ</span> <span class='ocrx_word' id='word_1_149' title='bbox 921 2096 1013 2153; x_wconf 89' lang='lat' dir='ltr'><strong>appa·</strong></span> <span class='ocrx_word' id='word_1_150' title='bbox 1103 2101 1291 2171; x_wconf 87' lang='lat' dir='ltr'><strong>Sume,Pater</strong></span> <span class='ocrx_word' id='word_1_151' title='bbox 1309 2102 1449 2172; x_wconf 90' lang='lat' dir='ltr'><strong>placidus,</strong></span> <span class='ocrx_word' id='word_1_152' title='bbox 1479 2101 1635 2158; x_wconf 89' lang='lat' dir='ltr'><strong>multorum</strong></span> <span class='ocrx_word' id='word_1_153' title='bbox 1659 2106 1738 2173; x_wconf 85' lang='lat' dir='ltr'><strong>gesta</strong></span> <span class='ocrx_word' id='word_1_154' title='bbox 1768 2099 1910 2170; x_wconf 84' lang='lat' dir='ltr'><strong>piorum-</strong></span> 
     </span>
     <span class='ocr_line' id='line_1_17' title="bbox 181 2170 1912 2245; baseline 0.002 -19"><span class='ocrx_word' id='word_1_155' title='bbox 181 2183 244 2227; x_wconf 88' lang='lat' dir='ltr'><strong>rere</strong></span> <span class='ocrx_word' id='word_1_156' title='bbox 256 2170 410 2243; x_wconf 75' lang='lat' dir='ltr'><strong>refugiens,</strong></span> <span class='ocrx_word' id='word_1_157' title='bbox 424 2172 517 2242; x_wconf 90' lang='lat' dir='ltr'><strong>parut,</strong></span> <span class='ocrx_word' id='word_1_158' title='bbox 531 2175 570 2241; x_wconf 90' lang='lat' dir='ltr'><strong>et,</strong></span> <span class='ocrx_word' id='word_1_159' title='bbox 581 2171 658 2245; x_wconf 88' lang='lat' dir='ltr'><strong>qued</strong></span> <span class='ocrx_word' id='word_1_160' title='bbox 667 2171 794 2241; x_wconf 78' lang='lat' dir='ltr'><strong>jussisti,</strong></span> <span class='ocrx_word' id='word_1_161' title='bbox 806 2170 921 2227; x_wconf 87' lang='lat' dir='ltr'><strong>coelitus</strong></span> <span class='ocrx_word' id='word_1_162' title='bbox 933 2171 1013 2240; x_wconf 78' lang='lat' dir='ltr'><strong>adju·</strong></span> <span class='ocrx_word' id='word_1_163' title='bbox 1104 2173 1240 2228; x_wconf 83' lang='lat' dir='ltr'><strong>Rusticus</strong></span> <span class='ocrx_word' id='word_1_164' title='bbox 1254 2179 1296 2230; x_wconf 89' lang='lat' dir='ltr'><strong>est</strong></span> <span class='ocrx_word' id='word_1_165' title='bbox 1318 2186 1420 2242; x_wconf 88' lang='lat' dir='ltr'><strong>sermo,</strong></span> <span class='ocrx_word' id='word_1_166' title='bbox 1432 2172 1559 2228; x_wconf 72' lang='lat' dir='ltr'><strong>mmmus</strong></span> <span class='ocrx_word' id='word_1_167' title='bbox 1570 2186 1654 2242; x_wconf 92' lang='lat' dir='ltr'><strong>quem</strong></span> <span class='ocrx_word' id='word_1_168' title='bbox 1668 2171 1756 2227; x_wconf 85' lang='lat' dir='ltr'><strong>vertit</strong></span> <span class='ocrx_word' id='word_1_169' title='bbox 1774 2171 1912 2229; x_wconf 76' lang='lat' dir='ltr'><strong>Achiuo.</strong></span> 
     </span>
    </p>
   </div>
   <div class='ocr_carea' id='block_1_8' title="bbox 829 2385 1239 2430">
    <p class='ocr_par' dir='ltr' id='par_1_9' title="bbox 829 2385 1239 2430">
     <span class='ocr_line' id='line_1_18' title="bbox 829 2385 1239 2430; baseline 0.002 -2"><span class='ocrx_word' id='word_1_170' title='bbox 829 2385 919 2430; x_wconf 78' lang='lat' dir='ltr'>ANNO</span> <span class='ocrx_word' id='word_1_171' title='bbox 935 2385 1052 2430; x_wconf 82' lang='lat' dir='ltr'>DOMINI</span> <span class='ocrx_word' id='word_1_172' title='bbox 1074 2387 1095 2429; x_wconf 91' lang='lat' dir='ltr'>D</span> <span class='ocrx_word' id='word_1_173' title='bbox 1112 2386 1169 2429; x_wconf 89' lang='lat' dir='ltr'><strong>CCC</strong></span> <span class='ocrx_word' id='word_1_174' title='bbox 1184 2385 1239 2429; x_wconf 79' lang='lat' dir='ltr'>XC.</span> 
     </span>
    </p>
   </div>
   <div class='ocr_carea' id='block_1_9' title="bbox 616 2505 1464 2669">
    <p class='ocr_par' dir='ltr' id='par_1_10' title="bbox 616 2505 1464 2669">
     <span class='ocr_line' id='line_1_19' title="bbox 616 2505 1464 2669; baseline 0.001 -2"><span class='ocrx_word' id='word_1_175' title='bbox 616 2505 1464 2669; x_wconf 80' lang='lat' dir='ltr'>ERCHIIIIBERTUS</span> 
     </span>
    </p>
   </div>
   <div class='ocr_carea' id='block_1_10' title="bbox 824 2735 1245 2794">
    <p class='ocr_par' dir='ltr' id='par_1_11' title="bbox 824 2735 1245 2794">
     <span class='ocr_line' id='line_1_20' title="bbox 824 2735 1245 2794; baseline 0.005 -2"><span class='ocrx_word' id='word_1_176' title='bbox 824 2735 1037 2794; x_wconf 77' lang='lat' dir='ltr'>CASSINENSIS</span> <span class='ocrx_word' id='word_1_177' title='bbox 1051 2738 1245 2794; x_wconf 76' lang='lat' dir='ltr'>IIONACIIUS.</span> 
     </span>
    </p>
   </div>
   <div class='ocr_carea' id='block_1_11' title="bbox 568 2938 1500 3014">
    <p class='ocr_par' dir='ltr' id='par_1_12' title="bbox 568 2938 1500 3014">
     <span class='ocr_line' id='line_1_21' title="bbox 568 2938 1500 3014; baseline -0.005 -4"><span class='ocrx_word' id='word_1_178' title='bbox 568 2938 741 3010; x_wconf 77' lang='lat' dir='ltr'>NOTITIA</span> <span class='ocrx_word' id='word_1_179' title='bbox 780 2940 1005 3012; x_wconf 76' lang='lat' dir='ltr'>IIISTORICA</span> <span class='ocrx_word' id='word_1_180' title='bbox 1055 2945 1099 3014; x_wconf 91' lang='lat' dir='ltr'><strong>IN</strong></span> <span class='ocrx_word' id='word_1_181' title='bbox 1136 2943 1500 3014; x_wconf 79' lang='lat' dir='ltr'>EIICIIEIIBEIITUII.</span> 
     </span>
    </p>
   </div>
   <div class='ocr_carea' id='block_1_12' title="bbox 782 3137 1292 3203">
    <p class='ocr_par' dir='ltr' id='par_1_13' title="bbox 782 3137 1292 3203">
     <span class='ocr_line' id='line_1_22' title="bbox 782 3137 1292 3203; baseline 0.01 -18"><span class='ocrx_word' id='word_1_182' title='bbox 782 3137 868 3200; x_wconf 77' lang='lat' dir='ltr'><strong>(Apud</strong></span> <span class='ocrx_word' id='word_1_183' title='bbox 883 3138 967 3197; x_wconf 78' lang='lat' dir='ltr'><strong>Perta,</strong></span> <span class='ocrx_word' id='word_1_184' title='bbox 982 3138 1099 3188; x_wconf 89' lang='lat' dir='ltr'><strong>Menum.</strong></span> <span class='ocrx_word' id='word_1_185' title='bbox 1115 3140 1176 3189; x_wconf 84' lang='lat' dir='ltr'><strong>hist.</strong></span> <span class='ocrx_word' id='word_1_186' title='bbox 1192 3139 1292 3203; x_wconf 86' lang='lat' dir='ltr'><strong>Germ.)</strong></span> 
     </span>
    </p>
   </div>
   <div class='ocr_carea' id='block_1_13' title="bbox 174 3248 1894 5164">
    <p class='ocr_par' dir='ltr' id='par_1_14' title="bbox 181 3248 1891 4439">
     <span class='ocr_line' id='line_1_23' title="bbox 217 3248 1885 3325; baseline -0.004 -13"><span class='ocrx_word' id='word_1_187' title='bbox 217 3255 445 3323; x_wconf 87' lang='lat' dir='ltr'><strong>Erclrcmbcrtus‚</strong></span> <span class='ocrx_word' id='word_1_188' title='bbox 488 3253 603 3309; x_wconf 90' lang='lat' dir='ltr'><strong>natione</strong></span> <span class='ocrx_word' id='word_1_189' title='bbox 638 3248 863 3324; x_wconf 76' lang='lat' dir='ltr'><strong>langobardus,</strong></span> <span class='ocrx_word' id='word_1_190' title='bbox 884 3258 917 3309; x_wconf 94' lang='lat' dir='ltr'><strong>ut</strong></span> <span class='ocrx_word' id='word_1_191' title='bbox 958 3253 1101 3314; x_wconf 91' lang='lat' dir='ltr'><strong>LeeBde</strong></span> <span class='ocrx_word' id='word_1_192' title='bbox 1111 3256 1219 3312; x_wconf 84' lang='lat' dir='ltr'><strong>Gracis</strong></span> <span class='ocrx_word' id='word_1_193' title='bbox 1231 3257 1415 3325; x_wconf 87' lang='lat' dir='ltr'><strong>reportatam,</strong></span> <span class='ocrx_word' id='word_1_194' title='bbox 1432 3266 1488 3324; x_wconf 93' lang='lat' dir='ltr'><strong>qua</strong></span> <span class='ocrx_word' id='word_1_195' title='bbox 1500 3253 1655 3309; x_wconf 87' lang='lat' dir='ltr'><strong>Barderum</strong></span> <span class='ocrx_word' id='word_1_196' title='bbox 1671 3251 1826 3322; x_wconf 87' lang='lat' dir='ltr'><strong>tmperlum</strong></span> <span class='ocrx_word' id='word_1_197' title='bbox 1840 3258 1885 3308; x_wconf 85' lang='lat' dir='ltr'><strong>sta·</strong></span> 
     </span>
     <span class='ocr_line' id='line_1_24' title="bbox 182 3323 1883 3397; baseline -0.005 -13"><span class='ocrx_word' id='word_1_198' title='bbox 182 3326 325 3385; x_wconf 87' lang='lat' dir='ltr'><strong>Ostiensis</strong></span> <span class='ocrx_word' id='word_1_199' title='bbox 340 3326 375 3397; x_wconf 80' lang='grc' dir='ltr'><strong>(α)</strong></span> <span class='ocrx_word' id='word_1_200' title='bbox 393 3324 487 3393; x_wconf 83' lang='lat' dir='ltr'><strong>retent,</strong></span> <span class='ocrx_word' id='word_1_201' title='bbox 515 3330 594 3393; x_wconf 90' lang='lat' dir='ltr'><strong>patre</strong></span> <span class='ocrx_word' id='word_1_202' title='bbox 615 3324 776 3395; x_wconf 82' lang='lat' dir='ltr'><strong>Adetgarie,</strong></span> <span class='ocrx_word' id='word_1_203' title='bbox 793 3325 893 3380; x_wconf 83' lang='lat' dir='ltr'><strong>Pitane</strong></span> <span class='ocrx_word' id='word_1_204' title='bbox 916 3331 1011 3381; x_wconf 89' lang='lat' dir='ltr'><strong>castro</strong></span> <span class='ocrx_word' id='word_1_205' title='bbox 1066 3325 1246 3395; x_wconf 89' lang='lat' dir='ltr'><strong>bititemest,</strong></span> <span class='ocrx_word' id='word_1_206' title='bbox 1255 3324 1452 3381; x_wconf 86' lang='lat' dir='ltr'><strong>celebrandam</strong></span> <span class='ocrx_word' id='word_1_207' title='bbox 1466 3324 1522 3379; x_wconf 90' lang='lat' dir='ltr'><strong>sibi</strong></span> <span class='ocrx_word' id='word_1_208' title='bbox 1530 3329 1665 3380; x_wconf 88' lang='lat' dir='ltr'><strong>sumeret.</strong></span> <span class='ocrx_word' id='word_1_209' title='bbox 1680 3323 1793 3380; x_wconf 80' lang='lat' dir='ltr'><strong>Amicis</strong></span> <span class='ocrx_word' id='word_1_210' title='bbox 1804 3323 1883 3394; x_wconf 87' lang='lat' dir='ltr'><strong>igitur</strong></span> 
     </span>
     <span class='ocr_line' id='line_1_25' title="bbox 183 3394 1884 3467; baseline -0.005 -12"><span class='ocrx_word' id='word_1_211' title='bbox 183 3396 536 3464; x_wconf 80' lang='lat' dir='ltr'><strong>comitatibusleauensis,</strong></span> <span class='ocrx_word' id='word_1_212' title='bbox 548 3401 580 3451; x_wconf 93' lang='lat' dir='ltr'><strong>ut</strong></span> <span class='ocrx_word' id='word_1_213' title='bbox 590 3395 714 3459; x_wconf 83' lang='lat' dir='ltr'><strong>videtur,</strong></span> <span class='ocrx_word' id='word_1_214' title='bbox 725 3395 868 3451; x_wconf 90' lang='lat' dir='ltr'><strong>eriundus</strong></span> <span class='ocrx_word' id='word_1_215' title='bbox 877 3394 923 3464; x_wconf 85' lang='lat' dir='ltr'><strong>(b),</strong></span> <span class='ocrx_word' id='word_1_216' title='bbox 935 3397 1012 3451; x_wconf 81' lang='lat' dir='ltr'><strong>xlta·</strong></span> <span class='ocrx_word' id='word_1_217' title='bbox 1066 3396 1275 3467; x_wconf 80' lang='lat' dir='ltr'><strong>flagitantibus,</strong></span> <span class='ocrx_word' id='word_1_218' title='bbox 1287 3396 1476 3452; x_wconf 88' lang='lat' dir='ltr'><strong>uthisteriam</strong></span> <span class='ocrx_word' id='word_1_219' title='bbox 1488 3394 1776 3451; x_wconf 70' lang='lat' dir='ltr'><strong>Lnnrouarderumtn</strong></span> <span class='ocrx_word' id='word_1_220' title='bbox 1788 3395 1884 3450; x_wconf 87' lang='lat' dir='ltr'><strong>durate</strong></span> 
     </span>
     <span class='ocr_line' id='line_1_26' title="bbox 183 3435 1885 3538; baseline -0.004 -13"><span class='ocrx_word' id='word_1_221' title='bbox 183 3469 282 3525; x_wconf 89' lang='lat' dir='ltr'><strong>tendas</strong></span> <span class='ocrx_word' id='word_1_222' title='bbox 312 3467 486 3537; x_wconf 82' lang='lat' dir='ltr'><strong>Septembris</strong></span> <span class='ocrx_word' id='word_1_223' title='bbox 515 3480 590 3522; x_wconf 87' lang='lat' dir='ltr'><strong>anne</strong></span> <span class='ocrx_word' id='word_1_224' title='bbox 623 3463 686 3534; x_wconf 81' lang='lat' dir='ltr'><strong>eet,</strong></span> <span class='ocrx_word' id='word_1_225' title='bbox 714 3465 754 3520; x_wconf 89' lang='lat' dir='ltr'><strong>ibi</strong></span> <span class='ocrx_word' id='word_1_226' title='bbox 790 3465 1011 3521; x_wconf 89' lang='lat' dir='ltr'><strong>aPandenutto</strong></span> <span class='ocrx_word' id='word_1_227' title='bbox 1065 3435 1885 3538; x_wconf 73' lang='lat' dir='ltr'><strong>beneventaneuegeuuuninueebermprecipuequea</strong></span> 
     </span>
     <span class='ocr_line' id='line_1_27' title="bbox 181 3534 1886 3610; baseline -0.004 -14"><span class='ocrx_word' id='word_1_228' title='bbox 181 3541 301 3610; x_wconf 87' lang='lat' dir='ltr'><strong>ejusque</strong></span> <span class='ocrx_word' id='word_1_229' title='bbox 311 3539 399 3595; x_wconf 91' lang='lat' dir='ltr'><strong>sectis</strong></span> <span class='ocrx_word' id='word_1_230' title='bbox 412 3536 610 3606; x_wconf 88' lang='lat' dir='ltr'><strong>Neapolitibus</strong></span> <span class='ocrx_word' id='word_1_231' title='bbox 620 3543 720 3604; x_wconf 89' lang='lat' dir='ltr'><strong>captus</strong></span> <span class='ocrx_word' id='word_1_232' title='bbox 730 3541 759 3590; x_wconf 93' lang='lat' dir='ltr'><strong>et</strong></span> <span class='ocrx_word' id='word_1_233' title='bbox 777 3535 911 3591; x_wconf 91' lang='lat' dir='ltr'><strong>omnibus</strong></span> <span class='ocrx_word' id='word_1_234' title='bbox 926 3534 1010 3592; x_wconf 90' lang='lat' dir='ltr'><strong>benis</strong></span> <span class='ocrx_word' id='word_1_235' title='bbox 1065 3542 1191 3607; x_wconf 91' lang='lat' dir='ltr'><strong>tempere</strong></span> <span class='ocrx_word' id='word_1_236' title='bbox 1206 3537 1332 3609; x_wconf 77' lang='lat' dir='ltr'><strong>rldelgisi</strong></span> <span class='ocrx_word' id='word_1_237' title='bbox 1346 3537 1487 3606; x_wconf 90' lang='lat' dir='ltr'><strong>principis</strong></span> <span class='ocrx_word' id='word_1_238' title='bbox 1499 3536 1643 3605; x_wconf 84' lang='lat' dir='ltr'><strong>canderet,</strong></span> <span class='ocrx_word' id='word_1_239' title='bbox 1655 3550 1730 3605; x_wconf 87' lang='lat' dir='ltr'><strong>epus</strong></span> <span class='ocrx_word' id='word_1_240' title='bbox 1742 3549 1779 3607; x_wconf 90' lang='lat' dir='ltr'><strong>ag</strong></span> <span class='ocrx_word' id='word_1_241' title='bbox 1800 3548 1886 3591; x_wconf 80' lang='lat' dir='ltr'><strong>nessus</strong></span> 
     </span>
     <span class='ocr_line' id='line_1_28' title="bbox 182 3605 1885 3681; baseline -0.004 -15"><span class='ocrx_word' id='word_1_242' title='bbox 182 3624 198 3665; x_wconf 90' lang='lat' dir='ltr'><strong>a</strong></span> <span class='ocrx_word' id='word_1_243' title='bbox 214 3610 338 3681; x_wconf 91' lang='lat' dir='ltr'><strong>pueritia</strong></span> <span class='ocrx_word' id='word_1_244' title='bbox 352 3608 506 3678; x_wconf 81' lang='lat' dir='ltr'><strong>acquisitis</strong></span> <span class='ocrx_word' id='word_1_245' title='bbox 526 3611 639 3665; x_wconf 76' lang='lat' dir='ltr'><strong>exutus.</strong></span> <span class='ocrx_word' id='word_1_246' title='bbox 654 3612 749 3675; x_wconf 90' lang='lat' dir='ltr'><strong>atque,</strong></span> <span class='ocrx_word' id='word_1_247' title='bbox 772 3611 802 3660; x_wconf 93' lang='lat' dir='ltr'><strong>ut</strong></span> <span class='ocrx_word' id='word_1_248' title='bbox 817 3605 877 3674; x_wconf 91' lang='lat' dir='ltr'><strong>ipse</strong></span> <span class='ocrx_word' id='word_1_249' title='bbox 896 3605 1009 3675; x_wconf 84' lang='lat' dir='ltr'><strong>scribit,</strong></span> <span class='ocrx_word' id='word_1_250' title='bbox 1065 3614 1117 3677; x_wconf 90' lang='lat' dir='ltr'><strong>est,</strong></span> <span class='ocrx_word' id='word_1_251' title='bbox 1132 3614 1160 3663; x_wconf 91' lang='lat' dir='ltr'><strong>et</strong></span> <span class='ocrx_word' id='word_1_252' title='bbox 1182 3622 1237 3662; x_wconf 94' lang='lat' dir='ltr'><strong>non</strong></span> <span class='ocrx_word' id='word_1_253' title='bbox 1257 3608 1360 3675; x_wconf 91' lang='lat' dir='ltr'><strong>selum,</strong></span> <span class='ocrx_word' id='word_1_254' title='bbox 1379 3612 1410 3662; x_wconf 92' lang='lat' dir='ltr'><strong>ut</strong></span> <span class='ocrx_word' id='word_1_255' title='bbox 1424 3607 1548 3662; x_wconf 88' lang='lat' dir='ltr'><strong>modeste</strong></span> <span class='ocrx_word' id='word_1_256' title='bbox 1564 3606 1701 3676; x_wconf 80' lang='lat' dir='ltr'><strong>pretatur</strong></span> <span class='ocrx_word' id='word_1_257' title='bbox 1710 3606 1754 3679; x_wconf 78' lang='lat' dir='ltr'><strong>(s),</strong></span> <span class='ocrx_word' id='word_1_258' title='bbox 1797 3618 1885 3661; x_wconf 89' lang='lat' dir='ltr'><strong>areum</strong></span> 
     </span>
     <span class='ocr_line' id='line_1_29' title="bbox 183 3676 1887 3751; baseline -0.005 -14"><span class='ocrx_word' id='word_1_259' title='bbox 183 3683 311 3751; x_wconf 87' lang='lat' dir='ltr'><strong>pedester</strong></span> <span class='ocrx_word' id='word_1_260' title='bbox 334 3686 399 3734; x_wconf 92' lang='lat' dir='ltr'><strong>ante</strong></span> <span class='ocrx_word' id='word_1_261' title='bbox 413 3689 552 3747; x_wconf 91' lang='lat' dir='ltr'><strong>equorum</strong></span> <span class='ocrx_word' id='word_1_262' title='bbox 565 3676 660 3745; x_wconf 88' lang='lat' dir='ltr'><strong>capita</strong></span> <span class='ocrx_word' id='word_1_263' title='bbox 676 3688 767 3745; x_wconf 91' lang='lat' dir='ltr'><strong>usque</strong></span> <span class='ocrx_word' id='word_1_264' title='bbox 787 3676 822 3730; x_wconf 89' lang='lat' dir='ltr'><strong>ad</strong></span> <span class='ocrx_word' id='word_1_265' title='bbox 838 3676 935 3731; x_wconf 90' lang='lat' dir='ltr'><strong>urbem</strong></span> <span class='ocrx_word' id='word_1_266' title='bbox 954 3677 1011 3732; x_wconf 82' lang='lat' dir='ltr'><strong>Ca·</strong></span> <span class='ocrx_word' id='word_1_267' title='bbox 1064 3685 1094 3733; x_wconf 91' lang='lat' dir='ltr'><strong>et</strong></span> <span class='ocrx_word' id='word_1_268' title='bbox 1106 3681 1209 3734; x_wconf 89' lang='lat' dir='ltr'><strong>Lucam</strong></span> <span class='ocrx_word' id='word_1_269' title='bbox 1225 3679 1415 3750; x_wconf 85' lang='lat' dir='ltr'><strong>evangeIIstus</strong></span> <span class='ocrx_word' id='word_1_270' title='bbox 1440 3677 1580 3744; x_wconf 81' lang='lat' dir='ltr'><strong>imitatus,</strong></span> <span class='ocrx_word' id='word_1_271' title='bbox 1599 3690 1642 3731; x_wconf 90' lang='lat' dir='ltr'><strong>ma</strong></span> <span class='ocrx_word' id='word_1_272' title='bbox 1665 3683 1691 3732; x_wconf 90' lang='lat' dir='ltr'><strong>ts</strong></span> <span class='ocrx_word' id='word_1_273' title='bbox 1707 3691 1771 3748; x_wconf 86' lang='lat' dir='ltr'><strong>quae</strong></span> <span class='ocrx_word' id='word_1_274' title='bbox 1790 3677 1887 3732; x_wconf 84' lang='lat' dir='ltr'><strong>auditu</strong></span> 
     </span>
     <span class='ocr_line' id='line_1_30' title="bbox 183 3746 1888 3821; baseline -0.004 -15"><span class='ocrx_word' id='word_1_275' title='bbox 183 3763 305 3821; x_wconf 89' lang='lat' dir='ltr'><strong>puanam</strong></span> <span class='ocrx_word' id='word_1_276' title='bbox 318 3748 398 3805; x_wconf 82' lang='lat' dir='ltr'><strong>exsul</strong></span> <span class='ocrx_word' id='word_1_277' title='bbox 414 3753 589 3803; x_wconf 87' lang='lat' dir='ltr'><strong>evectusest.</strong></span> <span class='ocrx_word' id='word_1_278' title='bbox 607 3746 713 3801; x_wconf 85' lang='lat' dir='ltr'><strong>Deinde</strong></span> <span class='ocrx_word' id='word_1_279' title='bbox 727 3747 829 3815; x_wconf 79' lang='lat' dir='ltr'><strong>Capua</strong></span> <span class='ocrx_word' id='word_1_280' title='bbox 847 3760 1011 3802; x_wconf 84' lang='lat' dir='ltr'><strong>commera-</strong></span> <span class='ocrx_word' id='word_1_281' title='bbox 1065 3749 1201 3818; x_wconf 79' lang='lat' dir='ltr'><strong>precepit,</strong></span> <span class='ocrx_word' id='word_1_282' title='bbox 1219 3763 1303 3819; x_wconf 89' lang='lat' dir='ltr'><strong>quam</strong></span> <span class='ocrx_word' id='word_1_283' title='bbox 1319 3762 1382 3819; x_wconf 78' lang='lat' dir='ltr'><strong>quae</strong></span> <span class='ocrx_word' id='word_1_284' title='bbox 1405 3748 1467 3818; x_wconf 88' lang='lat' dir='ltr'><strong>lpse</strong></span> <span class='ocrx_word' id='word_1_285' title='bbox 1483 3748 1575 3817; x_wconf 74' lang='lat' dir='ltr'><strong>vidit,</strong></span> <span class='ocrx_word' id='word_1_286' title='bbox 1603 3761 1633 3804; x_wconf 87' lang='lat' dir='ltr'><strong>se</strong></span> <span class='ocrx_word' id='word_1_287' title='bbox 1678 3754 1793 3817; x_wconf 91' lang='lat' dir='ltr'><strong>tempus</strong></span> <span class='ocrx_word' id='word_1_288' title='bbox 1809 3748 1888 3802; x_wconf 89' lang='lat' dir='ltr'><strong>ctiam</strong></span> 
     </span>
     <span class='ocr_line' id='line_1_31' title="bbox 182 3813 1889 3890; baseline -0.004 -14"><span class='ocrx_word' id='word_1_289' title='bbox 182 3827 230 3877; x_wconf 88' lang='lat' dir='ltr'><strong>tus</strong></span> <span class='ocrx_word' id='word_1_290' title='bbox 242 3826 270 3876; x_wconf 90' lang='lat' dir='ltr'><strong>et</strong></span> <span class='ocrx_word' id='word_1_291' title='bbox 288 3820 378 3875; x_wconf 85' lang='lat' dir='ltr'><strong>sancti</strong></span> <span class='ocrx_word' id='word_1_292' title='bbox 397 3817 540 3873; x_wconf 87' lang='lat' dir='ltr'><strong>Benedicti</strong></span> <span class='ocrx_word' id='word_1_293' title='bbox 554 3816 679 3885; x_wconf 83' lang='lat' dir='ltr'><strong>regulam</strong></span> <span class='ocrx_word' id='word_1_294' title='bbox 694 3815 838 3885; x_wconf 87' lang='lat' dir='ltr'><strong>protessus</strong></span> <span class='ocrx_word' id='word_1_295' title='bbox 851 3813 894 3887; x_wconf 85' lang='lat' dir='ltr'><strong>(c),</strong></span> <span class='ocrx_word' id='word_1_296' title='bbox 909 3817 938 3872; x_wconf 93' lang='lat' dir='ltr'><strong>in</strong></span> <span class='ocrx_word' id='word_1_297' title='bbox 956 3818 1010 3873; x_wconf 89' lang='lat' dir='ltr'><strong>iti·</strong></span> <span class='ocrx_word' id='word_1_298' title='bbox 1065 3834 1149 3875; x_wconf 92' lang='lat' dir='ltr'><strong>suum</strong></span> <span class='ocrx_word' id='word_1_299' title='bbox 1171 3820 1325 3890; x_wconf 89' lang='lat' dir='ltr'><strong>descripsit</strong></span> <span class='ocrx_word' id='word_1_300' title='bbox 1340 3819 1385 3890; x_wconf 83' lang='lat' dir='ltr'><strong>(p).</strong></span> <span class='ocrx_word' id='word_1_301' title='bbox 1403 3818 1480 3874; x_wconf 85' lang='lat' dir='ltr'><strong>Fecit</strong></span> <span class='ocrx_word' id='word_1_302' title='bbox 1496 3818 1523 3873; x_wconf 94' lang='lat' dir='ltr'><strong>id</strong></span> <span class='ocrx_word' id='word_1_303' title='bbox 1547 3818 1727 3887; x_wconf 83' lang='lat' dir='ltr'><strong>posteritatis</strong></span> <span class='ocrx_word' id='word_1_304' title='bbox 1746 3819 1781 3874; x_wconf 88' lang='lat' dir='ltr'><strong>ad</strong></span> <span class='ocrx_word' id='word_1_305' title='bbox 1797 3830 1889 3873; x_wconf 82' lang='lat' dir='ltr'><strong>exem-</strong></span> 
     </span>
     <span class='ocr_line' id='line_1_32' title="bbox 183 3885 1890 3961; baseline -0.002 -15"><span class='ocrx_word' id='word_1_306' title='bbox 183 3904 249 3947; x_wconf 92' lang='lat' dir='ltr'><strong>nere</strong></span> <span class='ocrx_word' id='word_1_307' title='bbox 268 3888 315 3961; x_wconf 82' lang='lat' dir='ltr'><strong>(d).</strong></span> <span class='ocrx_word' id='word_1_308' title='bbox 328 3903 344 3943; x_wconf 89' lang='lat' dir='ltr'><strong>a</strong></span> <span class='ocrx_word' id='word_1_309' title='bbox 359 3891 452 3944; x_wconf 77' lang='lat' dir='ltr'><strong>Mente</strong></span> <span class='ocrx_word' id='word_1_310' title='bbox 472 3887 590 3942; x_wconf 88' lang='lat' dir='ltr'><strong>Cassine</strong></span> <span class='ocrx_word' id='word_1_311' title='bbox 604 3885 727 3955; x_wconf 87' lang='lat' dir='ltr'><strong>Capuam</strong></span> <span class='ocrx_word' id='word_1_312' title='bbox 751 3887 883 3943; x_wconf 86' lang='lat' dir='ltr'><strong>lteruma</strong></span> <span class='ocrx_word' id='word_1_313' title='bbox 902 3889 1010 3944; x_wconf 76' lang='lat' dir='ltr'><strong>Graecis</strong></span> <span class='ocrx_word' id='word_1_314' title='bbox 1065 3889 1154 3959; x_wconf 92' lang='lat' dir='ltr'><strong>plum,</strong></span> <span class='ocrx_word' id='word_1_315' title='bbox 1170 3896 1198 3945; x_wconf 93' lang='lat' dir='ltr'><strong>et</strong></span> <span class='ocrx_word' id='word_1_316' title='bbox 1212 3904 1246 3946; x_wconf 84' lang='lat' dir='ltr'><strong>ex</strong></span> <span class='ocrx_word' id='word_1_317' title='bbox 1260 3903 1344 3960; x_wconf 88' lang='lat' dir='ltr'><strong>opere</strong></span> <span class='ocrx_word' id='word_1_318' title='bbox 1362 3890 1424 3960; x_wconf 92' lang='lat' dir='ltr'><strong>ipse</strong></span> <span class='ocrx_word' id='word_1_319' title='bbox 1436 3889 1529 3944; x_wconf 87' lang='lat' dir='ltr'><strong>virum</strong></span> <span class='ocrx_word' id='word_1_320' title='bbox 1540 3889 1650 3958; x_wconf 85' lang='lat' dir='ltr'><strong>justum</strong></span> <span class='ocrx_word' id='word_1_321' title='bbox 1675 3889 1826 3959; x_wconf 89' lang='lat' dir='ltr'><strong>piumque,</strong></span> <span class='ocrx_word' id='word_1_322' title='bbox 1843 3901 1890 3957; x_wconf 83' lang='lat' dir='ltr'><strong>pa·</strong></span> 
     </span>
     <span class='ocr_line' id='line_1_33' title="bbox 182 3957 1890 4030; baseline -0.002 -14"><span class='ocrx_word' id='word_1_323' title='bbox 182 3967 283 4030; x_wconf 88' lang='lat' dir='ltr'><strong>eaptus</strong></span> <span class='ocrx_word' id='word_1_324' title='bbox 297 3964 325 4015; x_wconf 92' lang='lat' dir='ltr'><strong>et</strong></span> <span class='ocrx_word' id='word_1_325' title='bbox 343 3973 407 4014; x_wconf 91' lang='lat' dir='ltr'><strong>cum</strong></span> <span class='ocrx_word' id='word_1_326' title='bbox 423 3957 522 4026; x_wconf 84' lang='lat' dir='ltr'><strong>sociis,</strong></span> <span class='ocrx_word' id='word_1_327' title='bbox 539 3971 610 4028; x_wconf 91' lang='lat' dir='ltr'><strong>ques</strong></span> <span class='ocrx_word' id='word_1_328' title='bbox 625 3957 700 4012; x_wconf 87' lang='lat' dir='ltr'><strong>inter</strong></span> <span class='ocrx_word' id='word_1_329' title='bbox 715 3962 913 4028; x_wconf 81' lang='lat' dir='ltr'><strong>praeceptorem</strong></span> <span class='ocrx_word' id='word_1_330' title='bbox 928 3973 1011 4015; x_wconf 86' lang='lat' dir='ltr'><strong>cem-</strong></span> <span class='ocrx_word' id='word_1_331' title='bbox 1064 3960 1128 4015; x_wconf 86' lang='lat' dir='ltr'><strong>triae</strong></span> <span class='ocrx_word' id='word_1_332' title='bbox 1144 3961 1385 4027; x_wconf 88' lang='lat' dir='ltr'><strong>amantissimum,</strong></span> <span class='ocrx_word' id='word_1_333' title='bbox 1402 3959 1536 4015; x_wconf 87' lang='lat' dir='ltr'><strong>miserias</strong></span> <span class='ocrx_word' id='word_1_334' title='bbox 1553 3960 1616 4028; x_wconf 88' lang='lat' dir='ltr'><strong>ejus</strong></span> <span class='ocrx_word' id='word_1_335' title='bbox 1639 3959 1766 4015; x_wconf 87' lang='lat' dir='ltr'><strong>dissidio</strong></span> <span class='ocrx_word' id='word_1_336' title='bbox 1780 3958 1890 4030; x_wconf 89' lang='lat' dir='ltr'><strong>princi·</strong></span> 
     </span>
     <span class='ocr_line' id='line_1_34' title="bbox 183 4028 1889 4102; baseline -0.001 -16"><span class='ocrx_word' id='word_1_337' title='bbox 183 4035 329 4101; x_wconf 89' lang='lat' dir='ltr'><strong>memorat,</strong></span> <span class='ocrx_word' id='word_1_338' title='bbox 356 4028 428 4084; x_wconf 91' lang='lat' dir='ltr'><strong>male</strong></span> <span class='ocrx_word' id='word_1_339' title='bbox 443 4029 576 4098; x_wconf 76' lang='lat' dir='ltr'><strong>babitus,</strong></span> <span class='ocrx_word' id='word_1_340' title='bbox 598 4028 779 4084; x_wconf 85' lang='lat' dir='ltr'><strong>deinde-vere</strong></span> <span class='ocrx_word' id='word_1_341' title='bbox 791 4044 841 4098; x_wconf 90' lang='lat' dir='ltr'><strong>per</strong></span> <span class='ocrx_word' id='word_1_342' title='bbox 861 4031 1008 4100; x_wconf 87' lang='lat' dir='ltr'><strong>Neapolim</strong></span> <span class='ocrx_word' id='word_1_343' title='bbox 1064 4044 1131 4100; x_wconf 92' lang='lat' dir='ltr'><strong>pum</strong></span> <span class='ocrx_word' id='word_1_344' title='bbox 1150 4037 1227 4087; x_wconf 90' lang='lat' dir='ltr'><strong>ortas</strong></span> <span class='ocrx_word' id='word_1_345' title='bbox 1245 4045 1279 4087; x_wconf 84' lang='lat' dir='ltr'><strong>ex</strong></span> <span class='ocrx_word' id='word_1_346' title='bbox 1302 4031 1404 4086; x_wconf 90' lang='lat' dir='ltr'><strong>intime</strong></span> <span class='ocrx_word' id='word_1_347' title='bbox 1419 4031 1504 4086; x_wconf 88' lang='lat' dir='ltr'><strong>corde</strong></span> <span class='ocrx_word' id='word_1_348' title='bbox 1526 4031 1679 4102; x_wconf 87' lang='lat' dir='ltr'><strong>lugentem,</strong></span> <span class='ocrx_word' id='word_1_349' title='bbox 1707 4035 1768 4085; x_wconf 90' lang='lat' dir='ltr'><strong>tum</strong></span> <span class='ocrx_word' id='word_1_350' title='bbox 1796 4030 1889 4101; x_wconf 83' lang='lat' dir='ltr'><strong>glorie</strong></span> 
     </span>
     <span class='ocr_line' id='line_1_35' title="bbox 183 4098 1888 4173; baseline -0.002 -17"><span class='ocrx_word' id='word_1_351' title='bbox 183 4100 306 4170; x_wconf 86' lang='lat' dir='ltr'><strong>Capuam</strong></span> <span class='ocrx_word' id='word_1_352' title='bbox 324 4113 455 4156; x_wconf 85' lang='lat' dir='ltr'><strong>reversus</strong></span> <span class='ocrx_word' id='word_1_353' title='bbox 469 4099 568 4169; x_wconf 86' lang='lat' dir='ltr'><strong>ibique</strong></span> <span class='ocrx_word' id='word_1_354' title='bbox 586 4099 664 4154; x_wconf 74' lang='lat' dir='ltr'><strong>cellae</strong></span> <span class='ocrx_word' id='word_1_355' title='bbox 684 4100 798 4156; x_wconf 88' lang='lat' dir='ltr'><strong>cuidam</strong></span> <span class='ocrx_word' id='word_1_356' title='bbox 813 4100 907 4155; x_wconf 89' lang='lat' dir='ltr'><strong>sancti</strong></span> <span class='ocrx_word' id='word_1_357' title='bbox 920 4102 1010 4157; x_wconf 84' lang='lat' dir='ltr'><strong>Bene·</strong></span> <span class='ocrx_word' id='word_1_358' title='bbox 1063 4102 1126 4170; x_wconf 76' lang='lat' dir='ltr'><strong>eius</strong></span> <span class='ocrx_word' id='word_1_359' title='bbox 1138 4102 1215 4171; x_wconf 88' lang='lat' dir='ltr'><strong>pacis</strong></span> <span class='ocrx_word' id='word_1_360' title='bbox 1226 4109 1253 4158; x_wconf 92' lang='lat' dir='ltr'><strong>et</strong></span> <span class='ocrx_word' id='word_1_361' title='bbox 1266 4100 1687 4158; x_wconf 88' lang='lat' dir='ltr'><strong>securitatisstudiesisslmum</strong></span> <span class='ocrx_word' id='word_1_362' title='bbox 1700 4098 1888 4173; x_wconf 76' lang='lat' dir='ltr'><strong>agnoscattbt.</strong></span> 
     </span>
     <span class='ocr_line' id='line_1_36' title="bbox 183 4170 1891 4241; baseline -0.001 -15"><span class='ocrx_word' id='word_1_363' title='bbox 183 4170 255 4227; x_wconf 87' lang='lat' dir='ltr'><strong>dicti</strong></span> <span class='ocrx_word' id='word_1_364' title='bbox 272 4171 442 4241; x_wconf 77' lang='lat' dir='ltr'><strong>prepositus</strong></span> <span class='ocrx_word' id='word_1_365' title='bbox 459 4177 510 4226; x_wconf 90' lang='lat' dir='ltr'><strong>est.</strong></span> <span class='ocrx_word' id='word_1_366' title='bbox 525 4171 606 4227; x_wconf 81' lang='lat' dir='ltr'><strong>Anne</strong></span> <span class='ocrx_word' id='word_1_367' title='bbox 625 4171 766 4240; x_wconf 86' lang='lat' dir='ltr'><strong>sequenti,</strong></span> <span class='ocrx_word' id='word_1_368' title='bbox 782 4185 847 4226; x_wconf 91' lang='lat' dir='ltr'><strong>cum</strong></span> <span class='ocrx_word' id='word_1_369' title='bbox 859 4170 1010 4228; x_wconf 78' lang='lat' dir='ltr'><strong>Ateueltus</strong></span> <span class='ocrx_word' id='word_1_370' title='bbox 1064 4172 1200 4228; x_wconf 90' lang='lat' dir='ltr'><strong>Substitit</strong></span> <span class='ocrx_word' id='word_1_371' title='bbox 1216 4173 1245 4228; x_wconf 91' lang='lat' dir='ltr'><strong>in</strong></span> <span class='ocrx_word' id='word_1_372' title='bbox 1264 4173 1387 4229; x_wconf 85' lang='lat' dir='ltr'><strong>historia</strong></span> <span class='ocrx_word' id='word_1_373' title='bbox 1401 4172 1470 4227; x_wconf 86' lang='lat' dir='ltr'><strong>anni</strong></span> <span class='ocrx_word' id='word_1_374' title='bbox 1484 4170 1555 4241; x_wconf 80' lang='lat'>8893</span> <span class='ocrx_word' id='word_1_375' title='bbox 1578 4170 1697 4227; x_wconf 89' lang='lat' dir='ltr'><strong>tortasse</strong></span> <span class='ocrx_word' id='word_1_376' title='bbox 1712 4176 1804 4228; x_wconf 89' lang='lat' dir='ltr'><strong>morte</strong></span> <span class='ocrx_word' id='word_1_377' title='bbox 1821 4184 1891 4240; x_wconf 81' lang='lat' dir='ltr'><strong>pra-</strong></span> 
     </span>
     <span class='ocr_line' id='line_1_37' title="bbox 184 4240 1890 4314; baseline -0.002 -16"><span class='ocrx_word' id='word_1_378' title='bbox 184 4243 379 4312; x_wconf 87' lang='lat' dir='ltr'><strong>possessiones</strong></span> <span class='ocrx_word' id='word_1_379' title='bbox 390 4242 481 4297; x_wconf 88' lang='lat' dir='ltr'><strong>sancti</strong></span> <span class='ocrx_word' id='word_1_380' title='bbox 493 4240 637 4297; x_wconf 86' lang='lat' dir='ltr'><strong>Benedicti</strong></span> <span class='ocrx_word' id='word_1_381' title='bbox 651 4241 726 4296; x_wconf 90' lang='lat' dir='ltr'><strong>intra</strong></span> <span class='ocrx_word' id='word_1_382' title='bbox 739 4241 837 4296; x_wconf 90' lang='lat' dir='ltr'><strong>urbem</strong></span> <span class='ocrx_word' id='word_1_383' title='bbox 848 4240 1009 4311; x_wconf 85' lang='lat' dir='ltr'><strong>capuanam</strong></span> <span class='ocrx_word' id='word_1_384' title='bbox 1064 4248 1175 4312; x_wconf 79' lang='lat' dir='ltr'><strong>ventus,</strong></span> <span class='ocrx_word' id='word_1_385' title='bbox 1189 4257 1254 4299; x_wconf 91' lang='lat' dir='ltr'><strong>cum</strong></span> <span class='ocrx_word' id='word_1_386' title='bbox 1265 4258 1294 4299; x_wconf 90' lang='lat' dir='ltr'><strong>se</strong></span> <span class='ocrx_word' id='word_1_387' title='bbox 1308 4257 1352 4298; x_wconf 91' lang='lat' dir='ltr'><strong>res</strong></span> <span class='ocrx_word' id='word_1_388' title='bbox 1365 4243 1535 4299; x_wconf 89' lang='lat' dir='ltr'><strong>Wideniset</strong></span> <span class='ocrx_word' id='word_1_389' title='bbox 1549 4241 1713 4314; x_wconf 74' lang='lat' dir='ltr'><strong>berengarii</strong></span> <span class='ocrx_word' id='word_1_390' title='bbox 1724 4241 1890 4297; x_wconf 89' lang='lat' dir='ltr'><strong>additurum</strong></span> 
     </span>
     <span class='ocr_line' id='line_1_38' title="bbox 183 4310 1522 4439; baseline -0.001 -72"><span class='ocrx_word' id='word_1_391' title='bbox 183 4312 256 4368; x_wconf 90' lang='lat' dir='ltr'><strong>sitas</strong></span> <span class='ocrx_word' id='word_1_392' title='bbox 272 4313 411 4369; x_wconf 88' lang='lat' dir='ltr'><strong>tratribus</strong></span> <span class='ocrx_word' id='word_1_393' title='bbox 422 4312 624 4369; x_wconf 82' lang='lat' dir='ltr'><strong>exsulantibus</strong></span> <span class='ocrx_word' id='word_1_394' title='bbox 642 4310 750 4367; x_wconf 80' lang='lat' dir='ltr'><strong>auferri</strong></span> <span class='ocrx_word' id='word_1_395' title='bbox 768 4312 957 4381; x_wconf 75' lang='lat' dir='ltr'><strong>precepisset,</strong></span> <span class='ocrx_word' id='word_1_396' title='bbox 973 4312 1009 4367; x_wconf 89' lang='lat' dir='ltr'><strong>ab</strong></span> <span class='ocrx_word' id='word_1_397' title='bbox 1067 4313 1096 4368; x_wconf 94' lang='lat' dir='ltr'><strong>in</strong></span> <span class='ocrx_word' id='word_1_398' title='bbox 1113 4313 1168 4369; x_wconf 90' lang='lat' dir='ltr'><strong>tlne</strong></span> <span class='ocrx_word' id='word_1_399' title='bbox 1182 4315 1278 4383; x_wconf 89' lang='lat' dir='ltr'><strong>eperls</strong></span> <span class='ocrx_word' id='word_1_400' title='bbox 1294 4314 1473 4384; x_wconf 88' lang='lat' dir='ltr'><strong>promisisset</strong></span> <span class='ocrx_word' id='word_1_401' title='bbox 1484 4312 1522 4439; x_wconf 48' lang='grc' dir='ltr'><strong>(Ἴ.</strong></span> 
     </span>
    </p>

    <p class='ocr_par' dir='ltr' id='par_1_15' title="bbox 174 4381 1894 5164">
     <span class='ocr_line' id='line_1_39' title="bbox 183 4381 1892 4456; baseline -0.001 -17"><span class='ocrx_word' id='word_1_402' title='bbox 183 4383 335 4456; x_wconf 77' lang='lat' dir='ltr'><strong>Angelarie</strong></span> <span class='ocrx_word' id='word_1_403' title='bbox 354 4383 455 4440; x_wconf 89' lang='lat' dir='ltr'><strong>abbate</strong></span> <span class='ocrx_word' id='word_1_404' title='bbox 474 4382 637 4439; x_wconf 88' lang='lat' dir='ltr'><strong>Cassinensi</strong></span> <span class='ocrx_word' id='word_1_405' title='bbox 652 4389 680 4437; x_wconf 92' lang='lat' dir='ltr'><strong>et</strong></span> <span class='ocrx_word' id='word_1_406' title='bbox 695 4381 829 4451; x_wconf 87' lang='lat' dir='ltr'><strong>episcope</strong></span> <span class='ocrx_word' id='word_1_407' title='bbox 844 4383 959 4437; x_wconf 88' lang='lat' dir='ltr'><strong>ltemam</strong></span> <span class='ocrx_word' id='word_1_408' title='bbox 974 4384 1009 4439; x_wconf 88' lang='lat' dir='ltr'><strong>ad</strong></span> <span class='ocrx_word' id='word_1_409' title='bbox 1102 4384 1185 4439; x_wconf 90' lang='lat' dir='ltr'><strong>Liber</strong></span> <span class='ocrx_word' id='word_1_410' title='bbox 1199 4384 1502 4455; x_wconf 84' lang='lat' dir='ltr'><strong>acempturtbussacu</strong></span> <span class='ocrx_word' id='word_1_411' title='bbox 1516 4398 1598 4440; x_wconf 92' lang='lat' dir='ltr'><strong>orum</strong></span> <span class='ocrx_word' id='word_1_412' title='bbox 1613 4396 1683 4454; x_wconf 82' lang='lat' dir='ltr'><strong>x,s1</strong></span> <span class='ocrx_word' id='word_1_413' title='bbox 1700 4389 1779 4439; x_wconf 75' lang='lat' dir='ltr'><strong>etun</strong></span> <span class='ocrx_word' id='word_1_414' title='bbox 1797 4383 1892 4438; x_wconf 90' lang='lat' dir='ltr'><strong>ineun-</strong></span> 
     </span>
     <span class='ocr_line' id='line_1_40' title="bbox 183 4452 1891 4537; baseline -0.001 -27"><span class='ocrx_word' id='word_1_415' title='bbox 183 4454 357 4525; x_wconf 86' lang='lat' dir='ltr'><strong>Stepbanum</strong></span> <span class='ocrx_word' id='word_1_416' title='bbox 371 4456 501 4537; x_wconf 87' lang='lat' dir='ltr'><strong>Vpapam</strong></span> <span class='ocrx_word' id='word_1_417' title='bbox 508 4454 614 4510; x_wconf 82' lang='lat' dir='ltr'><strong>missus</strong></span> <span class='ocrx_word' id='word_1_418' title='bbox 624 4455 676 4515; x_wconf 80' lang='lat' dir='ltr'><strong>est,</strong></span> <span class='ocrx_word' id='word_1_419' title='bbox 691 4464 774 4521; x_wconf 91' lang='lat' dir='ltr'><strong>aque</strong></span> <span class='ocrx_word' id='word_1_420' title='bbox 785 4452 1009 4509; x_wconf 87' lang='lat' dir='ltr'><strong>benedictionem</strong></span> <span class='ocrx_word' id='word_1_421' title='bbox 1066 4455 1105 4510; x_wconf 85' lang='lat' dir='ltr'><strong>tis</strong></span> <span class='ocrx_word' id='word_1_422' title='bbox 1117 4455 1309 4524; x_wconf 88' lang='lat' dir='ltr'><strong>scriptoribus</strong></span> <span class='ocrx_word' id='word_1_423' title='bbox 1323 4455 1524 4511; x_wconf 88' lang='lat' dir='ltr'><strong>insubsidium</strong></span> <span class='ocrx_word' id='word_1_424' title='bbox 1534 4460 1652 4510; x_wconf 80' lang='lat' dir='ltr'><strong>recatus</strong></span> <span class='ocrx_word' id='word_1_425' title='bbox 1673 4454 1702 4509; x_wconf 95' lang='lat' dir='ltr'><strong>in</strong></span> <span class='ocrx_word' id='word_1_426' title='bbox 1716 4458 1891 4510; x_wconf 88' lang='lat' dir='ltr'><strong>uuetautum</strong></span> 
     </span>
     <span class='ocr_line' id='line_1_41' title="bbox 185 4495 1890 4596; baseline -0.001 -15"><span class='ocrx_word' id='word_1_427' title='bbox 185 4523 324 4582; x_wconf 86' lang='lat' dir='ltr'><strong>tratribus</strong></span> <span class='ocrx_word' id='word_1_428' title='bbox 358 4522 1012 4596; x_wconf 82' lang='lat' dir='ltr'><strong>rivrlegiumcoermbt&#39;usuiettitterasadlite-</strong></span> <span class='ocrx_word' id='word_1_429' title='bbox 1065 4526 1164 4580; x_wconf 84' lang='lat' dir='ltr'><strong>codice</strong></span> <span class='ocrx_word' id='word_1_430' title='bbox 1199 4525 1307 4581; x_wconf 83' lang='lat' dir='ltr'><strong>Salerni</strong></span> <span class='ocrx_word' id='word_1_431' title='bbox 1343 4527 1420 4581; x_wconf 94' lang='lat' dir='ltr'><strong>circa</strong></span> <span class='ocrx_word' id='word_1_432' title='bbox 1452 4538 1558 4581; x_wconf 90' lang='lat' dir='ltr'><strong>annum</strong></span> <span class='ocrx_word' id='word_1_433' title='bbox 1596 4495 1665 4581; x_wconf 80' lang='lat' dir='ltr'><strong>uel</strong></span> <span class='ocrx_word' id='word_1_434' title='bbox 1693 4530 1823 4591; x_wconf 85' lang='lat' dir='ltr'><strong>exarato,</strong></span> <span class='ocrx_word' id='word_1_435' title='bbox 1858 4525 1890 4579; x_wconf 88' lang='lat' dir='ltr'><strong>ad</strong></span> 
     </span>
     <span class='ocr_line' id='line_1_42' title="bbox 184 4540 1892 4680; baseline -0.002 -30"><span class='ocrx_word' id='word_1_436' title='bbox 184 4596 293 4652; x_wconf 86' lang='lat' dir='ltr'><strong>neltum</strong></span> <span class='ocrx_word' id='word_1_437' title='bbox 304 4540 514 4676; x_wconf 64' lang='lat' dir='ltr'><strong>exNertaterias</strong></span> <span class='ocrx_word' id='word_1_438' title='bbox 526 4592 634 4675; x_wconf 83' lang='lat' dir='ltr'><strong>attulit.</strong></span> <span class='ocrx_word' id='word_1_439' title='bbox 648 4592 760 4675; x_wconf 81' lang='lat' dir='ltr'><strong>Quibus</strong></span> <span class='ocrx_word' id='word_1_440' title='bbox 771 4594 942 4651; x_wconf 89' lang='lat' dir='ltr'><strong>monasterie</strong></span> <span class='ocrx_word' id='word_1_441' title='bbox 951 4609 1050 4680; x_wconf 71' lang='lat' dir='ltr'><strong>pesc</strong></span> <span class='ocrx_word' id='word_1_442' title='bbox 1066 4601 1163 4651; x_wconf 90' lang='lat' dir='ltr'><strong>nestra</strong></span> <span class='ocrx_word' id='word_1_443' title='bbox 1178 4610 1269 4666; x_wconf 89' lang='lat' dir='ltr'><strong>usqne</strong></span> <span class='ocrx_word' id='word_1_444' title='bbox 1283 4602 1409 4666; x_wconf 87' lang='lat' dir='ltr'><strong>tempera</strong></span> <span class='ocrx_word' id='word_1_445' title='bbox 1428 4596 1550 4652; x_wconf 86' lang='lat' dir='ltr'><strong>devenit.</strong></span> <span class='ocrx_word' id='word_1_446' title='bbox 1566 4596 1738 4652; x_wconf 67' lang='lat' dir='ltr'><strong>asservatur</strong></span> <span class='ocrx_word' id='word_1_447' title='bbox 1749 4596 1805 4651; x_wconf 91' lang='lat' dir='ltr'><strong>lste</strong></span> <span class='ocrx_word' id='word_1_448' title='bbox 1815 4591 1851 4666; x_wconf 79' lang='lat' dir='ltr'><strong>(t)</strong></span> <span class='ocrx_word' id='word_1_449' title='bbox 1864 4595 1892 4648; x_wconf 92' lang='lat' dir='ltr'><strong>in</strong></span> 
     </span>
     <span class='ocr_line' id='line_1_43' title="bbox 185 4664 1894 4739; baseline -0.001 -18"><span class='ocrx_word' id='word_1_450' title='bbox 185 4666 326 4721; x_wconf 86' lang='lat' dir='ltr'><strong>sessiones</strong></span> <span class='ocrx_word' id='word_1_451' title='bbox 338 4665 419 4720; x_wconf 87' lang='lat' dir='ltr'><strong>reddi</strong></span> <span class='ocrx_word' id='word_1_452' title='bbox 435 4668 607 4733; x_wconf 80' lang='lat' dir='ltr'><strong>impetravit,</strong></span> <span class='ocrx_word' id='word_1_453' title='bbox 623 4664 671 4719; x_wconf 90' lang='lat' dir='ltr'><strong>sed</strong></span> <span class='ocrx_word' id='word_1_454' title='bbox 693 4677 763 4718; x_wconf 83' lang='lat' dir='ltr'><strong>iram</strong></span> <span class='ocrx_word' id='word_1_455' title='bbox 777 4665 898 4720; x_wconf 80' lang='lat' dir='ltr'><strong>Atenelti</strong></span> <span class='ocrx_word' id='word_1_456' title='bbox 918 4667 1011 4722; x_wconf 92' lang='lat' dir='ltr'><strong>incur·</strong></span> <span class='ocrx_word' id='word_1_457' title='bbox 1066 4666 1240 4723; x_wconf 85' lang='lat' dir='ltr'><strong>bibliotheca</strong></span> <span class='ocrx_word' id='word_1_458' title='bbox 1256 4667 1389 4723; x_wconf 88' lang='lat' dir='ltr'><strong>Vaticana</strong></span> <span class='ocrx_word' id='word_1_459' title='bbox 1403 4680 1429 4722; x_wconf 90' lang='lat' dir='ltr'><strong>n.</strong></span> <span class='ocrx_word' id='word_1_460' title='bbox 1451 4665 1518 4723; x_wconf 82' lang='lat' dir='ltr'><strong>scot</strong></span> <span class='ocrx_word' id='word_1_461' title='bbox 1536 4667 1678 4739; x_wconf 84' lang='lat' dir='ltr'><strong>sIgnatus,</strong></span> <span class='ocrx_word' id='word_1_462' title='bbox 1695 4672 1724 4721; x_wconf 90' lang='lat' dir='ltr'><strong>et</strong></span> <span class='ocrx_word' id='word_1_463' title='bbox 1737 4679 1825 4722; x_wconf 82' lang='lat' dir='ltr'><strong>verus</strong></span> <span class='ocrx_word' id='word_1_464' title='bbox 1838 4678 1894 4721; x_wconf 91' lang='lat' dir='ltr'><strong>em·</strong></span> 
     </span>
     <span class='ocr_line' id='line_1_44' title="bbox 186 4733 1891 4808; baseline 0 -18"><span class='ocrx_word' id='word_1_465' title='bbox 186 4734 226 4790; x_wconf 90' lang='lat' dir='ltr'><strong>rit</strong></span> <span class='ocrx_word' id='word_1_466' title='bbox 248 4740 334 4804; x_wconf 89' lang='lat' dir='ltr'><strong>atque</strong></span> <span class='ocrx_word' id='word_1_467' title='bbox 347 4733 419 4789; x_wconf 90' lang='lat' dir='ltr'><strong>cella</strong></span> <span class='ocrx_word' id='word_1_468' title='bbox 433 4734 469 4789; x_wconf 88' lang='lat' dir='ltr'><strong>ab</strong></span> <span class='ocrx_word' id='word_1_469' title='bbox 489 4733 590 4793; x_wconf 85' lang='lat' dir='ltr'><strong>abbate</strong></span> <span class='ocrx_word' id='word_1_470' title='bbox 605 4734 752 4790; x_wconf 80' lang='lat' dir='ltr'><strong>tradituri</strong></span> <span class='ocrx_word' id='word_1_471' title='bbox 769 4736 896 4805; x_wconf 88' lang='lat' dir='ltr'><strong>privatus</strong></span> <span class='ocrx_word' id='word_1_472' title='bbox 910 4742 953 4793; x_wconf 89' lang='lat' dir='ltr'><strong>est</strong></span> <span class='ocrx_word' id='word_1_473' title='bbox 967 4737 1008 4808; x_wconf 75' lang='lat' dir='ltr'><strong>(e).</strong></span> <span class='ocrx_word' id='word_1_474' title='bbox 1066 4737 1147 4794; x_wconf 91' lang='lat' dir='ltr'><strong>nium</strong></span> <span class='ocrx_word' id='word_1_475' title='bbox 1159 4742 1215 4793; x_wconf 80' lang='lat' dir='ltr'><strong>mm</strong></span> <span class='ocrx_word' id='word_1_476' title='bbox 1233 4738 1364 4794; x_wconf 91' lang='lat' dir='ltr'><strong>codicum</strong></span> <span class='ocrx_word' id='word_1_477' title='bbox 1381 4738 1571 4795; x_wconf 92' lang='lat' dir='ltr'><strong>recentiorum</strong></span> <span class='ocrx_word' id='word_1_478' title='bbox 1587 4737 1686 4808; x_wconf 88' lang='lat' dir='ltr'><strong>quales</strong></span> <span class='ocrx_word' id='word_1_479' title='bbox 1704 4737 1803 4792; x_wconf 78' lang='lat' dir='ltr'><strong>Romae</strong></span> <span class='ocrx_word' id='word_1_480' title='bbox 1815 4740 1843 4792; x_wconf 91' lang='lat' dir='ltr'><strong>et</strong></span> <span class='ocrx_word' id='word_1_481' title='bbox 1863 4735 1891 4790; x_wconf 90' lang='lat' dir='ltr'><strong>in</strong></span> 
     </span>
     <span class='ocr_line' id='line_1_45' title="bbox 186 4804 1894 4932; baseline 0.002 -74"><span class='ocrx_word' id='word_1_482' title='bbox 186 4804 262 4886; x_wconf 81' lang='lat' dir='ltr'><strong>Licet</strong></span> <span class='ocrx_word' id='word_1_483' title='bbox 274 4810 368 4859; x_wconf 86' lang='lat' dir='ltr'><strong>autem</strong></span> <span class='ocrx_word' id='word_1_484' title='bbox 390 4816 440 4859; x_wconf 91' lang='lat' dir='ltr'><strong>nec</strong></span> <span class='ocrx_word' id='word_1_485' title='bbox 452 4804 510 4860; x_wconf 90' lang='lat' dir='ltr'><strong>alia</strong></span> <span class='ocrx_word' id='word_1_486' title='bbox 525 4804 646 4861; x_wconf 78' lang='lat' dir='ltr'><strong>dienettl</strong></span> <span class='ocrx_word' id='word_1_487' title='bbox 667 4804 740 4860; x_wconf 89' lang='lat' dir='ltr'><strong>tacta</strong></span> <span class='ocrx_word' id='word_1_488' title='bbox 761 4804 939 4878; x_wconf 83' lang='lat' dir='ltr'><strong>approbaret,</strong></span> <span class='ocrx_word' id='word_1_489' title='bbox 961 4809 1010 4864; x_wconf 90' lang='lat' dir='ltr'><strong>sed</strong></span> <span class='ocrx_word' id='word_1_490' title='bbox 1067 4807 1197 4864; x_wconf 88' lang='lat' dir='ltr'><strong>interiori</strong></span> <span class='ocrx_word' id='word_1_491' title='bbox 1209 4808 1292 4864; x_wconf 92' lang='lat' dir='ltr'><strong>ltalia</strong></span> <span class='ocrx_word' id='word_1_492' title='bbox 1306 4811 1428 4877; x_wconf 82' lang='lat' dir='ltr'><strong>exstant,</strong></span> <span class='ocrx_word' id='word_1_493' title='bbox 1450 4822 1534 4878; x_wconf 89' lang='lat' dir='ltr'><strong>quam</strong></span> <span class='ocrx_word' id='word_1_494' title='bbox 1546 4808 1709 4864; x_wconf 90' lang='lat' dir='ltr'><strong>editionum</strong></span> <span class='ocrx_word' id='word_1_495' title='bbox 1723 4806 1789 4864; x_wconf 89' lang='lat' dir='ltr'><strong>tens</strong></span> <span class='ocrx_word' id='word_1_496' title='bbox 1802 4820 1894 4932; x_wconf 50' lang='lat' dir='ltr'><strong>agne-</strong></span> 
     </span>
     <span class='ocr_line' id='line_1_46' title="bbox 174 4873 1892 4949; baseline 0.003 -21"><span class='ocrx_word' id='word_1_497' title='bbox 174 4873 353 4931; x_wconf 78' lang='lat' dir='ltr'><strong>dominandi</strong></span> <span class='ocrx_word' id='word_1_498' title='bbox 371 4873 493 4931; x_wconf 85' lang='lat' dir='ltr'><strong>trahendi</strong></span> <span class='ocrx_word' id='word_1_499' title='bbox 516 4889 551 4930; x_wconf 88' lang='lat' dir='ltr'><strong>uc</strong></span> <span class='ocrx_word' id='word_1_500' title='bbox 562 4876 748 4947; x_wconf 88' lang='lat' dir='ltr'><strong>cupiditatem</strong></span> <span class='ocrx_word' id='word_1_501' title='bbox 763 4885 929 4934; x_wconf 87' lang='lat' dir='ltr'><strong>etseverum</strong></span> <span class='ocrx_word' id='word_1_502' title='bbox 948 4879 1011 4948; x_wconf 83' lang='lat' dir='ltr'><strong>ejus</strong></span> <span class='ocrx_word' id='word_1_503' title='bbox 1065 4879 1167 4935; x_wconf 90' lang='lat' dir='ltr'><strong>scitur.</strong></span> <span class='ocrx_word' id='word_1_504' title='bbox 1179 4879 1248 4934; x_wconf 89' lang='lat' dir='ltr'><strong>Nam</strong></span> <span class='ocrx_word' id='word_1_505' title='bbox 1263 4884 1414 4949; x_wconf 90' lang='lat' dir='ltr'><strong>antequam</strong></span> <span class='ocrx_word' id='word_1_506' title='bbox 1428 4879 1543 4935; x_wconf 87' lang='lat' dir='ltr'><strong>llemam</strong></span> <span class='ocrx_word' id='word_1_507' title='bbox 1557 4877 1717 4947; x_wconf 83' lang='lat' dir='ltr'><strong>alternetur,</strong></span> <span class='ocrx_word' id='word_1_508' title='bbox 1731 4890 1809 4934; x_wconf 90' lang='lat' dir='ltr'><strong>aune</strong></span> <span class='ocrx_word' id='word_1_509' title='bbox 1841 4875 1892 4932; x_wconf 80' lang='lat'><strong>560</strong></span> 
     </span>
     <span class='ocr_line' id='line_1_47' title="bbox 185 4889 1894 5029; baseline 0.003 -31"><span class='ocrx_word' id='word_1_510' title='bbox 185 4942 216 4999; x_wconf 90' lang='lat' dir='ltr'><strong>tn</strong></span> <span class='ocrx_word' id='word_1_511' title='bbox 233 4943 409 5001; x_wconf 86' lang='lat' dir='ltr'><strong>titiessancti</strong></span> <span class='ocrx_word' id='word_1_512' title='bbox 423 4889 565 5029; x_wconf 71' lang='lat' dir='ltr'><strong>lieneCictt</strong></span> <span class='ocrx_word' id='word_1_513' title='bbox 582 4947 733 5016; x_wconf 90' lang='lat' dir='ltr'><strong>imperium</strong></span> <span class='ocrx_word' id='word_1_514' title='bbox 749 4947 926 5018; x_wconf 83' lang='lat' dir='ltr'><strong>abhorreret,</strong></span> <span class='ocrx_word' id='word_1_515' title='bbox 943 4953 1011 5004; x_wconf 89' lang='lat' dir='ltr'><strong>tan-</strong></span> <span class='ocrx_word' id='word_1_516' title='bbox 1064 4950 1205 5005; x_wconf 89' lang='lat' dir='ltr'><strong>altarino</strong></span> <span class='ocrx_word' id='word_1_517' title='bbox 1226 4949 1340 5005; x_wconf 82' lang='lat' dir='ltr'><strong>Freccia</strong></span> <span class='ocrx_word' id='word_1_518' title='bbox 1351 4955 1487 5020; x_wconf 82' lang='lat' dir='ltr'><strong>exceptus</strong></span> <span class='ocrx_word' id='word_1_519' title='bbox 1503 4955 1556 5016; x_wconf 84' lang='lat' dir='ltr'><strong>cst,</strong></span> <span class='ocrx_word' id='word_1_520' title='bbox 1579 4949 1664 5019; x_wconf 81' lang='lat' dir='ltr'><strong>cujus</strong></span> <span class='ocrx_word' id='word_1_521' title='bbox 1678 4948 1785 5005; x_wconf 88' lang='lat' dir='ltr'><strong>deinde</strong></span> <span class='ocrx_word' id='word_1_522' title='bbox 1796 4960 1894 5004; x_wconf 81' lang='lat' dir='ltr'><strong>exem-</strong></span> 
     </span>
     <span class='ocr_line' id='line_1_48' title="bbox 185 5006 1894 5096; baseline 0.001 -26"><span class='ocrx_word' id='word_1_523' title='bbox 185 5006 337 5096; x_wconf 78' lang='lat' dir='ltr'><strong>testamen</strong></span> <span class='ocrx_word' id='word_1_524' title='bbox 359 5021 456 5085; x_wconf 84' lang='lat' dir='ltr'><strong>patrrae</strong></span> <span class='ocrx_word' id='word_1_525' title='bbox 470 5023 498 5073; x_wconf 92' lang='lat' dir='ltr'><strong>et</strong></span> <span class='ocrx_word' id='word_1_526' title='bbox 530 5018 606 5073; x_wconf 90' lang='lat' dir='ltr'><strong>entis</strong></span> <span class='ocrx_word' id='word_1_527' title='bbox 620 5031 700 5074; x_wconf 90' lang='lat' dir='ltr'><strong>amer</strong></span> <span class='ocrx_word' id='word_1_528' title='bbox 720 5018 951 5076; x_wconf 87' lang='lat' dir='ltr'><strong>Ercnembertum</strong></span> <span class='ocrx_word' id='word_1_529' title='bbox 965 5027 1012 5076; x_wconf 91' lang='lat' dir='ltr'><strong>te-</strong></span> <span class='ocrx_word' id='word_1_530' title='bbox 1065 5019 1127 5088; x_wconf 87' lang='lat' dir='ltr'><strong>ptar</strong></span> <span class='ocrx_word' id='word_1_531' title='bbox 1145 5021 1307 5090; x_wconf 91' lang='lat' dir='ltr'><strong>complures</strong></span> <span class='ocrx_word' id='word_1_532' title='bbox 1323 5019 1378 5075; x_wconf 89' lang='lat' dir='ltr'><strong>viri</strong></span> <span class='ocrx_word' id='word_1_533' title='bbox 1402 5020 1521 5076; x_wconf 90' lang='lat' dir='ltr'><strong>litterati</strong></span> <span class='ocrx_word' id='word_1_534' title='bbox 1541 5021 1758 5090; x_wconf 82' lang='lat' dir='ltr'><strong>exscripserunt</strong></span> <span class='ocrx_word' id='word_1_535' title='bbox 1777 5019 1819 5090; x_wconf 71' lang='lat' dir='ltr'><strong>(y).</strong></span> <span class='ocrx_word' id='word_1_536' title='bbox 1844 5020 1894 5073; x_wconf 84' lang='lat' dir='ltr'><strong>Est</strong></span> 
     </span>
     <span class='ocr_line' id='line_1_49' title="bbox 185 5032 1892 5164; baseline 0.003 -25"><span class='ocrx_word' id='word_1_537' title='bbox 185 5090 260 5155; x_wconf 83' lang='lat' dir='ltr'><strong>uuit,</strong></span> <span class='ocrx_word' id='word_1_538' title='bbox 277 5091 309 5143; x_wconf 89' lang='lat' dir='ltr'><strong>ut</strong></span> <span class='ocrx_word' id='word_1_539' title='bbox 327 5087 476 5143; x_wconf 87' lang='lat' dir='ltr'><strong>victoriam</strong></span> <span class='ocrx_word' id='word_1_540' title='bbox 491 5032 530 5143; x_wconf 79' lang='lat' dir='ltr'><strong>aeI</strong></span> <span class='ocrx_word' id='word_1_541' title='bbox 542 5094 671 5144; x_wconf 87' lang='lat' dir='ltr'><strong>sanetum</strong></span> <span class='ocrx_word' id='word_1_542' title='bbox 687 5087 815 5143; x_wconf 87' lang='lat' dir='ltr'><strong>Curtium</strong></span> <span class='ocrx_word' id='word_1_543' title='bbox 830 5089 866 5145; x_wconf 89' lang='lat' dir='ltr'><strong>ab</strong></span> <span class='ocrx_word' id='word_1_544' title='bbox 880 5088 1011 5147; x_wconf 75' lang='lat' dir='ltr'><strong>deuotio</strong></span> <span class='ocrx_word' id='word_1_545' title='bbox 1065 5091 1297 5148; x_wconf 87' lang='lat' dir='ltr'><strong>membranaceus</strong></span> <span class='ocrx_word' id='word_1_546' title='bbox 1312 5090 1341 5146; x_wconf 95' lang='lat' dir='ltr'><strong>in</strong></span> <span class='ocrx_word' id='word_1_547' title='bbox 1354 5088 1393 5162; x_wconf 71' lang='lat'><strong>4⁰,</strong></span> <span class='ocrx_word' id='word_1_548' title='bbox 1409 5091 1507 5147; x_wconf 91' lang='lat' dir='ltr'><strong>littera</strong></span> <span class='ocrx_word' id='word_1_549' title='bbox 1521 5090 1735 5164; x_wconf 86' lang='lat' dir='ltr'><strong>langobardica</strong></span> <span class='ocrx_word' id='word_1_550' title='bbox 1746 5093 1892 5155; x_wconf 81' lang='lat' dir='ltr'><strong>exaratus,</strong></span> 
     </span>
    </p>
   </div>
   <div class='ocr_carea' id='block_1_14' title="bbox 228 5206 1820 5498">
    <p class='ocr_par' dir='ltr' id='par_1_16' title="bbox 228 5206 1820 5498">
     <span class='ocr_line' id='line_1_50' title="bbox 229 5206 1820 5353; baseline 0.003 -89"><span class='ocrx_word' id='word_1_551' title='bbox 229 5224 246 5333; x_wconf 62' lang='lat' dir='ltr'><strong>g</strong></span> <span class='ocrx_word' id='word_1_552' title='bbox 266 5207 364 5335; x_wconf 52' lang='lat' dir='ltr'><strong>hiltun.</strong></span> <span class='ocrx_word' id='word_1_553' title='bbox 380 5206 422 5265; x_wconf 80' lang='lat' dir='ltr'><strong>ti.</strong></span> <span class='ocrx_word' id='word_1_554' title='bbox 1100 5209 1225 5353; x_wconf 44' lang='grc' dir='ltr'><strong>ΜΓ.</strong></span> <span class='ocrx_word' id='word_1_555' title='bbox 1240 5212 1285 5284; x_wconf 78' lang='lat' dir='ltr'><strong>at,</strong></span> <span class='ocrx_word' id='word_1_556' title='bbox 1302 5210 1333 5269; x_wconf 86' lang='lat' dir='ltr'><strong>3t</strong></span> <span class='ocrx_word' id='word_1_557' title='bbox 1348 5217 1376 5270; x_wconf 92' lang='lat' dir='ltr'><strong>et</strong></span> <span class='ocrx_word' id='word_1_558' title='bbox 1388 5213 1540 5270; x_wconf 90' lang='lat' dir='ltr'><strong>secundam</strong></span> <span class='ocrx_word' id='word_1_559' title='bbox 1557 5212 1687 5270; x_wconf 81' lang='lat' dir='ltr'><strong>historiae</strong></span> <span class='ocrx_word' id='word_1_560' title='bbox 1700 5216 1820 5283; x_wconf 87' lang='lat' dir='ltr'><strong>partem.</strong></span> 
     </span>
     <span class='ocr_line' id='line_1_51' title="bbox 228 5206 1238 5498; baseline 0.007 -23"><span class='ocrx_word' id='word_1_561' title='bbox 228 5206 356 5495; x_wconf 76' lang='lat' dir='ltr'><strong>Iae-</strong></span> <span class='ocrx_word' id='word_1_562' title='bbox 1099 5283 1238 5498; x_wconf 74' lang='lat' dir='ltr'><strong>lisa·</strong></span> 
     </span>
    </p>
   </div>
   <div class='ocr_carea' id='block_1_15' title="bbox 228 5488 1892 5568">
    <p class='ocr_par' dir='ltr' id='par_1_17' title="bbox 228 5488 1892 5568">
     <span class='ocr_line' id='line_1_52' title="bbox 228 5488 1892 5568; baseline -0.01 -2"><span class='ocrx_word' id='word_1_563' title='bbox 228 5493 250 5566; x_wconf 69' lang='lat' dir='ltr'><strong>t)</strong></span> <span class='ocrx_word' id='word_1_564' title='bbox 260 5491 289 5547; x_wconf 62' lang='grc' dir='ltr'><strong>ὓ·</strong></span> <span class='ocrx_word' id='word_1_565' title='bbox 309 5488 333 5563; x_wconf 71' lang='lat'><strong>⁴2</strong></span> <span class='ocrx_word' id='word_1_566' title='bbox 345 5489 391 5546; x_wconf 47' lang='grc' dir='ltr'><strong>ᾗ·</strong></span> <span class='ocrx_word' id='word_1_567' title='bbox 1096 5498 1120 5568; x_wconf 78' lang='lat' dir='ltr'><strong>Ii&#39;</strong></span> <span class='ocrx_word' id='word_1_568' title='bbox 1143 5497 1213 5553; x_wconf 89' lang='lat' dir='ltr'><strong>Vide</strong></span> <span class='ocrx_word' id='word_1_569' title='bbox 1227 5497 1373 5562; x_wconf 83' lang='lat' dir='ltr'><strong>Peregrini</strong></span> <span class='ocrx_word' id='word_1_570' title='bbox 1388 5495 1581 5568; x_wconf 77' lang='lat' dir='ltr'><strong>praelationem</strong></span> <span class='ocrx_word' id='word_1_571' title='bbox 1597 5497 1630 5553; x_wconf 91' lang='lat' dir='ltr'><strong>ad</strong></span> <span class='ocrx_word' id='word_1_572' title='bbox 1648 5497 1892 5564; x_wconf 68' lang='lat' dir='ltr'><strong>Erebembertum,</strong></span> 
     </span>
    </p>
   </div>
   <div class='ocr_carea' id='block_1_16' title="bbox 0 0 1957 6084">
    <p class='ocr_par' dir='ltr' id='par_1_18' title="bbox 0 0 1957 6084">
     <span class='ocr_line' id='line_1_53' title="bbox 0 0 1957 6084; baseline 0 0"><span class='ocrx_word' id='word_1_573' title='bbox 0 0 1957 6084; x_wconf 95' lang='lat' dir='ltr'><strong> </strong></span> 
     </span>
    </p>
   </div>
  </div>
 </body>
</html>
