3876 6090
107 262 162 325 ῶδ

132 431 265 490 ροοσατω,
290 413 334 474 καὶ
351 413 500 494 κατανογείς
518 412 569 474 tal
581 420 628 474 τοῦ
643 416 715 475 Θεοῦ
726 420 741 474 d
754 415 909 497 στρατηγὸς,

131 495 211 572 ήγονν
235 501 250 556 θ
269 499 447 579 τοποτηρητής
464 506 511 560 τοῦ
533 508 693 580 στρατηγοῦ,
709 499 821 581 ἔπεμψεν
835 501 911 579 ants

132 584 212 642 «tert
232 581 292 651 τοὺς
317 585 508 667 προθιόηκότας
527 591 579 646 τῶν
599 586 705 666 βάνδων,
726 586 912 668 πρεοὸυτέρους

132 690 162 727 τε
182 669 227 729 καλ
247 670 399 745 διακόνους,
419 675 465 733 καὶ
488 671 549 739 τοὺς
572 673 686 740 ιάλαόεῖς
709 676 908 756 σιγνορόλακας

132 752 177 821 a&
202 755 262 816 ίδδτν
283 759 504 840 παραγενομένους
528 763 542 819 δ
564 761 647 839 ῥηθείς
671 759 752 827 ἀόὅᾶς
780 759 910 838 Μάξιμος,

133 843 240 923 δῖῑρθῑλε
261 842 339 905 ίόαλε
366 846 513 924 μετάνοιαν.
541 848 595 905 Καὶ
619 845 758 906 alstemo
785 848 907 928 κάκεῖνοι,

132 927 177 988 καί
196 929 325 1006 ἀκόθισαν,
347 936 515 1000 κελεύσαντες
533 933 577 993 ml
593 937 664 994 αὐτῶ
677 934 788 993 καθίσαι.
806 934 860 992 Καί
872 957 912 998 τις

132 1012 199 1074 πάνυ
219 1014 304 1099 γίρων
325 1017 410 1096 τίμιος
430 1011 486 1080 εἶπε
504 1042 568 1101 προς
581 1019 657 1080 αὐτόν
676 1018 742 1098 μετδι
753 1020 853 1090 πολλῆς
864 1024 910 1091 τῆς

174 1188 275 1273 Πάτερ,
289 1190 376 1264 ἐπειδὴ
389 1193 573 1255 ἀσαανδάλισαν
586 1199 655 1274 ἡμὰς
665 1217 731 1260 τινες
749 1197 784 1260 εἰς
802 1191 851 1264 τήν
864 1191 912 1264 σήν

134 1277 290 1354 ἁγωισόνην,
304 1283 339 1346 ὡς
354 1283 384 1340 οίν
396 1279 480 1359 λόγοις
493 1278 626 1342 Θεοτόκον
636 1278 683 1352 τήν
692 1278 825 1341 δίσποιναν
837 1284 913 1358 ἡμῶν

133 1360 181 1434 τλν
197 1365 323 1444 παναγίαν
339 1364 473 1448 παρθίνον,
494 1367 588 1448 ὁρκίζω
599 1391 629 1428 σε
642 1365 709 1427 κατὰ
720 1373 767 1439 τῆς
780 1358 854 1444 ἁγίας
867 1367 913 1426 καὶ

135 1453 274 1529 δμοουοίου
287 1455 331 1514 καὶ
344 1458 472 1524 {omont
485 1453 598 1536 τριάδος,
613 1458 693 1515 εἰπεῖν
705 1461 768 1532 ἡμῖν
784 1451 832 1525 τήν
844 1456 912 1526 ἀλή-

134 1540 213 1610 θειαν,
234 1540 279 1600 καί
300 1541 489 1623 ἀποτρίψασθαι
507 1545 560 1602 τῶν
577 1541 687 1622 καρδιῶν
706 1546 781 1619 ἡμῶν
794 1546 870 1601 τοῦτο
882 1541 913 1600 τδ

135 1624 286 1687 σκάνδαλον·
295 1625 337 1688 δνα
346 1625 384 1706 μὴ
393 1626 909 1709 βλαττπίιμεθαάδίκοκσκανδοιλιζόμενοι.

135 1710 190 1770 Καὶ
202 1712 288 1792 βαλὼν
302 1715 449 1793 μετάνοιαν,
460 1715 566 1793 ἀνίστη,
579 1717 625 1775 καὶ
637 1716 749 1787 ἐκτείνας
762 1713 807 1782 τάς
824 1721 912 1796 χεῖρας

136 1791 645 1883 sacramentario·
671 1800 913 1881 piluma

136 1881 270 1946 δίσποιναν
281 1893 367 1967 ήμῶν,
381 1887 429 1961 τήν
442 1892 606 1967 πανύμνητον
618 1888 663 1949 καί
674 1888 801 1967 παναγίαν
813 1889 912 1970 ἀχραν-

136 1994 192 2050 τον,
206 1974 251 2034 καλ
263 1974 335 2055 πάσῃ
347 1979 381 2056 τῇ
394 1975 512 2058 ρόαειτῇ
526 1984 601 2057 νοερᾳ
609 1973 717 2052 σιπτλν,
730 1973 838 2057 ρυαικὴν
851 1979 914 2048 ἀλη·

137 2061 187 2127 θῶς
209 2061 311 2145 μητίρα
329 2070 377 2125 τοῦ
397 2066 466 2125 Θεοῦ
479 2060 629 2143 γινομόιην,
645 2069 690 2122 τοῦ
703 2065 856 2136 ποιήσαντος
868 2063 913 2122 τδν

137 2146 422 2230 οὖρανθνεαὶτλνγὴν,
437 2149 693 2226 καίτῆνθάλασοαν,
715 2149 759 2210 καί
778 2149 862 2210 πάντα
881 2148 914 2208 τά

137 2235 164 2293 ἀν
176 2238 272 2315 αὐτοῖς,
288 2237 359 2298 ἔστω
372 2238 483 2317 ἀνάθεμα
495 2238 539 2298 καί
550 2237 685 2315 κατάθεμα
692 2237 744 2296 ἀπδ
753 2243 798 2296 τῶ
812 2236 914 2316 Πατρδς

136 2320 240 2382 καὶτοῦ
251 2325 317 2384 tion
334 2326 437 2386 καὶτοῦ
450 2324 525 2404 ἁγίου
538 2324 701 2402 Πνεόματος,
716 2329 762 2395 τῆς
774 2325 913 2402 ομοουσίου

137 2407 181 2466 καὶ
193 2416 370 2489 προοκννητῆς
382 2411 495 2492 τριάδος,
515 2411 560 2471 καὶ
575 2411 660 2482 πάσης
674 2409 824 2490 ἀπουρανίου
837 2411 912 2468 δυνά-

137 2515 218 2572 μεως,
230 2496 276 2557 καὶ
284 2503 331 2557 τοῦ
347 2505 429 2578 χοροῦ
441 2502 494 2558 τῶν
504 2498 584 2576 ἁγίων
597 2495 748 2556 ἀποστόλων
761 2496 805 2555 καί
817 2518 913 2577 προφη-

136 2583 200 2653 τῶν,
215 2581 317 2643 καὶτοῦ
331 2583 437 2665 ἀπείρου
445 2584 589 2660 δήμουτῶν
604 2587 752 2664 μαρτύρων,
762 2583 806 2641 καὶ
817 2583 913 2648 παντὸς

136 2666 282 2746 πνεύματος
295 2670 322 2728 ἀν
334 2671 482 2749 δικαιοσύνῃ
495 2669 705 2748 τετελειωμίνου,
725 2676 779 2738 νῦν,
800 2671 844 2730 καί
861 2672 911 2738 ἀεὶ,

136 2754 182 2815 καί
199 2757 236 2823 τίς
256 2754 315 2823 τοδε
332 2755 450 2838 ἀπείρους
468 2760 557 2824 αἰῶνος
569 2760 621 2816 τῶν
641 2754 751 2828 αἰώνων,
767 2757 845 2834 ἀμήν.
863 2755 914 2816 Καὶ

136 2842 293 2909 κλαύσαντες
302 2841 409 2915 ufficone
420 2847 501 2927 αὐτῷ,
511 2843 638 2924 λέγοντες
649 2846 683 2904 ‘0
691 2843 759 2910 Θιδς
769 2841 911 2920 ἐνδυναμώ·

136 2951 176 2989 σεε
190 2953 231 3006 σε,
256 2930 357 3012 Πάτερ,
376 2933 420 2991 καὶ
436 2929 537 3001 ἀξιώσει
552 2955 583 2992 σε
603 2928 767 3012 ἀπρόσκοπον
780 2931 913 2990 τελειῶσαι

135 3013 179 3076 τάν
187 3014 282 3098 δρόμον
294 3023 395 3078 τοῦτον.
410 3019 464 3079 Καὶ
475 3021 574 3079 τούτων
580 3016 733 3098 εἰρημένων,
744 3017 912 3097 ἠθροίσθησαν

135 3108 229 3168 πολλοὶ
251 3113 416 3191 στρατιῶται,
429 3111 534 3170 πολλῶν
551 3110 639 3169 καλῶν
658 3106 806 3180 κινηθίντων
828 3105 912 3182 λόγων

135 3191 312 3274 ἀκροώμενοι·
333 3197 377 3257 καί
399 3197 530 3277 θεωρήσας
550 3220 589 3262 τις
610 3200 661 3255 τῶν
686 3193 845 3272 δομεοτίκων
866 3199 912 3253 τοῦ

136 3289 291 3364 στρατηγῶ,
307 3282 346 3344 ότι
358 3281 439 3351 πολδς
453 3287 636 3364 ἀπισωριύεται
649 3280 768 3364 στρατὸς,
784 3281 828 3340 καὶ
840 3284 910 3340 οἰκο·

135 3368 261 3445 δομεῑται,
282 3371 327 3429 καὶ
344 3368 532 3449 καταγινώσκει
548 3374 600 3430 τῶν
618 3373 652 3436 τίς
666 3369 742 3431 atria
754 3366 909 3446 praep-loma·

135 3455 172 3517 Τί
189 3458 332 3530 ὑπονοήσας
355 3465 371 3519 δ
393 3458 461 3525 Θεδς
488 3450 570 3518 οἶδεν·
591 3457 727 3538 ἐπίτρεψον
749 3455 912 3536 ἀνάρπαστον

134 3544 211 3623 αὐτόν
226 3545 354 3624 γενόσθαι,
369 3547 413 3606 καὶ
426 3550 548 3626 βληθῆναι
561 3545 613 3603 ἀπδ
626 3546 672 3603 δύο
685 3544 777 3622 μιλίων
789 3550 838 3602 τοῦ
854 3566 910 3624 ρω-

135 3630 227 3702 σάτου,
248 3631 298 3698 lut<
317 3630 348 3693 ἀν
365 3630 413 3702 τήν
430 3630 528 3698 σύναξιν
548 3632 686 3703 ποιήσωσι,
710 3630 753 3688 καὶ
769 3627 874 3688 ἔλθωσιν
888 3633 911 3687 οἱ

135 3717 277 3798 ἀρεθιοντες
289 3720 430 3795 ἀπαγαγεῖν
440 3715 516 3776 αὐτόν
527 3720 554 3776 ἐν
564 3714 712 3797 Περόίροις.
726 3713 801 3787 Πλὴν
810 3714 849 3774 ότι
858 3715 912 3797 θεία

135 3803 223 3881 ἀγάπη
238 3801 374 3881 νικώμενοι
387 3806 412 3862 οἱ
425 3803 555 3882 κληρικοί,
571 3801 710 3873 ἀπόζεόσαν
719 3801 751 3861 τὸ
764 3803 809 3861 δύο
824 3802 908 3879 μίλια,

134 3889 180 3950 αι
198 3871 287 3961 lxm,
309 3888 356 3949 νει
376 3888 528 3962 nesam
546 3889 633 3960 ms,
652 3891 696 3949 ιιι
708 3887 815 3960 laram
827 3893 908 3971 aaa.

135 3974 188 4036 liat
198 3977 288 4059 χερσίν
304 3976 377 4044 ἰδίαις
396 3977 567 4058 βαστάσαντες
583 3977 672 4055 αὐτὸν,
694 3977 796 4050 ίθηκαν,
821 3978 863 4039 ἐπὶ
880 3977 911 4038 τὸ

134 4067 238 4136 κτῆνος,
252 4064 297 4125 καί
314 4067 474 4147 ωιτεοτρτψαν
498 4065 554 4143 μετ’
575 4065 674 4146 εἰρήνης
692 4069 726 4133 εἰς
744 4063 803 4132 τοδε
815 4063 909 4132 τόπους

134 4155 230 4228 αὐτῶν,
243 4152 288 4213 καί
300 4151 375 4219 αότδς
387 4150 564 4233 ,ἀπηνέχθηέν
579 4152 727 4236 Ηερόίροις,
743 4155 769 4212 ἀν
790 4155 910 4232 τῇσυνε-

134 4243 220 4321 adm
235 4240 311 4301 mn
324 4250 427 4325 muti·

174 4330 312 4391 Καίτοῦτο
323 4327 453 4397 altason
465 4329 504 4389 ότι
517 4332 543 4390 ἀν
555 4329 704 4412 τῷίΡηγίῳ
715 4327 909 4408 ἀποτεινόμενος

134 4414 252 4499 Τρόῖλος
263 4417 468 4500 πρδςτδνάὄᾱν
481 4408 753 4494 Μάξιμον,εἶπεν·Ὦς
768 4422 782 4478 ἁ
795 4419 911 4479 κονσιλά·

135 4527 187 4581 ριος
204 4503 322 4580 Ἰωάννης
343 4504 452 4587 ίγραρεν
468 4508 544 4590 οώτῷ
563 4504 622 4585 περὶ
641 4504 793 4583 «opticus
811 4530 909 4588 προτα-

133 4591 217 4664 θείαης
226 4595 322 4666 αάτοῖς,
336 4594 379 4653 καί
390 4599 469 4652 τοῦτο
478 4591 593 4671 γενέσθαι
605 4590 682 4667 τίως,
696 4597 780 4664 ἡτῶν
794 4597 846 4654 τῶν
861 4618 911 4672 μα-

133 4681 217 4748 θητῶν
231 4678 319 4748 ἀταξία
338 4677 489 4751 διεκώλυσε,
515 4669 587 4758 οἶμαι
600 4677 638 4752 δδ,
653 4679 693 4739 ότι
706 4683 753 4740 οὐκ
770 4679 910 4762 ἔγραήνενὰ

133 4762 266 4844 εἰρημένος
273 4765 430 4846 κονσιλάριος
447 4767 565 4840 Ἰωάννης
575 4767 692 4850 πρδςτδν
701 4767 832 4849 Τρώὶλον,
842 4765 910 4826 ἀλλά

132 4848 195 4931 πρδε
209 4852 359 4913 Μεννάντδν
366 4853 492 4935 μοναχδν,
506 4857 621 4938 κάκεῖνος
635 4847 691 4917 εἶπε
703 4861 757 4923 τοῖς
767 4862 813 4915 τῶ
822 4857 909 4914 παλα-

165 5103 381 5185 Καίμετάταῦτα
388 5108 486 5188 ἤγαγον
494 5109 906 5193 αὗτοδςάνΚωνοταντινουπόλιι,

157 5274 242 5400 [1111οο
256 5280 299 5330 cst
317 5272 553 5330 vexilliferorum.
571 5275 642 5330 ilinc
659 5278 702 5329 est
723 5274 844 5328 canaam
862 5290 912 5333 seu

126 5357 188 5400 next
216 5358 273 5401 um.

159 5421 175 5464 u
189 5425 265 5478 ηςηςς
286 5427 452 5478 mmmm,
468 5413 616 5472 Μετάνοναν
630 5413 720 5490 idcir,
739 5423 792 5479 boc
807 5428 851 5480 est
860 5440 911 5492 pe-

128 5495 252 5563 nupeatt,
265 5509 381 5551 cernuus
395 5493 551 5565 procubuit.

720 260 899 319 balsaisa
923 264 1192 332 BlBLIOTllECAltIl

939 382 966 440 A
985 392 1048 456 post
1066 389 1139 447 duos
1151 392 1214 446 dies
1235 392 1348 447 rediens
1362 393 1512 461 milesillc‚
1529 393 1598 448 tulit
1609 407 1676 449 eum
1689 392 1712 449 ir

985 481 1038 544 tra,
1052 484 1080 532 et
1098 487 1286 546 compunctus
1307 481 1449 536 divinitus
1470 486 1582 550 praetor,
1597 481 1657 536 imo
1672 480 1712 536 lot

984 572 1072 634 vator,
1087 566 1229 635 Praetoris,
1244 567 1324 621 misit
1337 569 1371 622 ad
1384 582 1447 622 eum
1460 568 1621 636 primores·
1635 568 1712 625 baud

985 651 1228 721 presbyterosque.
1242 668 1274 708 ac
1286 654 1422 709 diaconos
1437 661 1464 709 ct
1475 656 1645 711 reverendos
1659 655 1712 727 sigi

984 740 1125 793 custodes.
1148 737 1224 806 Quos
1242 754 1306 796 curn
1330 741 1456 797 intuitus
1479 747 1553 796 esset
1569 742 1627 811 jam
1645 755 1712 798 nom

983 823 1054 879 abba
1075 826 1215 881 Maximus
1240 829 1398 896 advenisse,
1422 829 1558 897 surrexit,
1581 833 1609 884 et
1623 827 1638 869 b
1654 828 1711 886 mis

984 917 1122 968 tanoeam:
1144 921 1172 969 et
1198 915 1338 971 miserunt
1358 922 1386 972 et
1401 916 1446 971 illi
1460 918 1521 972 vice
1536 917 1692 990 reciproca,

983 999 1097 1072 derunt,
1119 1002 1252 1071 jubentes
1272 1011 1300 1060 et
1320 1005 1375 1074 ipsi
1396 1005 1502 1060 sedere.
1534 1006 1568 1060 Et
1589 1006 1711 1075 quidam

984 1101 1068 1143 senex
1082 1089 1261 1147 honorabilis
1275 1093 1351 1147 dixit
1362 1093 1396 1147 ad
1408 1106 1471 1148 cum
1483 1107 1548 1148 cum
1563 1093 1713 1151 reverentia

1018 1177 1110 1244 Pater,
1127 1180 1262 1250 quoniam
1285 1181 1549 1236 scandalizaverunt
1573 1196 1625 1237 uos
1640 1182 1710 1253 quid

985 1265 1202 1321 sanctimoniam
1216 1273 1304 1336 tuam,
1319 1270 1392 1338 quod
1407 1283 1462 1325 non
1482 1270 1562 1325 dicas
1573 1271 1624 1325 lici
1641 1271 1709 1342 geni

985 1351 1128 1408 dominam
1140 1361 1264 1409 nostram
1276 1356 1485 1410 sanctissimam
1501 1358 1657 1426 Virginem,
1669 1357 1713 1428 adl

986 1453 1035 1509 per
1056 1446 1181 1495 sanctam
1206 1448 1233 1496 et
1253 1442 1526 1500 consubstantialem
1552 1445 1713 1502 Trinitatem

986 1529 1131 1584 veritatem
1151 1531 1232 1586 dicas
1261 1533 1344 1587 nobis
1364 1539 1393 1586 et
1412 1533 1543 1604 detergas
1570 1548 1586 1589 a
1608 1535 1695 1590 corde

987 1615 1150 1672 scandalunt
1173 1619 1234 1689 boc,
1266 1634 1300 1674 nc
1325 1621 1464 1676 laedamur
1488 1622 1594 1690 iniuste
1612 1623 1714 1680 scanda

941 1701 967 1761 Β
985 1702 1020 1756 Et
1041 1702 1127 1758 missa
1152 1711 1287 1761 mctanoea
1311 1709 1447 1777 surrexit,
1473 1714 1501 1762 ct
1514 1710 1641 1763 extensis
1655 1710 1714 1765 int

988 1790 1194 1846 manibuscum
1214 1793 1348 1863 lacrymis
1362 1794 1456 1850 dixit:
1480 1795 1534 1864 Qui
1549 1809 1605 1851 uon
1621 1796 1697 1852 dicit

986 1888 1049 1931 nam
1070 1883 1194 1932 nostram
1221 1881 1491 1948 superlaudabilem,
1514 1883 1714 1940 sanctissimam

986 1968 1161 2034 temeratam,
1183 1972 1211 2021 et
1229 1967 1306 2021 omni
1330 1973 1439 2022 natura
1462 1969 1715 2026 intellectualiter

986 2049 1062 2119 dam,
1092 2053 1250 2108 naturalem
1285 2055 1424 2111 veraciter
1455 2062 1571 2112 matrem
1598 2059 1648 2112 Dei
1673 2056 1714 2115 cm

987 2139 1037 2208 qui
1058 2137 1126 2194 iecit
1141 2141 1253 2209 coslum,
1270 2148 1298 2195 ct
1320 2148 1433 2211 terram,
1448 2148 1476 2199 ct
1492 2159 1578 2214 mare,
1594 2152 1622 2200 ct
1636 2146 1714 2203 omui

989 2227 1017 2282 in
1032 2227 1076 2283 eis
1090 2233 1167 2298 sunt,
1195 2229 1234 2283 sit
1254 2230 1412 2300 anatbema,
1429 2238 1457 2285 et
1479 2233 1638 2289 catatlrema
1660 2235 1714 2290 aP

986 2314 1061 2371 Filio
1073 2319 1101 2370 et
1115 2316 1225 2384 Spiritu
1238 2322 1345 2386 sancto,
1361 2318 1599 2375 consubstantiali
1613 2327 1640 2376 et
1651 2336 1714 2393 supr

987 2402 1114 2457 stantiali
1136 2403 1285 2465 Trinitatc,
1308 2418 1340 2458 ac
1362 2406 1438 2459 omni
1462 2408 1658 2475 strpercoelcstl
1694 2424 1711 2464 ν

987 2495 1099 2558 atquea
1129 2491 1216 2546 cboro
1239 2498 1401 2547 sanctorum
1422 2490 1628 2566 apostolorum,
1657 2510 1715 2567 prot

988 2591 1061 2647 rum,
1084 2584 1112 2633 et
1126 2578 1239 2633 indulta
1262 2579 1342 2648 plebe
1355 2587 1517 2636 sauctorum
1530 2590 1700 2654 martyrum,

988 2679 1042 2734 quc
1054 2667 1160 2734 spiritu
1177 2667 1205 2721 in
1217 2668 1332 2737 justitia
1348 2679 1553 2740 consummato,
1572 2686 1648 2728 nunc
1662 2678 1715 2731 eta

986 2759 1013 2807 et
1033 2753 1062 2808 in
1093 2755 1196 2810 saecula
1218 2756 1398 2824 saeculorum,
1421 2771 1510 2813 amen.
1537 2760 1571 2814 Et
1595 2761 1694 2817 tientes

983 2847 1134 2896 oraverunt
1158 2843 1183 2897 ei
1198 2843 1326 2898 dicentes
1344 2863 1349 2898 :
1376 2846 1451 2900 Deus
1465 2845 1606 2902 confortet
1619 2854 1655 2918 te,
1672 2851 1715 2906 Pa·

982 2927 1101 2998 dignum
1117 2933 1144 2984 tc
1158 2928 1244 2985 iaciat
1255 2930 1365 3002 absque
1382 2932 1488 2988 offensa
1506 2934 1581 2989 bunc
1604 2936 1715 3004 perticat

940 2999 1055 3073 Csum.
1080 3019 1113 3073 Et
1130 3019 1175 3074 liis
1199 3019 1299 3091 uictis,
1322 3022 1486 3092 congregati
1508 3028 1575 3078 sunt
1595 3024 1681 3080 multi
1705 3040 1715 3080 r

983 3104 1174 3160 auscultaturi
1189 3107 1277 3161 multa
1302 3105 1374 3161 bona
1390 3108 1473 3162 verba
1490 3124 1551 3179 quac
1569 3111 1715 3168 movebant

984 3206 1048 3247 cum
1061 3193 1268 3262 contemplatus
1283 3200 1357 3249 essct
1371 3196 1488 3265 quidam
1507 3197 1715 3256 domesticorun

984 3281 1065 3351 toriS,
1088 3281 1162 3351 quod
1196 3283 1305 3338 multus
1331 3290 1545 3340 conservaretur
1569 3291 1599 3340 ct
1620 3287 1715 3343 aedlllc

982 3367 1135 3438 exereitus,
1147 3382 1179 3423 ac
1192 3369 1409 3438 reprehenderet
1422 3385 1483 3440 quac
1501 3371 1621 3442 debant3
1636 3374 1707 3443 quid

983 3461 1063 3510 catus
1075 3457 1150 3511 Deus
1164 3457 1240 3524 scit3
1262 3459 1395 3526 praecepit
1411 3473 1474 3514 eum
1488 3460 1549 3529 rapi
1567 3467 1595 3515 et
1620 3463 1715 3518 emitti

982 3549 1074 3597 castra
1085 3543 1198 3599 duobus
1210 3545 1349 3616 millibus,
1363 3547 1452 3601 donec
1463 3547 1662 3603 collectionem
1676 3548 1716 3618 icc

982 3633 1010 3684 et
1029 3630 1173 3685 venissent
1192 3632 1240 3701 qui
1270 3632 1404 3688 deberent
1438 3635 1541 3690 ducere
1562 3636 1644 3691 illum
1670 3638 1716 3694 Pcr

984 3718 1085 3772 l'erum
1098 3718 1196 3773 clerici
1208 3719 1305 3774 divina
1323 3720 1391 3776 moti
1407 3722 1562 3778 dilectione
1576 3723 1716 3792 pcditcsd

984 3804 1044 3859 illis
1060 3805 1208 3861 milliariis
1227 3805 1371 3878 abierunt,
1393 3814 1589 3878 ettenorum,
1615 3817 1643 3866 et
1665 3812 1716 3868 sali

983 3896 1051 3947 runt
1069 3906 1144 3962 eum,
1161 3897 1188 3948 et
1210 3900 1362 3950 oraverunt
1378 3895 1434 3966 itti,
1457 3902 1485 3952 ct
1502 3897 1635 3953 manibus
1658 3898 1716 3956 suit

983 3984 1075 4036 tantes
1093 3982 1363 4050 imposuerunteum
1376 3998 1461 4052 supra
1473 3985 1645 4053 jumentum,
1661 3993 1716 4042 etr

984 4072 1051 4125 sunt
1074 4083 1138 4125 cum
1169 4083 1235 4139 pace
1257 4069 1291 4124 ad
1309 4069 1370 4126 loca
1392 4085 1454 4142 sua,
1476 4078 1504 4126 et
1525 4073 1585 4142 ipse
1606 4074 1716 4130 adduct

983 4157 1112 4212 Perberis
1128 4157 1157 4212 in
1179 4158 1339 4213 custodiam
1360 4173 1415 4229 qua
1437 4160 1585 4216 coutinuis
1606 4163 1716 4220 rexatic

983 4245 1142 4301 tenebatur.

942 4335 969 4397 D
1018 4334 1052 4388 Et
1066 4332 1118 4388 boc
1141 4348 1253 4405 quoque
1268 4334 1428 4406 sciendum,
1444 4336 1513 4406 quia
1538 4335 1568 4392 in
1589 4337 1668 4409 regio
1686 4353 1716 4408 pr

981 4419 1066 4476 debat
1080 4422 1194 4478 Troilus
1215 4422 1249 4477 ad
1265 4423 1395 4478 abbatem
1418 4425 1573 4480 lllaximum
1596 4425 1709 4497 dicens,

981 4509 1299 4566 consiliariusloauues
1311 4512 1460 4581 scripserit
1484 4513 1540 4567 sibi
1554 4513 1589 4568 de
1610 4514 1717 4571 accidet

982 4597 1164 4667 quibusdam,
1191 4612 1253 4667 ηοω
1284 4598 1340 4654 sibi
1370 4600 1552 4656 consulerent
1577 4614 1610 4656 ac
1648 4601 1717 4671 plac

982 4685 1049 4742 licet
1069 4685 1121 4742 boc
1135 4686 1196 4741 deri
1208 4686 1323 4741 interim
1343 4686 1553 4756 discipulorum
1571 4691 1713 4747 tuorumi

982 4775 1061 4831 natio
1083 4773 1272 4844 prohibuerit.
1294 4774 1412 4830 AEstimo
1433 4779 1526 4830 autem
1552 4777 1627 4847 quod
1657 4791 1715 4835 nou

983 4864 1071 4932 pserit
1080 4864 1137 4933 jam
1157 4864 1255 4918 dictus
1269 4863 1456 4918 consiliarius
1470 4865 1591 4919 loannes
1607 4865 1642 4921 ad
1665 4868 1717 4925 Tro

982 4951 1029 5006 sed
1050 4951 1083 5005 nd
1107 4952 1234 5005 bleranam
1251 4951 1430 5020 monachum,
1454 4958 1482 5006 et
1505 4952 1554 5007 ille
1567 4953 1705 5024 deinceps

982 5037 1058 5093 xerlt
1073 5037 1218 5107 palatinis.

1020 5172 1033 5202 0
1047 5159 1155 5215 Exinde
1169 5159 1302 5216 adductis
1326 5161 1388 5217 illis
1401 5162 1689 5240 Constantinopolim,
1705 5183 1717 5226 a

1019 5283 1108 5336 ellac
1125 5281 1294 5337 Anastasius
1316 5298 1371 5338 non
1386 5284 1475 5339 dedit.
1504 5299 1555 5340 nuc
1575 5301 1641 5343 vero
1663 5303 1715 5358 por

984 5354 1017 5408 ad
1034 5353 1232 5408 collationem:
1253 5358 1356 5420 tamen,
1378 5356 1446 5424 quia
1462 5357 1615 5425 conjuncta
1633 5366 1713 5430 sunt,

982 5426 1076 5551 ξρμμε
1092 5437 1127 5479 ex
1148 5423 1217 5480 ellit.
1239 5423 1384 5480 Combeds.
1399 5426 1521 5495 operum
1551 5430 1644 5485 sancti
1676 5432 1718 5488 lla
