3876 6090
161 259 217 336 7ίῦ
775 246 954 305 hunslaslt
976 244 1244 302 ututtoiltucnttu

166 368 1861 412 ..--·----—-—---—--—-‘·-··—

920 514 1103 585 rueram
1517 558 1521 563 .

269 687 557 797 ‘Passio
615 678 880 786 studui
932 678 1283 844 obmuluit
1340 673 1751 813 ,hlutrans

166 889 172 898 ’
479 883 704 984 Auctore
736 875 1019 979 Auustust'o
1057 873 1491 975 Bibliothecort‘o.

721 1135 810 1199 (Apud
832 1132 941 1194 illabili,
964 1135 1007 1181 vet
1021 1132 1138 1192 Analeci,
1156 1146 1216 1195 pag.
1233 1130 1299 1195 tra.)

199 1360 320 1421 Domino
340 1355 473 1427 piissimo
488 1351 654 1422 imperatori
674 1349 782 1406 fflnono
797 1361 908 1416 semper
922 1345 985 1402 hu·
999 1345 1089 1407 Aeos
1101 1346 1150 1416 qui
1166 1359 1201 1401 ex
1215 1346 1333 1401 adverso
1355 1344 1478 1400 invicem
1498 1344 1636 1400 theatrice
1657 1358 1688 1400 se
1707 1344 1866 1418 impugna-

165 1454 250 1527 gnsio
270 1448 443 1505 humanatus
460 1442 585 1515 exiguus
596 1452 728 1497 coronam
741 1442 769 1494 et
786 1449 905 1508 regnum
919 1448 984 1491 cum
1039 1441 1112 1506 rent,
1145 1435 1213 1505 quia
1244 1434 1396 1490 delectatio
1429 1438 1490 1489 erat
1519 1434 1546 1489 ei
1576 1434 1706 1503 aspicere
1744 1435 1865 1492 humani

164 1539 289 1599 epp-1310,
1040 1525 1191 1597 sanguinis
1218 1523 1369 1580 fusionem.
1398 1525 1595 1579 Verumtamen
1620 1536 1676 1578 non
1704 1523 1771 1579 sine
1796 1537 1864 1580 cura

119 1630 121 1635 ’
200 1627 278 1684 beati
290 1622 426 1681 Demetrii
445 1616 707 1677 Thessalonicensis
722 1615 856 1685 martyris
871 1614 986 1684 passio-
1038 1619 1068 1670 et
1081 1613 1280 1670 sollieitudine
1303 1611 1423 1668 babebat
1445 1611 1520 1682 quod
1540 1625 1601 1667 esse
1620 1611 1678 1667 sibi
1693 1612 1864 1668 delectabile

167 1728 232 1776 nem
247 1721 332 1786 atque
350 1711 489 1769 miracula
509 1705 692 1766 hortantibus
713 1702 862 1772 iratribus,
878 1709 906 1758 et
921 1716 985 1758 ma·
1040 1703 1216 1758 cernebatur.
1232 1700 1383 1773 Flagrabat
1395 1706 1491 1757 autem
1505 1700 1649 1756 desiderio
1663 1701 1744 1757 circa
1761 1715 1864 1772 quem-

165 1806 244 1867 aime
257 1805 320 1861 siro
338 1799 513 1873 peritissimo
530 1797 636 1852 loanne
654 1794 784 1860 diacono,
805 1795 904 1846 vestrm
919 1790 984 1845 tidei
1039 1791 1114 1859 dam,
1131 1793 1243 1861 Lyaeum
1259 1789 1384 1859 nomine,
1402 1789 1630 1860 monomachum,
1647 1790 1698 1860 qui
1709 1791 1771 1859 jam
1786 1789 1864 1845 mul-

166 1893 293 1954 euritate
309 1904 343 1948 ac
357 1887 484 1946 scientie
502 1883 633 1941 claritate
654 1880 815 1950 notissimo,
839 1892 930 1948 nuper
950 1879 985 1934 de
1040 1884 1094 1943 tos,
1115 1880 1221 1935 virtute
1240 1892 1273 1934 ac
1293 1880 1366 1934 mole
1384 1878 1514 1949 corporis
1533 1878 1651 1950 abusus,
1674 1878 1860 1948 exstinxerat,

163 1949 262 2042 utem
278 1980 309 2036 in
321 1977 453 2035 Latinum
472 1971 608 2029 transtuli
627 1982 794 2026 sermonem.
812 1966 867 2035 Qui
881 1965 986 2037 preta—
1039 1966 1188 2023 occidendi
1208 1967 1433 2036 experimentum
1452 1979 1501 2037 per
1519 1967 1736 2023 meditationem
1749 1971 1777 2022 et
1791 1980 1862 2022 oon·-

157 2070 347 2130 tusloannes
368 2065 456 2134 huius
475 2060 618 2130 martyris,
640 2059 670 2113 iu
684 2057 768 2113 domo
790 2055 906 2126 quidem
921 2067 983 2123 sua,
1040 2055 1221 2112 suetudinem
1244 2055 1402 2124 possidens.
1424 2056 1505 2111 llunc
1528 2055 1654 2125 eoquod
1678 2068 1779 2111 omncs
1800 2053 1862 2110 lor-

77 2200 80 2206 .
165 2141 986 2225 mireantiquitatisetpulchritudinisoratorinmhabe·
1040 2142 1192 2212 midarent,
1217 2149 1245 2199 ct
1270 2144 1368 2199 nullus
1393 2142 1420 2198 ei
1444 2144 1494 2213 qni
1526 2143 1673 2199 resisteret
1703 2143 1859 2211 videretur,

164 2244 230 2303 bat:
245 2249 338 2301 umen
353 2241 447 2311 quails
463 2239 518 2294 iste
533 2240 639 2305 martyr
654 2233 764 2290 Christi
779 2235 854 2288 esset
867 2231 986 2302 ignora·
1040 2229 1115 2286 inter
1136 2232 1244 2300 primos
1264 2232 1455 2288 Maximianus
1478 2230 1606 2301 habebat,
1628 2235 1655 2288 et
1669 2230 1821 2303 diligebat,
1835 2239 1862 2287 ot

160 2331 296 2404 *batdgo
309 2343 385 2399 vero,
403 2329 480 2385 sicut
501 2329 634 2395 expertus
653 2337 717 2379 sum
736 2321 811 2390 apud
832 2319 986 2375 Thessalo·
1040 2315 1162 2373 libenter
1190 2319 1217 2374 in
1242 2333 1306 2375 enm
1337 2319 1517 2388 respiciebat.
1548 2319 1695 2376 Laudabat
1718 2325 1815 2374 autern
1835 2325 1862 2375 et

165 2420 269 2489 nicam,
284 2418 334 2478 unl
347 2414 503 2487 pretiosum
514 2425 618 2482 corpus
631 2407 852 2479 ejusconditum
866 2406 983 2474 redolet,
1040 2405 1208 2475 mirabatur,
1233 2413 1261 2462 et
1280 2408 1362 2478 quasi
1387 2420 1473 2477 super
1493 2420 1594 2478 magna
1614 2420 1644 2462 re
1670 2407 1699 2462 in
1725 2408 1860 2477 superbia

163 2505 354 2576 etsplendore
377 2501 582 2559 miraculorum
604 2495 737 2568 refulget,
760 2495 874 2551 innotui
891 2495 918 2549 ei
935 2508 985 2563 per
1039 2497 1096 2552 viri
1118 2497 1305 2568 gloriabatur.
1334 2498 1420 2553 Porro
1439 2511 1505 2553 cum
1531 2510 1618 2567 prope
1641 2496 1770 2552 stadium
1794 2510 1860 2566 per-

163 2587 749 2661 ordinemsedqutaimperiumvestrum
762 2583 834 2638 tanti
847 2581 984 2652 agonistae
1040 2584 1172 2654 venisset,
1194 2589 1262 2640 tunc
1286 2584 1434 2641 adducunt
1454 2585 1481 2640 ei
1504 2584 1557 2654 qui
1579 2590 1723 2654 coeperant
1748 2583 1859 2638 beatum

155 2678 293 2740 mandari
309 2679 411 2735 notitia
428 2676 505 2746 novi,
517 2673 598 2730 vobis
614 2686 727 2744 quoquc
742 2671 868 2739 idipsum
885 2683 985 2739 oppor-
998 2647 1024 2707 Β
1038 2672 1221 2728 Demetrium.
1245 2671 1373 2729 Audiens
1391 2678 1485 2728 autem
1505 2672 1660 2742 imperator
1678 2672 1755 2742 quod
1775 2671 1862 2726 Chri-

162 2772 234 2829 iune
246 2769 359 2827 mittere
375 2763 524 2837 procuravi
538 2765 698 2833 ,uuamnns
710 2763 802 2814 vestra
817 2758 985 2830 magnitudo
1039 2759 1242 2822 stianusessct,
1252 2761 1320 2830 quia
1331 2774 1360 2816 se
1370 2765 1459 2816 totum
1468 2760 1501 2816 ad
1514 2760 1692 2830 praesentiam
1704 2758 1859 2829 spectaculi

164 2869 230 2916 edm
247 2851 504 2912 intercessionibus
524 2856 687 2905 sanctorum
707 2851 736 2904 et
747 2844 905 2903 amicorum
922 2847 984 2917 Dei,
1040 2849 1211 2918 contulerat,
1230 2848 1343 2905 beatum
1360 2848 1535 2905 Demetrium
1552 2848 1641 2918 jussit
1656 2847 1765 2903 ibidem
1778 2849 1860 2918 juxta

165 2946 253 3004 istius
276 2955 389 3014 quoque
413 2953 494 3010 prece
514 2938 589 3008 apud
608 2939 696 2992 Deum
714 2935 843 2992 obtinere
863 2934 985 3006 gratiam
1040 2936 1165 2992 stadium
1178 2938 1310 3008 existere,
1324 2944 1351 2993 et
1364 2950 1449 3007 penes
1460 2936 1606 3006 publicum
1620 2936 1754 2991 balneum
1770 2943 1861 2993 custo

164 3032 266 3098 ualeat,
286 3034 314 3088 ei
329 3027 438 3100 pertrui
459 3029 600 3083 mereatur
618 3024 710 3096 gloria
728 3024 909 3093 sempiterna.
926 3022 985 3078 Rex
1039 3026 1109 3081 diri.
1119 3027 1183 3095 lpse
1192 3039 1258 3081 aero
1271 3026 1426 3095 imperator
1436 3026 1575 3090 residens,
1587 3028 1666 3097 Lyaeo
1678 3028 1855 3096 introducto,

164 3134 264 3193 regum
284 3124 311 3175 et
329 3116 469 3174 Dominus
488 3112 698 3171 dominantium
721 3125 839 3183 regnum
860 3117 985 3167 vestrum
1041 3115 1235 3185 interrogabat
1259 3116 1326 3185 quis
1353 3116 1500 3187 singulare
1529 3130 1593 3172 eum
1617 3131 1649 3173 eo
1672 3117 1760 3173 vellet
1785 3117 1861 3173 inire

164 3209 281 3268 dextera
302 3218 354 3262 sua
371 3208 509 3275 protegat,
525 3202 601 3258 etde
620 3199 770 3270 temporali
790 3201 825 3256 ad
848 3203 986 3256 aeternum
1040 3207 1192 3271 certamen,
1217 3203 1290 3259 dona
1310 3203 1479 3273 promittens
1498 3210 1526 3260 et
1544 3219 1714 3275 proponens.
1735 3207 1770 3260 Et
1792 3205 1862 3276 qui-

165 3294 318 3352 transierat
338 3305 466 3364 regnum.
1039 3289 1105 3346 dam
1120 3291 1284 3347 adolescens
1300 3293 1413 3348 nominc
1425 3294 1536 3356 Nestor,
1548 3307 1564 3349 a
1576 3294 1778 3364 superioribus
1790 3293 1868 3350 exsi-

199 3383 270 3441 Cum
281 3378 677 3452 imperatorllaximianusin
687 3375 985 3432 Thessalonicensium
1040 3377 1116 3434 liens
1130 3377 1277 3450 gradibus,
1290 3380 1426 3435 adversus
1441 3382 1552 3450 Lyaeum
1567 3381 1670 3443 stabat.
1686 3382 1862 3455 singularem

164 3471 278 3546 degeret
291 3470 418 3538 civitate,
434 3469 518 3524 homo
531 3465 752 3536 superstitiosus
768 3465 821 3535 piae
836 3464 987 3535 religionis
1040 3467 1205 3523 condictum
1215 3466 1342 3536 arripere
1355 3469 1484 3538 cupiens,
1499 3469 1540 3526 ita
1550 3475 1582 3526 ut
1591 3471 1799 3540 obstupescens
1810 3475 1865 3529 lla-

144 3561 146 3564 ⁴
164 3561 312 3622 auditores
327 3557 559 3630 persequebatur,
580 3560 608 3611 et
630 3553 876 3611 interficiebantur
892 3551 984 3623 abeo,
1040 3555 1188 3611 ximianus
1207 3560 1321 3611 vocaret
1332 3557 1366 3611 ad
1383 3570 1413 3612 se
1425 3559 1581 3630 Nestorem,
1598 3560 1649 3630 qui
1662 3560 1696 3616 ad
1714 3560 1769 3617 boc
1783 3564 1868 3618 exsi-

151 3648 242 3706 'lnter
259 3662 330 3719 quos
347 3650 409 3703 crat
429 3644 529 3700 beatus
552 3643 722 3707 Demetrius,
744 3639 926 3697 manifestum
941 3639 987 3696 la·
1042 3643 1137 3714 lierat,
1151 3643 1253 3714 illique
1263 3645 1345 3701 daret
1357 3645 1510 3703 corasilium
1527 3648 1644 3704 dicens:
1659 3649 1731 3705 Novi
1747 3652 1826 3721 quod
1839 3658 1866 3708 te

165 3735 247 3792 ciens
260 3733 444 3802 semetipsum
466 3731 574 3801 absque
588 3729 647 3785 ullo
665 3731 778 3797 timore,
798 3729 848 3799 qui
861 3742 877 3783 a
890 3729 984 3798 iuven·
1042 3732 1229 3804 pecuniarum
1256 3740 1366 3802 egestas
1386 3736 1422 3790 ad
1438 3741 1549 3793 tanturn
1578 3737 1740 3806 phantasiae
1766 3737 1866 3797 iecerit

167 3828 229 3881 tute
242 3828 270 3878 et
284 3821 357 3877 bona
373 3823 468 3891 egerat
479 3831 564 3887 opera
579 3823 606 3873 et
616 3817 690 3872 alios
704 3817 848 3872 docuerat.
865 3816 987 3872 Docebat
1041 3820 1156 3889 elevari,
1173 3828 1205 3876 ut
1216 3828 1268 3876 aut
1281 3834 1420 3891 superans
1438 3824 1559 3880 divitias
1579 3827 1745 3895 repentinas
1760 3830 1867 3900 acqui-

166 3909 243 3965 enim
259 3907 385 3978 qualiter
401 3905 499 3961 divina
516 3904 662 3975 Sapientia
679 3904 863 3960 descenderat
874 3905 909 3959 ad
925 3909 988 3960 ter-
1042 3921 1099 3972 ras,
1113 3912 1164 3964 aut
1177 3915 1242 3965 soto
1255 3907 1415 3980 fraudatus,
1429 3926 1494 3968 cum
1510 3913 1568 3969 vita
1584 3915 1753 3972 molestante
1767 3931 1867 3974 careas

168 4010 229 4054 ram
243 3997 279 4054 de
292 3995 373 4060 ooelo,
391 3999 424 4050 ut
438 3993 580 4050 bominem
598 3993 649 4063 qui
665 3999 795 4049 mortuus
810 3991 904 4049 iuerat
918 4007 988 4062 peo-
1042 4001 1173 4069 egestate.
1186 3999 1243 4069 Ego
1257 4002 1352 4053 autem
1368 4000 1422 4055 tibi
1439 4000 1474 4057 ob
1488 4001 1701 4060 miserationem
1716 4019 1773 4076 qua
1784 4008 1867 4063 ador-

168 4088 241 4154 cato,
257 4083 414 4139 vivificaret
431 4081 570 4152 sanguine
585 4080 711 4151 proprio.
730 4080 800 4138 cum
819 4080 877 4139 haec
889 4086 917 4138 et
929 4081 988 4139 alia
1042 4085 1123 4141 naris
1135 4086 1238 4156 etatis,
1256 4086 1329 4143 dabo
1344 4087 1429 4143 etiam
1448 4103 1499 4158 pro
1516 4092 1577 4147 solo
1593 4106 1666 4149 ausu
1684 4095 1831 4167 condigna
1840 4103 1867 4150 et

169 4171 259 4230 multa
270 4171 446 4241 praedicaret,
458 4168 575 4241 quidam
587 4169 713 4226 ministri
730 4170 920 4240 imperatoris,
936 4172 986 4241 qui
1042 4170 1213 4231 sufficientia
1231 4174 1316 4247 dona,
1338 4180 1366 4231 et
1385 4178 1465 4248 vade,
1487 4178 1591 4235 habeas
1612 4195 1677 4235 cum
1699 4182 1761 4238 vita
1779 4183 1867 4238 etiam

168 4259 203 4315 ad
216 4259 369 4329 capiendos
383 4259 561 4315 Christianos
574 4258 687 4315 lucrant
703 4259 842 4329 deputati,
862 4264 988 4316 tenentes
1041 4262 1127 4319 dona.
1151 4265 1231 4333 Lyaeo
1245 4277 1311 4320 vero
1326 4265 1506 4336 temetipsum
1525 4281 1560 4323 ne
1579 4267 1710 4340 objicias,
1729 4273 1867 4341 quoniam

168 4352 297 4403 sanctum
322 4346 495 4403 Demetrium
520 4347 687 4416 imperatori
707 4344 872 4402 obtulerunt
893 4347 989 4402 blaxi-
1043 4351 1370 4421 multostepotentiores
1379 4353 1494 4409 devicit.
1508 4355 1559 4411 llis
1568 4358 1669 4413 Nestor
1679 4359 1803 4430 auditis,
1818 4373 1868 4417 nee

168 4435 274 4491 miano.
289 4435 453 4507 Contigerat
467 4435 542 4490 enim
554 4435 596 4489 ire
606 4435 804 4504 imperatorem
814 4435 849 4490 ad
861 4435 987 4492 stadium
1044 4438 1264 4508 recipitmanita
1278 4441 1469 4514 imperatoris,
1482 4456 1574 4516 neque
1586 4443 1755 4504 formidavit
1766 4451 1802 4506 de
1813 4451 1871 4506 vir·

167 4522 305 4594 civitatis,
323 4521 601 4593 proptereosquiad
617 4521 764 4592 singulare
778 4522 989 4579 certamenlue·
1044 4529 1105 4611 inte
1130 4527 1214 4596 Lyaei.
1239 4529 1407 4598 imperatori
1432 4539 1526 4589 autem
1552 4536 1699 4604 respondit
1712 4553 1719 4590 a
1733 4538 1790 4592 Nec
1816 4551 1870 4607 pe-

169 4616 234 4666 rant
246 4611 437 4683 congressuri.
455 4609 518 4665 lllic
527 4608 603 4664 enim
617 4609 771 4678 parabatur
786 4623 836 4679 per
850 4611 987 4680 quasdam

43 4754 49 4763 ,
120 4759 122 4762 ,
166 4697 281 4757 tabulas
292 4699 421 4755 circulus
435 4698 654 4769 circumseptus,
670 4698 918 4768 ubisuspecturus
928 4706 990 4755 erat

206 4831 221 4862 ⁸
232 4821 323 4902 liujus
336 4820 408 4875 vitae
429 4820 559 4876 meminit
579 4821 747 4878 Vincentius
767 4822 796 4877 in
811 4822 924 4892 Speculi
940 4823 992 4879 hi-

169 4890 299 4947 storiahs
312 4889 363 4946 lib.
382 4904 435 4961 xu,
448 4904 509 4960 cap.
529 4889 588 4946 t50.
606 4891 647 4948 Ab
661 4890 812 4948 Anastasio
829 4893 936 4963 scripta
948 4899 991 4950 est

168 4973 244 5017 anno
257 4957 310 5016 til
341 4965 438 5031 utpote
451 4962 551 5018 carolo
569 4962 653 5018 Calvo
669 4966 728 5017 tum
744 4962 907 5030 imperatori
921 4977 991 5018 nun·

170 5035 281 5099 cupata.
304 5001 415 5101 scripu
436 5046 501 5089 vero
518 5040 561 5088 est
581 5032 696 5088 hortatu
716 5033 833 5087 loannis
854 5033 881 5087 S.
903 5034 935 5087 lt.
959 5036 987 5088 E.

170 5100 296 5169 diaconi,
321 5102 351 5155 in
369 5103 454 5171 cujus
471 5104 591 5174 gratiam
613 5103 687 5158 idem
707 5102 876 5158 Anastasius
894 5104 991 5159 Colle-

171 5177 270 5227 ctanea
292 5170 388 5226 Graeca
412 5174 510 5229 Latine
533 5172 668 5236 reddidit,
689 5187 705 5228 a
729 5172 879 5228 Sirmondo
901 5175 988 5258 edita,

171 5247 204 5299 ut
212 5241 431 5298 scilicetloanni
443 5244 664 5299 ecclesiasticam
677 5242 828 5297 historiam
838 5243 988 5300 meditanti

170 5312 334 5383 adiumento
350 5326 411 5368 esse
431 5322 554 5383 possent.
570 5315 597 5368 ls
613 5321 656 5368 est
673 5311 843 5367 annastasius
860 5327 942 5382 quem
953 5319 991 5384 fi-

170 5383 313 5440 dissi-mum
327 5386 481 5452 [retrudet
498 5385 655 5451 religiosum
670 5383 794 5435 ubbutem
807 5388 887 5438 vocat
901 5385 991 5441 Hinc-

173 5467 269 5513 marus
284 5454 446 5527 inepistola
458 5455 580 5526 quadam
598 5453 654 5523 ipsi
669 5452 788 5509 directa.
803 5453 858 5522 Qui
874 5454 988 5525 quidem

1044 4612 1150 4684 cuniis,
1168 4615 1386 4689 ntasseruistis,
1402 4620 1436 4676 ad
1453 4621 1529 4677 hunc
1544 4635 1662 4695 agonem
1682 4625 1760 4692 seni,
1775 4626 1825 4682 sed
1837 4631 1871 4681 ut

1045 4701 1190 4757 meliorem
1220 4705 1300 4772 Lyaeo
1329 4707 1526 4777 memetipsum
1558 4712 1682 4768 reddam.
1713 4715 1780 4770 ltlox
1801 4727 1868 4787 ergo

1043 4825 1213 4884 Anastasius
1237 4841 1325 4954 nepos
1345 4837 1406 4887 erat
1428 4831 1543 4890 Arsenii
1567 4835 1698 4895 ortensis
1723 4839 1865 4909 episcopi,

1044 4895 1155 4977 llioolai
1179 4913 1257 4968 pape
1289 4901 1362 4983 egati
1385 4907 1413 4958 et
1434 4904 1608 4976 consiliarii,
1628 4910 1670 4965 uti
1694 4907 1871 4966 Anastasius

1045 4975 1221 5047 apscuauctor
1239 4976 1325 5052 estro
1347 4973 1468 5041 epistola
1487 4977 1630 5046 encycliea
1648 4979 1684 5035 de
1701 4986 1793 5037 morte
1813 4980 1866 5035 lll-

1045 5034 1118 5117 oolat
1142 5052 1220 5120 papae
1244 5041 1330 5123 pruni
1345 5060 1353 5111 3
1369 5056 1432 5112 quae
1458 5045 1578 5115 epistola
1605 5049 1634 5103 in
1658 5051 1747 5105 editis
1774 5051 1866 5107 hdoni

1044 5106 1198 5187 Viennensi
1218 5110 1435 5183 archiepiscopo
1452 5115 1591 5187 inscripta
1611 5125 1662 5174 est.
1684 5122 1772 5177 Porro
1791 5121 1866 5191 apud

1044 5176 1161 5258 Surium
1174 5179 1208 5234 ad
1223 5181 1327 5236 diemtt
1341 5182 1473 5241 Octobris
1489 5187 1610 5244 babetur
1625 5190 1743 5247 libellus
1757 5193 1794 5247 de
1806 5194 1869 5246 l’as-

1045 5260 1126 5302 stone
1145 5251 1236 5305 sancti
1257 5253 1392 5309 Demetrii
1414 5259 1547 5326 martyris
1560 5273 1576 5314 a
1591 5261 1783 5330 llatraphaste
1802 5262 1866 5317 edi-

1044 5320 1110 5372 tus:
1125 5332 1221 5374 verum
1236 5322 1380 5379 Anastasii
1397 5325 1560 5383 lucubratio
1574 5333 1602 5384 et
1613 5332 1787 5388 auctoritate
1799 5345 1862 5403 prae

1045 5392 1112 5459 stat,
1129 5395 1157 5445 et
1172 5404 1267 5448 rerum
1286 5394 1479 5466 singularium
1496 5402 1775 5459 commemoratione.
