3876 6090
65 289 138 351 Μ
508 334 510 339 >
532 290 579 350 DE
592 289 759 351 CONVBRS.
779 286 936 347 uolonum
952 289 997 347 ET
1015 290 1309 354 mathasuentam.
1703 285 1774 349 fild

65 415 265 486 mititiam,rel
278 415 313 472 ad
328 416 446 486 nuptias
456 415 662 474 deuolutusest
670 414 794 489 publicae
806 411 932 487 pleni-A
950 428 1130 490 nequaquam
1140 419 1291 490 obnoxius,
1304 418 1329 475 sl
1340 419 1429 476 curiae
1441 419 1580 491 probatur
1592 418 1714 477 nexibus
1725 418 1775 476 ab·

64 508 165 566 tentia
176 504 375 564 satisfactione
394 507 584 580 purgandum.
603 523 616 558 a
636 507 774 565 Relictam
788 507 895 579 singn-
950 509 1074 576 solutus,
1090 514 1273 580 paternorum
1286 509 1464 567 decretorum
1484 509 1593 583 regulis
1607 514 1658 567 aut
1682 508 1774 566 insti-

65 597 194 656 laritatis
220 593 437 667 professionem,
471 609 526 653 non
551 597 710 669 scapulare,
740 595 816 667 quod
843 609 895 666 pro
950 599 1773 673 tutisobnoxium,sedpotiusmoremquiineaecclesia

64 702 152 760 opere
166 685 271 758 femur,
282 685 411 756 exemplo
423 687 599 757 supradicto
613 687 783 758 accipimus.
797 688 894 757 Nepae
949 702 984 746 ex
998 690 1119 761 antiquo
1130 695 1184 761 est,
1207 689 1416 747 inuiolabiliter
1436 689 1600 747 omnimodo
1616 688 1774 748 observan-

64 779 91 835 si
113 778 150 835 ad
165 776 321 834 sacerdotii
348 776 518 848 dignitatem
542 775 717 847 ascenderis,
743 777 791 833 sed
804 775 829 831 si
857 774 892 831 ad
948 778 1027 835 dum.
1041 780 1138 851 Neque
1152 784 1228 836 enlm
1243 780 1279 837 ad
1296 779 1518 836 conservandam
1534 779 1625 836 totius
1639 779 1775 851 singula-

66 867 203 925 militiam
214 865 258 922 uel
268 865 304 921 ad
316 865 433 936 nuptias
443 865 595 923 devolutus
604 868 657 930 est,
670 863 793 935 publicae
805 863 895 934 poenl·
949 866 1047 924 ritatis
1067 866 1283 938 professionem,
1299 881 1382 940 quam
1403 868 1579 925 sacerdotale
1599 867 1724 924 oldoinm
1741 867 1772 922 in

64 957 164 1014 tentiae
182 954 380 1012 satisfactione
400 955 567 1027 purgandus
586 953 717 1012 babetur.
738 953 894 1025 inquibus
948 955 1114 1014 formavitae
1128 958 1331 1015 eoclmlastlcan
1341 957 1460 1014 minime
1474 959 1602 1029 patitur,
1618 957 1775 1014 observan-

66 1047 135 1104 licet
147 1047 284 1103 innocens
300 1045 391 1116 possit
405 1058 467 1101 esse
481 1044 597 1110 militia,
611 1047 640 1101 et
654 1044 805 1101 honesturn
820 1055 893 1099 eon·
947 1048 1015 1105 dum
1030 1049 1060 1104 ln
1073 1048 1217 1120 singulis,
1230 1062 1293 1120 quan
1312 1049 1400 1119 hujus
1419 1053 1501 1105 secte
1515 1047 1657 1121 regularis
1669 1051 1774 1105 aucto-

60 1137 189 1209 jugium,
215 1134 384 1192 electionem
406 1134 642 1206 melioremque
665 1135 694 1190 in
721 1132 891 1190 sacerdotali
948 1137 1020 1194 ritas
1035 1138 1166 1209 precipit
1176 1138 1329 1209 operanda,
1344 1138 1374 1193 in
1386 1151 1448 1201 esu,
1463 1138 1493 1195 in
1505 1137 1634 1208 silentio,
1649 1137 1679 1193 in
1691 1135 1773 1194 boris

63 1224 159 1283 officio
171 1239 233 1282 esse
249 1238 305 1281 non
318 1227 420 1296 potest,
443 1224 614 1296 deseruisse,
633 1223 824 1296 transgressio
838 1226 891 1278 est.
947 1227 1155 1299 custodiendis,
1162 1227 1228 1300 etssln
1239 1227 1375 1285 omnibus
1383 1228 1565 1300 regularibus
1574 1227 1688 1284 actibus
1695 1227 1774 1284 exhi·

65 1315 97 1370 lu
116 1328 174 1385 qun
189 1314 316 1385 capitulo
343 1313 523 1384 propositum
546 1313 689 1381 monachi,
712 1311 892 1368 devotionem
947 1314 1163 1387 bendis,solum
1179 1316 1328 1387 scapulare
1348 1317 1478 1387 pallium,
1496 1316 1634 1389 neglectis
1648 1316 1770 1387 ceteris,

64 1404 171 1459 saneta
186 1402 424 1474 conversationis,
441 1416 497 1459 non
518 1403 640 1460 vestium
653 1401 764 1458 cultum
777 1399 892 1457 intelli·
946 1403 1092 1461 subiciens
1100 1406 1229 1461 omniurn
1244 1411 1394 1462 auctorum
1407 1405 1519 1475 judicio
1535 1406 1707 1462 retinemus:
1722 1406 1772 1464 sed

64 1499 175 1564 gentes,
193 1493 245 1563 qui
269 1492 421 1562 multiplex
435 1498 464 1548 et
477 1492 576 1548 rarius
589 1506 639 1562 pro
655 1491 782 1548 locorum
799 1495 828 1545 et
843 1502 892 1544 re-
947 1493 1045 1563 polius
1058 1492 1111 1549 sub
1122 1492 1223 1549 babitu
1233 1493 1401 1566 singularia
1412 1494 1470 1550 vita
1483 1494 1598 1564 penitus
1608 1494 1774 1551 discordan-

64 1595 187 1654 gnorum
202 1581 380 1653 diuersitate,
393 1583 423 1637 in
433 1582 597 1639 Graecorum
610 1586 638 1637 et
650 1581 816 1636 Latinorum
829 1591 886 1634 mo
947 1587 998 1647 tes,
1009 1584 1039 1638 in
1049 1582 1211 1639 communis
1221 1582 1287 1638 ritae
1298 1582 1772 1653 participationereprehendendos

64 1670 387 1738 nacbisinuenltur31n
403 1671 450 1727 bis
465 1670 515 1742 qui
530 1670 564 1726 ad
581 1669 708 1742 regimen
719 1667 890 1725 ecclesiasti·
946 1671 1044 1729 acrius
1063 1670 1249 1728 aestimamus.
1267 1673 1324 1728 Neo
1337 1671 1391 1728 lroo
1407 1671 1521 1743 quidem
1533 1671 1671 1743 dicimus,
1693 1673 1771 1730 utin

64 1774 129 1816 cunr
139 1760 278 1817 canonico
288 1760 399 1830 ordine,
410 1758 570 1830 episcopali
581 1759 723 1831 dignitate
730 1763 891 1828 sacrantur,
908 1754 935 1818 B
947 1762 1083 1820 omnibus
1093 1761 1180 1831 huius
1193 1762 1355 1835 religionis,
1368 1775 1433 1818 cum
1449 1763 1483 1818 ad
1494 1765 1620 1818 sanctam
1635 1775 1773 1833 poenaeno-

64 1848 91 1903 si
104 1848 135 1905 ln
148 1849 318 1905 sacerdotali
341 1849 444 1905 habitu
458 1853 485 1904 et
500 1848 708 1904 consuetudine
727 1847 893 1904 ministrent
949 1853 1008 1908 rint
1021 1851 1203 1923 dignitatem,
1213 1850 1314 1907 relicto
1328 1849 1541 1908 moreecclesiae
1551 1850 1594 1906 uel
1607 1851 1769 1923 religionis,

63 1935 206 2004 ecclesiis,
222 1937 251 1993 ln
267 1937 375 2008 quibus
386 1937 511 2008 provecti
531 1942 609 2007 sunt,
626 1936 701 1992 nihil
712 1935 828 1992 obviare
838 1949 892 2007 pa-
948 1943 1049 2012 inqua
1072 1939 1198 2009 provecti
1213 1945 1290 2003 sunt,
1308 1939 1473 1996 mutandam
1483 1944 1590 1995 uestem
1615 1940 1772 2011 singulari·

64 2026 157 2082 ternis
179 2027 364 2097 antiquorum
391 2025 501 2098 regulis
529 2039 579 2096 pro
595 2030 699 2082 nostrae
722 2025 892 2095 capacitatis
946 2029 1016 2087 tatis
1026 2028 1198 2100 generaliter
1211 2028 1463 2084 censeamuszsed
1485 2027 1583 2098 potius
1601 2027 1630 2083 in
1646 2033 1769 2099 utroque

64 2114 259 2187 intelligentia
274 2115 391 2173 omnino
406 2115 589 2181 conddimus,
605 2114 653 2171 sed
676 2114 773 2184 potius
796 2113 891 2171 eccle·
947 2116 1048 2176 babitu
1067 2118 1258 2188 sacerdotum,
1274 2130 1379 2173 rnorem
1396 2117 1582 2174 ecclesiarum
1599 2121 1627 2173 et
1638 2117 1769 2174 ordinem

63 2203 194 2261 siasticis
214 2210 242 2261 et
261 2204 430 2275 apostolicis
452 2205 562 2277 regulis
585 2204 751 2274 innitentes,
768 2216 890 2260 concor·
946 2208 976 2264 in
992 2207 1100 2278 quibus
1113 2206 1236 2278 prouecti
1253 2211 1330 2274 sunt,
1354 2205 1445 2263 nullis
1459 2208 1573 2263 Patrum
1591 2205 1770 2276 prejudiciis
1826 2243 1831 2249 -

63 2293 142 2348 diam
157 2306 241 2366 quam
256 2294 287 2351 in
299 2294 400 2351 babitu
413 2294 592 2351 sacerdotum
605 2296 731 2351 liomana
741 2299 891 2350 conservat
944 2298 1112 2365 obnoxium,
1138 2295 1432 2368 irreprehensibiliter
1450 2295 1627 2353 arbitramur
1642 2307 1769 2366 sequeu-

64 2382 191 2440 Ecclesia
211 2384 384 2454 sequendam
399 2384 573 2441 omnimodis
587 2384 769 2456 iudicamus:
785 2383 891 2440 melius
943 2386 1021 2443 dum.

65 2472 261 2545 multomagis
279 2473 463 2542 arbitrantes,
478 2479 509 2531 ut
529 2473 684 2531 uniformis
704 2471 892 2530 sacerdotalis
980 2476 1072 2547 liujus
1083 2475 1160 2532 enim
1178 2479 1282 2532 nostrae
1292 2473 1512 2532 consuetudinis
1525 2486 1650 2545 causam,
1664 2486 1681 2530 o
1695 2472 1769 2529 bone

64 2561 334 2633 uestisaequalitate,
343 2575 493 2619 commune
504 2563 688 2620 ministrandi
697 2563 824 2620 ecclesiae
838 2564 889 2620 mi·
948 2579 1005 2636 rex,
1019 2580 1069 2637 pro
1088 2571 1194 2622 nostrae
1221 2564 1453 2635 reprehensionis
1472 2564 1651 2633 necesitate,
1667 2566 1769 2620 uestrae

65 2651 218 2708 misterium
233 2652 405 2723 sortiantur,
416 2666 501 2724 quarn
517 2653 623 2709 amicto
636 2653 690 2710 sub
703 2653 809 2710 honore
824 2666 892 2724 pon·
943 2654 1092 2712 serenitati
1117 2655 1277 2724 reddentes,
1303 2653 1437 2724 placitam
1467 2655 1525 2710 lieo
1550 2651 1768 2711 solicitudinem

68 2740 198 2798 lideatus
206 2741 295 2812 pallio
305 2741 459 2813 singulari,
471 2741 890 2814 abutriusqueordine,singu·
943 2749 1077 2817 uestram,
1098 2757 1183 2814 quarn
1208 2757 1259 2816 pro
1284 2747 1363 2800 statu
1387 2748 1491 2801 sancta
1514 2741 1712 2800 Deillcclesian
1737 2741 1768 2798 in

64 2829 191 2888 inritatis
205 2831 361 2902 siquidem,
373 2836 401 2887 et
415 2831 597 2903 episcopalis,
612 2831 798 2902 professione,
816 2832 885 2902 vita,
943 2835 1078 2891 omnibus
1094 2834 1159 2891 suis
1179 2833 1359 2891 utilitatibus
1372 2847 1423 2890 uos
1437 2832 1648 2889 ferventissimo
1664 2832 1768 2888 mentis

63 2924 92 2976 et
104 2919 236 2977 moribus
247 2920 436 2990 discrepetur.
451 2922 508 2977 Nec
522 2919 745 2991 enimdioimus,
762 2924 794 2977 nt
808 2934 889 2993 gene
943 2924 1040 2980 studio
1051 2923 1155 2979 habere
1170 2923 1326 2980 multorum
1341 2923 1480 2980 relatione
1496 2921 1699 2993 comperimus,
1720 2935 1769 2978 ee-

64 3007 165 3066 raliter
182 3008 317 3065 omnibus
329 3008 461 3066 ecclesiis
474 3009 525 3065 hac
539 3009 599 3081 lege
610 3009 727 3067 habitus
739 3009 888 3066 constrin-
943 3026 1043 3071 renare
1056 3012 1122 3069 data
1135 3012 1307 3068 auctoritate
1322 3011 1472 3068 humiliter
1488 3015 1672 3082 exoptamus:
1685 3012 1769 3081 parl-

63 3098 149 3170 gendi
167 3099 367 3155 auctoritatem
381 3099 529 3155 donemus.
900 3097 1040 3176 (iterque
1056 3102 1142 3159 etiam
1160 3102 1313 3158 immensas
1328 3101 1486 3172 gratiarum
1507 3100 1635 3155 actiones
1653 3099 1768 3170 princi·

98 3187 212 3245 &imus
232 3188 319 3256 enim,
350 3189 424 3258 guod
450 3190 641 3258 unnsquisque
668 3190 699 3244 in
729 3204 778 3244 suo
804 3204 887 3245 sensu
941 3193 999 3265 pali
1011 3190 1205 3264 magnitudini
1214 3188 1481 3261 uestraereferimus,
1490 3202 1551 3261 quae
1560 3187 1768 3245 nosinnostris

62 3277 204 3334 abunda:
217 3277 267 3334 sed
280 3291 332 3335 nos
353 3282 574 3349 nostrarumque
588 3277 774 3335 eeclesiarum
786 3279 886 3349 pontl-
941 3284 1022 3355 liliis,
1035 3283 1139 3338 uestris
1150 3281 1294 3353 siquidem
1311 3279 1446 3337 fidelibus
1460 3278 1636 3347 oratoribus,
1651 3290 1765 3334 monere

63 3364 142 3437 dces,
155 3379 227 3437 quos
238 3380 274 3424 eu
286 3366 410 3424 diversis
429 3380 540 3424 morum
553 3373 581 3423 et
602 3367 705 3439 regulae
719 3367 888 3438 disciplinis
940 3378 969 3429 et
979 3370 1123 3439 corrigere
1137 3368 1200 3425 suis
1219 3367 1310 3425 sacris
1329 3366 1463 3437 apicibus
1477 3372 1519 3423 est
1533 3365 1661 3437 dignata,
1675 3368 1703 3421 et
1716 3365 1766 3420 in-

61 3454 98 3510 ad
113 3467 221 3512 sacram
236 3456 398 3526 peruenisse
423 3457 594 3528 dignitatem
619 3456 786 3528 gaudemus,
807 3457 832 3513 si
856 3457 886 3513 in
942 3474 1027 3531 snper
1042 3463 1181 3530 quantum
1194 3471 1246 3529 pro
1256 3462 1353 3514 sancta
1365 3455 1505 3528 religione
1523 3454 1648 3511 ferveant
1661 3453 1691 3509 iu
1705 3467 1764 3510 suae

64 3543 167 3600 babitu
181 3544 350 3602 sacerdotali
366 3544 497 3602 ecclesiis
512 3544 750 3617 ministraverint,
774 3545 887 3604 nullum
941 3548 1103 3607 devotionis
1125 3546 1322 3603 admonitione
1344 3545 1436 3615 nobis,
1468 3558 1502 3601 ne
1526 3540 1766 3614 reprehensibiles

63 3632 226 3690 babendum
236 3634 447 3704 prejudicium,
460 3647 551 3706 neque
563 3648 615 3704 pro
625 3634 888 3706 habitusqualitate
941 3638 1100 3710 uideamur,
1124 3641 1247 3696 ostensa.
1264 3634 1343 3691 Unde
1370 3648 1405 3692 ne
1424 3637 1600 3691 statutorum
1623 3644 1765 3690 canonum

61 3720 697 3795 feriendoscensuracanonicaformidamus,
711 3724 886 3796 orantique
942 3728 973 3784 in
994 3727 1047 3783 hac
1066 3730 1163 3783 nostra
1186 3724 1395 3783 consuetudine
1409 3737 1519 3795 semper
1540 3728 1767 3795 transgressores

60 3824 127 3869 rum
141 3813 259 3869 Patrum
274 3812 420 3870 institutis
439 3813 604 3870 omnimodo
628 3813 814 3870 arbitramur.
941 3817 1016 3888 apud
1040 3829 1090 3872 uos
1104 3815 1262 3882 videamur,
1283 3813 1391 3885 quibus
1400 3813 1510 3887 regulis
1519 3812 1554 3869 ad
1567 3810 1765 3882 huiuscemodi

96 3899 201 3958 ilerum
218 3900 338 3972 insuper
360 3902 597 3958 consuetudinem
613 3914 646 3958 ao
661 3915 766 3958 morem
783 3907 888 3960 nostrae
941 3910 1067 3962 tenorem
1084 3909 1113 3961 et
1125 3905 1256 3962 ordinem
1278 3909 1382 3961 nostra
1396 3902 1524 3960 ecclmiae
1539 3900 1765 3958 conservandum

57 3987 189 4046 alesia
200 3989 380 4046 concorditer
391 3989 582 4061 retinendum,
596 4004 680 4062 quem
693 3991 888 4048 caterisstola
943 3995 1107 4063 innitimur,
1121 3993 1153 4049 in
1168 3993 1214 4049 his
1225 3993 1334 4050 nostris
1346 3991 1556 4050 satisfactionis
1572 3989 1700 4049 literulis
1714 4005 1766 4047 ue-

59 4077 191 4135 vestibus
205 4079 366 4149 superjecta
380 4092 430 4149 pro
444 4079 587 4151 dignitate
603 4080 768 4146 sacerdotii,
785 4094 841 4150 qua
857 4081 887 4137 in
941 4086 1008 4139 stra
1018 4080 1173 4152 principali
1185 4081 1378 4152 magnitudini
1389 4080 1549 4154 relegendis
1558 4079 1765 4136 ostendendum

60 4166 169 4238 populo
185 4167 395 4238 principantur,
406 4169 641 4240 conservandum,
654 4169 718 4239 ejus
730 4169 886 4242 pontilicis,
941 4170 1107 4228 cumuimus
1123 4168 1331 4238 lubentissime,
1343 4168 1368 4225 si
1386 4169 1457 4240 quid
1472 4169 1576 4226 melius
1588 4175 1639 4226 aut
1651 4169 1765 4240 plorum

58 4268 149 4327 quam
160 4255 214 4313 sub
224 4263 301 4313 ueste
318 4256 492 4328 paenitentia
506 4261 534 4313 et
549 4256 657 4313 laboris
673 4258 703 4313 in
718 4271 770 4314 suo
786 4258 888 4315 ordine
942 4260 1051 4335 regulis
1065 4258 1202 4317 canonica
1215 4258 1372 4328 scriptione
1386 4259 1592 4331 congruentius
1611 4258 1764 4314 tenendum

57 4349 228 4402 statuerunt
238 4351 377 4418 tenentes,
393 4361 443 4417 pro
453 4347 576 4402 vestium
588 4346 727 4419 qualitate
735 4352 763 4404 et
774 4348 885 4420 habitu,
941 4351 976 4408 de
992 4351 1044 4406 hac
1059 4352 1191 4406 reuestra
1200 4346 1412 4418 reperitdeuota
1426 4345 1587 4418 regalisque
1601 4344 1763 4416 prudentia,

59 4433 177 4492 nullum
194 4435 280 4506 hujus
301 4436 424 4505 ordinis,
444 4436 470 4491 si
491 4436 549 4492 vita
564 4438 627 4506 ejus
643 4437 673 4492 in
687 4439 886 4510 cujuscunque
899 4435 927 4497 D
942 4439 1045 4497 vestris
1069 4438 1100 4494 iu
1125 4436 1260 4494 omnibus
1279 4434 1397 4491 monitis
1419 4436 1588 4490 annuentes.
1613 4431 1767 4488 conservet

59 4523 211 4596 proposito
228 4525 308 4582 nullo
321 4525 399 4597 gravi
416 4524 542 4582 facinore
566 4525 704 4596 probatur
727 4525 841 4600 infecta,
857 4528 886 4585 id
941 4531 1016 4585 Deus
1041 4540 1152 4584 ornnem
1173 4532 1295 4583 uestram
1311 4523 1453 4581 salubrem
1479 4521 1715 4586 dominationem,
1728 4521 1762 4578 ad

57 4618 117 4683 est,
133 4613 159 4669 si
178 4627 233 4670 non
249 4615 288 4670 sit
302 4616 433 4672 secunda
449 4615 549 4673 uxoris
563 4614 673 4686 copulae
696 4615 843 4688 alligatus,
860 4618 886 4674 si
942 4615 1152 4691 gubernandam
1162 4618 1191 4670 et
1201 4613 1336 4672 tuendam
1348 4612 1503 4670 Ecclesiam
1519 4623 1601 4667 suam
1616 4615 1759 4667 sanctam:

58 4702 232 4774 paenitentia
246 4704 362 4774 publica
375 4718 432 4762 non
443 4704 580 4776 famosus,
596 4705 621 4761 si
633 4704 712 4761 nulla
723 4711 802 4775 parte
820 4721 889 4764 cor·
942 4707 1040 4763 hmen.

59 4791 144 4864 ports
152 4791 333 4864 immunitus,
346 4794 370 4851 si
381 4794 479 4852 seruili
491 4800 541 4851 aut
551 4795 718 4866 originariae
726 4795 888 4854 conditioni

752 5029 1078 5101 anadnnllltill

53 5164 120 5228 En
137 5161 300 5227 Historia
316 5163 355 5226 de
372 5160 597 5226 Conversione
611 5161 774 5227 Boiorum
796 5164 828 5226 et
845 5159 1118 5228 carentanorum
1141 5163 1187 5228 ad
1199 5161 1302 5244 sidem
1318 5161 1567 5244 dirutionem,
1586 5179 1657 5247 quc
1670 5160 1761 5226 circe

697 5259 827 5306 conum
846 5242 906 5306 858
925 5242 1058 5324 scripte
1081 5246 1148 5308 ent.

500 5349 588 5414 (Apud
603 5347 735 5399 Duchesn.
752 5347 846 5411 script.
862 5361 913 5399 rer.
929 5349 1030 5413 lirano,
1054 5353 1116 5403 tcum
1134 5351 1169 5415 ll,
1183 5365 1243 5416 pag.
1261 5350 1328 5417 22⁰.)

94 5510 319 5584 igiturcarolus
332 5512 496 5586 imperator,
508 5527 583 5571 anno
592 5511 759 5569 Natiuitatis
769 5512 885 5570 Domini
940 5527 999 5572 mm
1014 5514 1240 5587 multitudinem,
1255 5516 1373 5574 hunnos
1387 5470 1585 5572 exterminare.
1608 5507 1663 5579 Qui
1678 5506 1763 5565 utini-

54 5595 125 5672 ito,
139 5601 258 5660 lirinum
272 5602 582 5676 comitemdestinarlt,
597 5606 627 5660 et
638 5615 704 5660 cnm
720 5615 754 5661 eo
768 5602 888 5660 immen-
939 5615 984 5661 me
996 5604 1171 5677 resistentes,
1186 5606 1375 5664 reddiderunt
1387 5615 1418 5659 se
1432 5611 1482 5672 per
1501 5595 1651 5670 prolatum
1665 5595 1760 5654 comt-
