3876 6090
169 223 240 284 0303
605 226 751 284 00000000).
771 225 819 282 nit
835 221 915 281 SAEG.
936 221 984 279 lx.
1011 251 1049 265 -
1064 217 1243 279 0000000003
1259 216 1427 279 latonam.
1800 212 1866 276 0000

167 344 301 419 Plerique
320 355 415 407 autem
437 351 569 409 asserunt
586 349 736 422 cyminum
754 345 925 404 sabinorum
939 355 989 398 re-
1000 333 1032 397 A
1045 340 1120 412 apud
1136 341 1267 401 iicbraeos
1288 356 1387 402 omues
1401 357 1511 402 menses
1523 341 1569 416 00,
1588 348 1618 403 00
1629 342 1783 401 00000000οι
1796 354 1870 399 sem-

168 447 228 505 gem
252 437 341 507 prius·
358 452 464 497 annum
488 441 519 496 iu
538 438 685 497 mensibus
698 436 845 505 divisisse,
859 432 911 500 ld.,
925 429 988 486 ilai.
1045 442 1094 500 per
1108 430 1214 489 babent
1227 436 1342 501 aetates3
1364 447 1392 489 v.
1409 450 1448 507 g.,
1464 433 1490 491 si
1505 435 1682 492 accendatur
1695 432 1769 490 iuna
1782 430 1870 488 media

167 525 196 580 et
211 524 395 586 intercalares
410 529 474 586 dies
492 529 672 601 instituisse,
690 527 719 583 in
732 524 882 583 codicibus
895 526 990 578 autem
1044 522 1101 594 die,
1117 528 1146 579 et
1154 523 1280 594 ejusdem
1292 522 1488 597 diesquatuor
1497 518 1770 582 nebdonanlbns'in
1783 522 1872 580 medio

169 619 332 673 sanctarum
358 619 571 690 scripturarum
588 617 622 674 00
637 629 747 674 menses
762 613 852 671 luisse
873 610 991 668 lnanno
1044 612 1177 685 expletis,
1188 612 1277 670 altera
1291 611 1482 671 0000000009
1492 611 1873 671 luna·essedeindesenis

167 704 254 761 etiam
268 708 485 764 antediiuvium
497 705 762 765 ostendunturzsic
774 703 849 761 enim
871 700 912 758 ibi
925 699 993 771 legi·
1049 702 1183 773 usquein
1204 702 1329 760 medium
1350 702 1462 761 noctis:
1480 716 1537 760 una
1551 702 1632 760 enim
1651 702 1718 760 vice
1731 701 1873 772 apudiio·

168 794 232 850 tur:
255 795 340 865 Aqua
354 802 444 853 nutem
466 798 640 852 minuebatur
662 810 747 866 usque
760 795 798 849 nd
821 791 992 847 andecimum
1046 791 1139 850 braeos
1158 778 1253 850 media
1279 793 1444 863 die,a1tera
1468 792 1576 850 mensis
1595 792 1661 849 vice
1680 791 1779 848 media
1796 795 1873 848 00000

166 898 293 939 mensem.
322 886 465 941 Undecimo
489 890 579 941 cutem
604 900 694 942 mense
711 887 804 956 primo
827 882 872 938 die
891 881 991 936 0000000
1045 881 1213 939 accenditur
1227 881 1305 938 luna.
1319 882 1371 939 Sed
1385 896 1485 953 parum
1500 880 1668 940 Romaniab
1680 879 1809 937 Hebraeis
1817 879 1874 936 dis

167 980 357 1043 apparuerunt
369 978 510 1031 cacumina
522 977 664 1039 montium,
676 974 719 1031 sic
732 974 809 1030 enim
827 977 896 1030 tunc
909 983 991 1027 men·
1045 974 1172 1041 erepant,
1188 971 1336 1028 nonenim
1360 971 1483 1028 multum
1497 970 1597 1044 distat,
1609 969 1636 1028 si
1655 970 1689 1026 in
1704 967 1797 1026 altera
1808 969 1874 1026 iuna

167 1073 214 1117 ses
236 1061 507 1133 denumerabantur,
535 1078 591 1121 uon
618 1063 696 1122 sicut
723 1076 810 1132 nunc,
839 1061 891 1117 hos
914 1058 991 1116 enim
1044 1059 1121 1116 diem
1143 1060 1286 1133 integrum
1302 1060 1434 1133 adiicias,
1458 1072 1494 1117 an
1515 1061 1590 1118 duos
1604 1072 1723 1116 meuses
1747 1057 1875 1115 dividens

168 1148 230 1204 ilai.
246 1154 274 1206 et
286 1152 363 1221 idus,
381 1152 448 1209 iilos
460 1167 525 1210 vcro
541 1155 610 1211 iuna
629 1153 710 1210 linita
723 1150 920 1232 concludebat.
934 1148 994 1204 lla-
1046 1152 1244 1219 aequaspartes
1255 1149 1408 1221 utriusque
1418 1148 1589 1206 distribuas.
1599 1148 1778 1206 Cumautcm
1788 1146 1875 1203 media

169 1236 258 1295 iendae
271 1252 287 1295 a
302 1241 412 1297 colendo
430 1243 533 1314 dictae,
549 1242 624 1314 apud
640 1243 776 1313 antiquos
790 1240 868 1297 enim
883 1250 994 1309 semper
1047 1238 1095 1296 die
1113 1239 1181 1295 luna
1196 1240 1373 1311 accenditur,
1390 1239 1471 1297 iocus
1485 1237 1669 1296 accensionis
1685 1235 1815 1293 medium
1826 1234 1877 1291 liu-

168 1327 309 1384 mensium
338 1331 482 1402 principia
514 1331 742 1388 celebrabantur.
779 1330 845 1387 idus
880 1338 994 1399 quoquc
1048 1328 1102 1385 stri
1116 1327 1293 1384 adilrmatur.
1309 1328 1379 1384 Cum
1391 1341 1458 1385 vero
1473 1327 1566 1385 media
1581 1331 1667 1384 nocte
1683 1325 1875 1388 illuminatur,

166 1415 279 1474 dictaea
298 1418 411 1493 diebus,
427 1425 454 1477 et
468 1422 554 1478 Nonae
572 1434 588 1477 0
612 1420 761 1478 nundinis.
776 1423 884 1477 lienses
899 1420 994 1474 autem
1050 1416 1080 1474 in
1093 1416 1187 1473 medio
1201 1417 1429 1488 septemtrionis,
1441 1417 1489 1474 sed
1501 1417 1594 1489 ignito
1608 1415 1676 1474 coeii
1689 1414 1755 1472 ioco
1768 1412 1878 1470 001000

167 1509 242 1578 apud
270 1509 386 1566 Latinos
411 1523 446 1566 cx
466 1510 529 1566 Kal.
557 1514 676 1567 sumunt
697 1510 883 1581 principium.
912 1505 993 1578 iipud
1050 1507 1113 1564 nari
1130 1506 1263 1564 traditur.
1287 1508 1317 1563 in
1333 1506 1447 1564 duobus
1465 1507 1546 1564 boris
1564 1505 1640 1577 apud
1663 1503 1878 1563 liebraeosluna

168 1597 299 1653 iiebraeos
314 1611 348 1653 ex
363 1598 437 1654 luna
452 1597 596 1655 nascentis
611 1612 740 1656 recursu.
754 1598 835 1669 iipud
849 1596 995 1670 AEgyptios
1050 1597 1226 1669 accenditur,
1245 1596 1273 1652 id
1288 1596 1374 1652 estin
1389 1596 1483 1653 media
1495 1596 1565 1673 bora
1579 1599 1645 1667 post
1656 1592 1688 1663 6,
1704 1598 1735 1650 et
1745 1594 1776 1650 iu
1791 1593 1878 1650 medio

168 1690 261 1741 autem
278 1686 423 1757 principia
437 1688 578 1744 mensium
592 1701 653 1744 esse
665 1693 730 1744 ante
742 1686 804 1743 Kal.
816 1685 833 1743 3
845 1690 896 1743 000
906 1683 924 1743 0
933 1686 996 1743 dies
1009 1718 1036 1781 Β
1051 1686 1144 1742 noctis
1154 1686 1229 1756 apud
1240 1686 1383 1743 Romanos
1394 1684 1501 1757 quibus
1510 1684 1643 1743 videatur
1654 1682 1751 1740 altera
1760 1680 1876 1754 iuna3tl,

169 1773 407 1842 pronunciantur.
430 1776 544 1832 Annum
570 1781 664 1833 autem
681 1775 764 1847 quasi
779 1775 896 1846 quidam
908 1787 996 1831 anum
1050 1775 1139 1831 altera
1153 1773 1188 1832 00
1204 1780 1267 1846 post
1289 1770 1496 1832 laccenditur.
1513 1772 1588 1843 Quia
1609 1771 1736 1830 facilius
1751 1775 1797 1829 est
1808 1772 1877 1842 apud

167 1861 227 1917 dici
242 1866 353 1935 putant,
370 1863 398 1919 id
414 1867 459 1920 est
467 1864 589 1936 cyclum,
600 1864 675 1923 unde
685 1863 765 1920 anull
780 1862 853 1920 dicti
869 1863 996 1920 suntdi-
1050 1877 1100 1922 eos
1113 1864 1147 1920 ad
1175 1865 1324 1921 tenendam
1349 1863 1488 1921 rationem
1512 1853 1604 1920 unum
1621 1862 1776 1933 imponere
1797 1861 1877 1930 diem,

169 1951 319 2008 minutlve.
335 1952 514 2025 Principium
529 1956 598 2011 anni
615 1954 668 2011 alli
687 1953 723 2011 ab
739 1955 826 2011 Roma
837 1958 948 2026 putant,
964 1959 996 2011 ut
1052 1952 1101 2025 qui
1115 1951 1201 2009 elficit
1215 1949 1259 2009 30.
1276 1953 1340 2009 ideo
1364 1951 1555 2025 aquilonares
1579 1952 1658 2008 bane
1672 1950 1803 2024 reguiam
1826 1964 1876 2006 nou

169 2041 407 2114 popuiiilomani,
417 2043 510 2099 alilah
520 2043 822 2116 aequinoctiovernaii,
832 2049 864 2100 ut
874 2042 994 2114 llebraei,
1051 2041 1212 2113 observant,
1233 2042 1302 2113 quia
1316 2055 1493 2114 consequens
1506 2044 1551 2100 est
1565 2042 1644 2112 apud
1666 2053 1718 2096 eos
1730 2043 1765 2096 ut
1780 2038 1878 2095 mensis

168 2129 221 2185 aiii
236 2143 253 2185 a
268 2131 405 2202 solstitio,
420 2130 572 2202 uttiraeci,
585 2133 638 2189 alii
650 2132 686 2188 ab
699 2137 849 2204 autumno,
867 2137 897 2190 ui
910 2134 998 2204 AEgy-
1051 2128 1082 2187 30
1099 2131 1157 2202 000,
1174 2130 1242 2187 0000
1256 2128 1301 2199 30,
1316 2129 1422 2187 mensis
1440 2127 1475 2186 30
1493 2129 1550 2201 dle,
1576 2128 1648 2186 luna
1666 2125 1706 2185 00
1720 2126 1818 2184 habet.
1832 2126 1878 2184 Sed

171 2219 235 2290 ptii.
247 2220 312 2276 AEra
327 2222 403 2278 adie
413 2221 475 2278 iiai.
490 2223 605 2279 ianuar.
620 2223 770 2279 adcrescit.
783 2222 930 2280 bissextus
941 2235 998 2278 au·
1051 2220 1076 2277 si
1089 2220 1311 2278 hoedixerimus
1320 2225 1435 2290 propter
1448 2218 1691 2290 preparationem
1704 2216 1829 2274 bissexti
1843 2217 1878 2274 vel

170 2312 226 2365 tem
243 2322 259 2365 a
277 2325 307 2364 vr
324 2312 395 2367 Non.
417 2314 499 2368 liart.
515 2325 605 2383 usque
624 2313 658 2368 00
672 2312 747 2369 0000
763 2311 824 2368 Kal.
840 2313 907 2369 tun.
922 2311 997 2368 lunae
1051 2310 1123 2366 solis
1136 2309 1267 2366 accensio
1280 2309 1419 2381 variatur,
1430 2314 1463 2365 ut
1477 2308 1507 2364 in
1523 2313 1583 2366 toto
1595 2306 1664 2364 cneii
1678 2306 1751 2364 orbe
1765 2306 1879 2377 circuio,

172 2413 263 2455 cursu
278 2400 457 2470 proponitur.
470 2400 775 2474 AnnusAEgyptiorum
788 2402 851 2458 siue
862 2401 998 2458 bissextis
1052 2412 1109 2470 quo
1122 2399 1191 2456 iuna
1206 2398 1308 2468 currit,
1326 2397 1438 2455 nulium
1455 2397 1548 2454 locum
1563 2395 1749 2453 arbitremur
1762 2397 1827 2466 ejus
1837 2409 1881 2452 ac-

171 2487 255 2544 habet
269 2489 386 2546 initium
404 2506 444 2545 vu
460 2489 521 2546 ilai.
537 2491 690 2562 Septemb,
705 2505 769 2549 cum
785 2491 930 2548 bissextus
942 2504 998 2547 au·
1052 2487 1186 2545 censione
1200 2500 1299 2544 vacare
1314 2487 1383 2544 iuna
1398 2486 1482 2559 ionga
1495 2483 1541 2558 30,
1557 2485 1627 2542 1000
1644 2484 1747 2542 brevis
1757 2481 1804 2555 30,
1820 2484 1882 2541 0000

171 2580 225 2632 tem
237 2589 330 2633 annus
340 2579 478 2650 evenerit,
489 2580 622 2646 ut'liai.,
637 2581 996 2651 utsupraScripturarum.
1052 2579 1112 2633 lan.
1136 2576 1180 2643 30,
1206 2577 1274 2633 luna
1303 2575 1383 2633 Febr.
1407 2573 1452 2646 00,
1479 2575 1562 2632 sicet
1577 2588 1681 2631 omncs
1696 2574 1880 2632 mensassod

172 2665 334 2724 solstitium
349 2672 442 2723 autem
458 2668 569 2724 dicitur
586 2669 668 2739 quasi
678 2669 855 2739 solisstatio,
865 2669 1000 2739 AEquino
1053 2667 1137 2723 lunas
1155 2665 1262 2722 mensis
1276 2666 1428 2738 adsignare
1443 2665 1534 2737 magis
1553 2663 1718 2722 traditione
1732 2665 1883 2737 magistro-

170 2752 260 2809 ctium
271 2767 347 2822 vero,
359 2754 434 2824 quod
451 2760 519 2810 tunc
533 2754 597 2810 dics
608 2763 635 2811 et
651 2769 706 2811 nox
722 2757 752 2811 in
766 2756 930 2826 aequitatem
944 2756 1001 2812 bo-
1055 2759 1166 2826 rum,et
1176 2755 1299 2811 maxime
1307 2754 1484 2823 Latinorum,
1493 2767 1578 2826 quam
1590 2752 1691 2810 literis
1705 2752 1883 2826 divulgatum

172 2852 269 2896 rarum
292 2841 489 2897 duodenarum
514 2849 702 2912 revertantur,
725 2844 882 2914 coaequatis
896 2843 1001 2914 spatiis
1054 2849 1106 2903 est.
1122 2845 1374 2918 AEgyptiosautem
1390 2844 1466 2900 lunae
1481 2846 1579 2900 narrat
1591 2842 1681 2900 litera
1693 2842 1883 2916 singulaslu-

173 2928 246 2984 suis.
269 2928 433 2987 solstitium
455 2930 587 2987 aestivum
617 2931 680 2988 ideo
706 2932 815 3003 lampas
833 2932 953 3002 dicitur,
968 2944 1001 2989 eo
1056 2948 1107 2991 uas
1122 2933 1248 3007 singulis
1263 2931 1606 2990 mensibusdistrlbuere.
1627 2932 1758 2989 Necesse
1772 2939 1882 2988 astvero

174 3017 250 3089 quod
265 3032 301 3075 ex
317 3033 350 3076 eo
363 3018 498 3077 iniundat
517 3021 593 3077 diem
610 3020 719 3093 lampas
743 3021 824 3091 solis,
840 3021 1000 3078 claritatem
1055 3022 1189 3079 lectorem
1204 3023 1280 3079 seire
1299 3022 1458 3094 quamlibet
1473 3021 1570 3079 lunam
1583 3020 1712 3078 cuilibet
1728 3021 1821 3079 mensi
1835 3021 1883 3078 ad-

174 3109 309 3178 majorem
335 3109 469 3182 accipiat,
494 3109 674 3182 caloremque
695 3125 797 3169 novum
821 3094 1037 3169 advenientlsG
1054 3112 1173 3184 scribat,
1195 3118 1350 3183 utrumque
1363 3112 1393 3168 in
1414 3126 1448 3168 eo
1461 3111 1642 3182 accenditur,
1665 3123 1704 3167 au
1722 3111 1779 3168 iilo
1792 3112 1882 3184 inquo

172 3197 291 3254 astatis.
1053 3217 1086 3261 ea
1109 3202 1300 3274 extinguitur.
1317 3203 1385 3258 Nam
1408 3201 1433 3259 si
1452 3214 1564 3271 semper
1586 3200 1732 3257 Kalendis
1749 3202 1881 3258 meusium

452 3288 563 3344 iternde
574 3290 720 3344 nauibus.
1054 3291 1261 3350 lunaedelleere
1275 3296 1369 3348 esseut
1384 3291 1488 3361 solitas,
1501 3295 1531 3347 et
1544 3302 1660 3360 semper
1675 3291 1708 3347 in
1726 3290 1792 3346 Kal.
1810 3305 1882 3347 men-

214 3376 270 3431 Lx.
287 3375 350 3433 Sini
365 3381 397 3433 ut
421 3376 464 3433 bil
479 3380 489 3401 ’
505 3371 615 3434 menses
638 3377 806 3450 Egyptiaci,
829 3376 999 3448 orientales,
1055 3383 1130 3440 sium
1154 3381 1252 3452 primae
1276 3380 1352 3437 lunae
1366 3379 1547 3451 compotibus
1566 3379 1707 3452 praebere,
1727 3383 1757 3436 et
1770 3380 1881 3437 alterius

176 3464 279 3535 000000,
307 3470 336 3522 00
347 3466 448 3535 Graeci,
476 3467 652 3539 Macedones,
674 3467 872 3535 Alexandrini,
888 3468 999 3538 Asiani,
1056 3471 1163 3528 mensis
1174 3470 1280 3527 lunain
1295 3468 1417 3526 aiterum
1429 3482 1484 3525 non
1497 3472 1662 3541 vagaretur,
1673 3468 1806 3541 proiecto
1818 3483 1882 3540 qua

176 3556 277 3620 Persae,
293 3555 376 3619 bladi,
392 3555 517 3612 Chaldaei
534 3569 588 3611 non
610 3564 760 3613 numerant
774 3556 845 3612 dies.
861 3557 1002 3613 diensium
1056 3560 1113 3617 stio
1128 3559 1264 3617 solubilis
1282 3557 1366 3627 iuret,
1381 3567 1409 3614 et
1421 3572 1453 3614 ea
1469 3559 1537 3615 luna
1550 3572 1615 3629 quae
1630 3559 1661 3615 00
1675 3559 1778 3616 codem
1798 3573 1882 3615 mense

178 3658 228 3715 per
243 3644 316 3714 ilai,
333 3645 454 3716 000000,
467 3650 495 3701 00
509 3645 585 3713 0000,
598 3645 645 3701 scd
662 3645 708 3702 bis
728 3646 846 3701 Romani
863 3644 1003 3716 00000000-
1056 3649 1238 3721 extinguitur
1252 3653 1280 3705 et
1290 3647 1467 3717 accenditur,
1483 3647 1611 3716 ejusdem
1627 3649 1741 3704 mensis
1753 3662 1815 3706 esse
1825 3647 1885 3704 deb·

179 3740 253 3788 cant.
280 3733 331 3789 Sed
344 3732 446 3802 Graeci,
463 3733 537 3789 etii
552 3734 712 3802 supradicti
736 3747 834 3789 omnes
848 3730 1003 3790 ismenus
1057 3741 1162 3796 pirent.
1183 3737 1234 3793 sed
1255 3737 1329 3808 quod
1349 3750 1410 3793 esse
1424 3736 1453 3792 00
1469 3736 1530 3792 ital.
1552 3737 1714 3808 mensium,
1728 3743 1759 3795 et
1770 3737 1883 3809 reliquis

180 3821 294 3890 nabent,
308 3826 336 3876 et
352 3822 406 3877 sub
426 3835 521 3877 mense
535 3835 632 3877 eorum
649 3820 713 3878 dies
731 3819 766 3878 30
779 3835 889 3893 semper
902 3827 1003 3893 proter
1057 3828 1087 3885 in
1110 3826 1228 3883 exordio
1254 3826 1362 3882 mensis
1383 3825 1487 3882 diebus
1501 3825 1576 3881 lunae
1588 3825 1750 3898 deliciunt,
1775 3833 1803 3884 et
1816 3827 1882 3884 luna

178 3909 326 3981 AEgyptios
347 3909 522 3965 concordant
542 3923 649 3965 omnes.
667 3912 697 3965 in
715 3911 811 3967 eodem
829 3924 922 3967 mense
946 3910 1002 3982 bis,
1056 3912 1681 3985 accendunturlmmobiiirationededgitur.
1690 3920 1726 3972 ut
1742 3915 1884 3987 lunaque·

177 3998 345 4056 01100010·
367 3999 583 4071 100000000110
603 4000 753 4073 AEgyptsss,
778 4000 826 4071 qui
847 3997 880 4056 13
894 4013 1004 4056 meuses
1058 4008 1138 4077 libet,
1158 4006 1188 4061 in
1202 4019 1259 4078 quo
1274 4018 1370 4061 mense
1383 4001 1529 4075 deiecerit,
1549 4007 1578 4059 et
1597 4016 1655 4059 non
1675 4003 1882 4073 inlustraverit

179 4086 300 4159 iaciunt,
314 4088 424 4145 decimo
439 4089 524 4145 tertio
538 4103 633 4146 mense
644 4091 679 4146 00
690 4089 709 4147 5
722 4090 825 4148 diebus
836 4093 1006 4148 remanenti·
1058 4098 1197 4156 decodem
1207 4093 1367 4152 mensenisi
1377 4106 1466 4150 0000
1477 4093 1553 4151 0000
1562 4098 1677 4150 unium
1689 4109 1789 4152 mense
1799 4095 1885 4166 ipsius

179 4174 235 4232 bus
246 4177 385 4248 compicto
395 4176 713 4250 ingust0·ann.3sine
724 4181 858 4245 bissexto,
871 4180 1004 4239 et3anno
1058 4189 1115 4245 crit
1139 4187 1217 4255 luna,
1247 4189 1363 4254 excepta
1386 4182 1455 4239 iuna
1477 4180 1668 4255 embolimaea,
1686 4199 1755 4256 quae
1772 4182 1805 4242 03
1830 4185 1885 4241 sine

178 4281 243 4324 cum
258 4267 345 4323 intret
364 4267 519 4341 bissextus,
536 4283 584 4326 sex
605 4270 667 4326 dies
677 4271 771 4327 adbuc
785 4271 820 4327 de
836 4271 943 4343 ligusto
957 4284 1005 4327 re-
1059 4289 1154 4333 mense
1182 4273 1308 4331 vellana
1333 4270 1481 4328 mensibus
1504 4284 1560 4327 non
1585 4271 1762 4343 deputatur,
1777 4274 1847 4331 dum
1858 4272 1884 4328 bt

180 4363 295 4415 manent
305 4364 420 4429 propter
430 4358 599 4429 bissextum,
611 4360 679 4416 etdt
691 4360 746 4415 isto
757 4360 863 4416 mensis
874 4360 1004 4418 decimus
1058 4363 1175 4431 mensis,
1197 4362 1228 4418 in
1252 4372 1309 4432 quo
1323 4360 1397 4416 dnos
1410 4365 1420 4383 ·
1431 4357 1621 4416 extinctionis
1639 4358 1727 4432 ilunt,
1742 4366 1772 4417 et
1785 4360 1885 4418 mensis

179 4448 284 4504 tertius
305 4447 458 4516 6dlerum,
474 4462 546 4519 quos
560 4449 623 4505 dies
641 4449 878 4522 vocantAEgyptii
896 4464 1005 4524 epago-
1015 4490 1043 4554 D
1058 4454 1120 4510 sine
1139 4450 1314 4509 extinctione
1329 4448 1484 4504 invenitur.

179 4551 285 4607 menas,
312 4538 340 4594 id
356 4542 400 4594 est
411 4539 509 4594 iatine
524 4542 736 4595 concurrentes.
1216 4540 1255 4595 De
1267 4553 1356 4593 mense
1368 4542 1393 4592 et
1406 4538 1619 4606 interrogatione
1640 4538 1726 4594 tuna.

302 4628 369 4681 item
381 4629 413 4682 de
422 4628 559 4682 mensibus
579 4631 604 4682 et
614 4627 686 4682 lona
697 4629 876 4698 longitudine.
1093 4630 1175 4686 iiiii.
1191 4629 1243 4685 000
1252 4629 1286 4689 00
1300 4640 1472 4698 unoquoque
1485 4639 1579 4681 mense
1592 4625 1663 4683 luna
1678 4628 1827 4700 quotdies
1836 4629 1884 4684 ba-

216 4717 284 4770 Llii.
301 4719 410 4773 Menses
424 4728 538 4787 quoque
553 4716 628 4773 iuuae
640 4719 797 4776 secundum
810 4721 926 4779 Latinos
937 4723 1004 4779 ion·
1056 4721 1114 4794 bet,
1127 4727 1156 4777 et
1168 4721 1293 4793 qualiter
1301 4731 1411 4775 meuses
1421 4717 1527 4773 solares
1540 4721 1746 4775 numerantur.
1759 4718 1883 4775 Diximus

181 4806 314 4880 gitudine
327 4805 475 4875 dispares:
489 4805 506 4863 6
522 4806 610 4879 longi,
626 4813 655 4865 et
667 4807 685 4865 6
699 4809 797 4866 breves
809 4824 859 4881 per
873 4813 1004 4868 omnem*
1059 4825 1181 4882 namque
1196 4821 1366 4880 unoquoque
1377 4820 1472 4863 mense
1489 4807 1586 4863 lunam
1607 4804 1716 4864 babere
1727 4807 1795 4865 dies
1804 4807 1848 4879 00,
1859 4811 1881 4863 et

181 4895 376 4952 communium
388 4894 464 4951 lunae
477 4894 560 4968 longe
575 4897 604 4953 in
621 4910 696 4955 anno
708 4899 898 4956 embolismali
915 4900 1004 4956 simui
1057 4898 1224 4967 dimidium,
1240 4902 1268 4952 et
1280 4896 1316 4953 ob
1331 4897 1384 4953 boc
1404 4896 1434 4952 iu
1450 4908 1506 4952 uua
1522 4895 1673 4952 lunatione
1685 4895 1733 4954 29.
1749 4897 1881 4968 Sequente

179 4998 244 5042 cnm
258 4983 325 5041 iuna
339 4984 536 5060 embolismus,
552 4992 580 5044 00
593 4989 656 5045 dies
668 4988 822 5060 bissextus,
835 4990 864 5045 in
875 4989 1005 5046 eumdem
1058 4994 1152 5045 autem
1167 4987 1214 5043 dic
1224 4987 1283 5057 jam
1301 4986 1394 5057 prima
1409 4990 1596 5056 numeratur,
1611 4983 1706 5044 altera
1719 5002 1790 5045 vero
1805 4989 1879 5044 iuna-

180 5088 287 5131 annum
306 5077 488 5134 conveniunt.
515 5079 552 5134 Ut
575 5079 599 5135 si
616 5077 733 5136 000030
755 5079 786 5135 00
808 5078 869 5134 ilai.
890 5080 963 5150 tau,
977 5084 1006 5135 et
1058 5077 1210 5134 00000000
1222 5075 1497 5133 illaaliamcdietate
1507 5074 1787 5147 quaerciictaiuerat
1797 5087 1880 5133 0000

181 5166 249 5223 luna
262 5164 356 5237 ipsius
367 5167 427 5221 ian.
443 5164 487 5237 30,
501 5174 529 5224 et
542 5168 751 5226 lunaFebruar.
767 5182 818 5239 pro
831 5168 957 5225 bissexto
969 5165 1004 5224 30
1058 5174 1139 5224 ratur
1158 5169 1227 5224 iuna
1243 5163 1287 5235 30,
1306 5166 1393 5222 00000
1410 5164 1540 5237 sequenti
1554 5164 1603 5222 dle
1619 5162 1645 5233 0,
1659 5166 1707 5223 sie
1722 5180 1775 5238 per
1798 5172 1878 5223 totun

180 5255 403 5328 computabitur.
429 5256 463 5312 st
479 5257 547 5314 iuna
570 5260 651 5313 biart.
668 5271 779 5329 semper
796 5255 831 5313 30
846 5258 1003 5315 secundam
1056 5272 1163 5316 annum
1177 5270 1234 5314 uno
1247 5269 1342 5312 mense
1360 5256 1429 5313 iuna
1442 5253 1488 5327 00,
1499 5254 1559 5311 aiio
1572 5267 1669 5311 meuse
1677 5252 1726 5320 30,
1741 5257 1841 5328 sicque
1853 5254 1879 5310 bt

180 5347 305 5404 latinos.
321 5346 373 5403 Sed
388 5346 462 5419 quod
478 5345 605 5402 dicimus
618 5345 733 5403 lunares
748 5360 858 5404 menses
872 5347 1004 5420 iongitu-
1057 5348 1119 5406 006
1137 5360 1247 5404 000000
1262 5346 1331 5404 0000
1356 5350 1521 5403 numeretur
1537 5357 1629 5416 usque
1649 5341 1698 5402 29.
1723 5346 1780 5403 Sex
1795 5351 1877 5402 auen

179 5435 247 5492 diue
258 5436 389 5508 dispares
410 5434 568 5492 secuudum
584 5447 745 5504 numerum,
760 5449 816 5493 uon
844 5438 1003 5495 secundum
1057 5438 1109 5495 alii
1125 5450 1235 5494 menses
1249 5449 1341 5507 usque
1355 5435 1423 5494 luna
1437 5431 1482 5506 30,
1497 5440 1526 5491 ct
1543 5434 1575 5491 iu
1588 5433 1686 5506 eapite
1698 5435 1772 5492 anni
1786 5434 1880 5492 solaris

181 5529 312 5582 naturam
332 5539 430 5583 omncs
450 5525 526 5584 iuna
546 5522 654 5581 mensis
681 5525 804 5595 aequales
831 5531 907 5584 sunt.
925 5528 1003 5585 Unde
1059 5525 1229 5584 iudeiertur
1254 5523 1358 5582 babere
1379 5523 1448 5582 iuua
1469 5522 1567 5581 minus
1581 5521 1646 5580 dies
1667 5520 1715 5596 00,
1741 5525 1772 5582 00
1785 5530 1881 5582 estsex
