3876 6090
29 203 80 269 tot

445 152 461 181 ο
1340 145 1342 151 ι

410 204 664 265 COLLECTANEA.
680 239 717 251 —
734 208 915 269 anastasin
934 212 1162 269 APOCRlSldei
1180 213 1354 270 Ertswtl.

1683 208 1737 271 6Ίο

58 353 188 428 mepta<
201 352 295 432 σαρκὸς
310 356 335 411 ἐν
346 359 399 420 roi:
412 352 539 433 deciperem
549 360 715 437 gamag<
726 366 840 446 &parm
873 340 903 402 Α
916 344 984 400 dum
997 347 1129 400 naturam
1139 346 1214 399 Deus
1225 344 1478 413 superimmensus,
1487 341 1544 398 sibi
1553 347 1700 412 cognatam
1708 345 1737 396 et

60 434 154 513 μένην·
178 435 221 495 ἵνα
237 445 360 520 πιστευθῇ
379 440 463 513 Θεθς;
490 434 562 520 εἶναι,
577 448 610 503 δι’
631 452 748 517 ἀσθενοῦς
768 449 840 533 φόσει

60 523 154 604 σαρκὸς
168 528 317 606 αὑτουργῦιν
327 525 374 601 τῆν
386 535 434 588 τοῦ
447 530 540 598 παντὸς
553 537 694 616 σωτηρίαν.

237 955 296 1016 Τοῦ
309 955 499 1030 αι’νιοῦ,ὶκταῦ
509 957 736 1039 αῦτῶλόγονγ’.

94 1113 188 1196 Κᾴμοί
200 1111 261 1195 γὰρ,
273 1111 316 1172 ἵνα
327 1110 450 1195 τρανῶσω
461 1114 648 1196 παραδείγματι
662 1116 694 1176 τθ
709 1116 769 1197 περὶ
782 1140 839 1177 σιο-

58 1205 133 1282 ripa<
153 1199 257 1280 λιχθθν·
277 1204 292 1260 ό
315 1199 420 1281 φυσικὸς
439 1224 490 1279 μου
502 1201 581 1280 λόγος
595 1203 781 1282 ουγγειῆιέσα
793 1204 840 1263 καί

59 1288 221 1360 κατάλληλος
244 1287 298 1347 όντι
320 1290 418 1371 λογικῷ
435 1289 523 1348 τεκαὶ
539 1293 620 1372 νοερῷ
637 1290 684 1362 τῆν
697 1282 839 1371 ψυχῆν,ἥς

58 1373 123 1435 κατὰ
143 1373 219 1456 φόφιν
239 1375 307 1435 ἐστίν
327 1376 491 1448 αῦτοκίνητος
508 1376 621 1458 ἕνίργειαί
641 1403 671 1438 τε
688 1379 731 1437 καί
748 1375 838 1458 πρώτη

59 1465 174 1540 δίναμις,
189 1461 343 1534 ἀεικίνητος,
358 1467 373 1522 ὁ
386 1460 462 1542 λόγος
473 1469 586 1546 φυσικῶς
600 1470 678 1536 αὑτῆς
690 1462 838 1543 πηγαζόμε-

58 1570 113 1617 νος·
140 1550 170 1611 όν
198 1550 342 1631 ρηματίσας
369 1575 399 1611 τε
421 1551 466 1610 καί
487 1558 622 1633 γραμμαῖς
654 1544 683 1611 ιθ
711 1551 836 1633 χαράξας,

58 1634 164 1718 θώων
179 1635 839 1720 14*ὄθθαναῶςιίτῑλθθπθθθὲθθικαῖγθᾶμθασῑ
874 1655 979 1718 Bnice
993 1668 1056 1710 cnm
1069 1660 1181 1724 oportet
1194 1654 1330 1724 produco,
1342 1657 1371 1707 et
1393 1652 1499 1707 litteris
1519 1650 1675 1706 artificiose
1688 1661 1737 1718 per
1843 1666 1847 1673 ·

58 1730 181 1805 τεχνικῶς
196 1724 239 1785 διὰ
250 1731 302 1785 τῶν
316 1725 443 1804 ἀνομοίων
455 1724 492 1804 μὴ
504 1726 635 1807 τραπέντα
650 1725 747 1793 δεικνὺς
761 1725 840 1785 αὐτόν

59 1812 250 1892 ῆιαουόμενον.
264 1816 305 1873 Οίι
318 1809 368 1893 γίιρ
376 1811 498 1884 γλώσσης
508 1814 552 1873 καὶ
564 1814 748 1894 γραμμάτωνδ
764 1836 839 1895 φυσι-

59 1899 99 1967 κός
113 1925 168 1978 μου
177 1899 256 1980 λόγος
268 1905 334 1961 ἐστι·
352 1898 399 1983 κᾷν
413 1902 445 1959 δι’
459 1904 543 1960 αὐτῶν
556 1904 635 1961 αὐτοῦ
653 1907 779 1976 ποιοῦμαι
791 1898 839 1971 τῆν

59 1986 198 2071 τροφορόν.
224 1989 298 2048 Ἀλλ’
314 1992 390 2064 ἐμοῦ,
405 1995 455 2048 τοῦ
469 1987 535 2047 κατὰ
547 1992 621 2070 φύσιν
632 1990 783 2062 λαλοῦντος,
795 1987 839 2048 καί

60 2078 85 2135 δι’
99 2079 201 2158 ἀμφοῖν
214 2076 291 2136 αὑτὸν
304 2079 340 2142 ὥς
354 2075 416 2154 ίμθν
431 2079 613 2158 ίκφωνουνιυς·
630 2081 676 2148 τῆς
690 2072 737 2152 μὲν
750 2083 839 2154 νοερᾶς

61 2187 105 2242 ew
133 2167 224 2244 ψυχῆς
250 2167 363 2246 φυσικῶς
390 2162 431 2222 ἀεὶ
456 2161 645 2241 mentietur,
673 2160 714 2220 διὰ
739 2158 767 2220 δὲ
793 2166 840 2233 ris

61 2256 212 2329 σαματαιῆς
223 2274 273 2330 μου
285 2248 406 2328 γλώσσης
422 2254 572 2333 θργανικῦις,
587 2255 621 2316 ὡς
634 2248 709 2332 ἔφην,
728 2247 772 2308 ὅτε
784 2245 839 2329 χρὴ

61 2337 259 2421 προφερόμενον·
277 2336 383 2421 Ὥσπερ
399 2330 441 2397 οῦν
455 2339 494 2420 ἐφ’
511 2340 597 2416 ἡμῶν,
618 2336 678 2397 ὅσον
696 2333 796 2396 είκόσαι
808 2334 839 2393 τθ

61 2428 189 2494 παντελῶς
209 2425 369 2497 ἀνείκαστον,
382 2425 424 2485 διδ
436 2431 482 2498 τῆς
496 2430 646 2503 σωματικῆς
659 2427 736 2501 ἡμῶν
749 2419 839 2502 pide·

61 2535 100 2584 νας
120 2513 256 2594 ἀτρίπτοις
278 2519 296 2586 ἡ
318 2512 385 2573 κατὰ
407 2511 481 2596 φόσιν
498 2519 545 2586 τῆς
563 2517 649 2595 ψυχῆς
667 2509 761 2591 λογικῆ
772 2535 839 2592 προ·

61 2603 157 2682 φίρεπιι
170 2603 290 2679 δύναμις,
303 2599 371 2661 οὕτω
382 2602 426 2661 καί
439 2600 482 2661 ἐπί
494 2606 540 2673 τῆς
550 2605 694 2683 ὑπερφυοῦς
708 2605 756 2658 τοῦ
770 2599 840 2658 Θιαῦ

60 2685 251 2766 αωματιίισεως.
268 2686 317 2748 Διό
330 2694 376 2760 τῆς
388 2691 468 2748 αὐτοῦ
485 2689 610 2768 παναγίας
628 2686 733 2768 σαρκὸς,
756 2687 783 2744 ἐν
802 2675 840 2752 οἷς

61 2774 86 2835 όν
105 2780 201 2843 θεῖαιῦς
223 2777 360 2858 ἐνῆργησε,
379 2777 440 2855 δίχα
461 2783 557 2859 τροπῆς
573 2783 591 2849 ἡ
605 2770 838 2855 παντοκρατορικῆ,

60 2864 100 2924 καί
123 2867 179 2923 τῶν
206 2861 276 2923 ὅλοιν
297 2861 419 2934 ποιητικὴ
442 2868 489 2935 τῆς
509 2863 572 2936 θλης
591 2862 710 2934 θεότητος
727 2859 842 2941 ίνίργεια

61 2952 239 3024 διαδείκνυται,
255 2951 340 3022 πόσης
355 2951 428 3018 ἐκτὸς
439 2950 592 3033 κατὰφύσιν
610 2953 767 3030 περιγραφῆς
779 2951 840 3008 δια-

61 3039 172 3116 μένουσα
183 3036 232 3121 κᾷν
246 3037 287 3097 διδ
300 3038 395 3119 σαρκὸς
408 3037 534 3120 διέλαμψε
546 3037 620 3121 φόσει
631 3035 837 3117 πεπερασμίνης.
873 3013 897 3075 C

60 3129 97 3186 Οθ
117 3125 170 3208 γὰρ
192 3125 289 3207 πίφνκε
309 3126 508 3208 περιγράφεσθαι
523 3129 618 3204 γενητῇ
637 3120 712 3207 φύσει
729 3121 840 3184 abacta&

62 3217 132 3296 φίσιν
159 3213 309 3292 ἀγόναηιον,
336 3211 384 3296 κᾷν
408 3211 501 3295 συνίφο
527 3217 598 3295 αὐτῷ
621 3208 690 3270 κατὰ
713 3208 840 3290 σύλληψιν

63 3300 143 3361 πάντα
162 3299 367 3383 εαριγροίφουσοιν
385 3306 458 3359 νοῦν·
478 3298 537 3359 οὔτε
552 3297 603 3377 μὴν
617 3294 756 3364 stercorio
768 3301 839 3381 αὖτῷ

64 3387 175 3468 φέρεσθαι
197 3385 296 3469 φόσεόις
321 3410 385 3446 ποτε
413 3386 459 3446 καὶ
482 3392 589 3469 φυσικῆς
615 3386 760 3470 ἐνεργείας,
790 3383 839 3452 ἕως

64 3473 91 3535 δν
107 3474 227 3558 θειότερον
243 3481 290 3548 τῆς
310 3474 375 3542 ἰδίας
395 3474 465 3542 ίντδς
485 3472 555 3555 μένει
569 3481 677 3556 φυσικῆς
693 3475 835 3559 σἰτρπρίας·

73 3564 207 3646 Ὀμαφυῶν
226 3560 276 3644 γὰρ
294 3561 378 3640 μόνων
395 3561 581 3645 ἡταῦτουργός
594 3566 649 3623 ίστι
662 3564 772 3640 κίνησις,
787 3588 839 3636 ση-

70 3650 187 3728 μαίνωσα
203 3649 252 3721 τῆν
274 3650 373 3722 οθσίαν,
395 3643 426 3722 ῆς
446 3648 541 3732 φυσικὴ
558 3648 701 3724 καθέστηκε
718 3655 837 3730 δύναμις,

71 3739 206 3820 ίτεροφααῦς
229 3736 317 3804 οθσίας
337 3729 400 3797 εἶναι
419 3737 558 3799 κατουδίνα
577 3735 666 3819 λόγον,
689 3737 838 3820 ῆγενέσθαι

73 3822 124 3905 δίχα
133 3829 228 3908 τροπῆς
242 3823 391 3902 δυναμένης.

236 4365 293 4423 Τοῦ
303 4367 392 4438 αὐτοῦ,
407 4366 437 4423 ἐκ
450 4369 498 4424 τοῦ
511 4368 590 4424 αὐτοῦ
602 4361 682 4443 λόγου
695 4364 736 4424 δ’.

10 4546 12 4569 ;
104 4512 140 4574 Τό
149 4511 199 4596 γδρ
210 4513 352 4595 μυστήριον
364 4518 410 4586 τῆς
424 4513 491 4580 θείας
506 4513 668 4596 σαρκήσεως,
684 4511 839 4581 ἀποστόλοις

10 4618 13 4647 ³
75 4621 105 4671 τε,
116 4601 317 4684 καίπροφῆταις,
329 4600 373 4660 καί
383 4600 544 4666 διδασκάλοις
555 4598 650 4672 διττὴν,
666 4601 711 4660 καί
721 4600 838 4682 διάφορον

10 4692 12 4696 ’
75 4684 122 4765 ίχαι
138 4688 289 4766 &brumae
310 4685 357 4758 τῆν
381 4689 408 4745 ἐν
425 4697 490 4746 πᾶσι
506 4685 615 4770 φυσικὴν
632 4685 743 4769 θεορίαν·
760 4690 837 4747 αἰνελ-

74 4771 147 4841 λιιιαῦς
171 4774 289 4856 ὑπάρχον
311 4771 450 4848 θεότητος,
477 4773 523 4832 καί
546 4773 659 4851 πλήρους
686 4773 838 4833 ἐνδεικτικὸν

72 4861 250 4945 ίιθρωπότητος
265 4862 305 4924 όν.
320 4859 394 4928 Ἕως
412 4860 442 4922 δν
465 4865 516 4940 οὐχ
535 4853 575 4928 εἷς
595 4860 664 4921 κατὰ
681 4860 728 4934 τῆν
750 4861 838 4921 οθσίαν

72 4951 205 5031 γωρίζεται
217 4947 297 5027 λόγος
314 4959 373 5027 μιᾶς
394 4950 529 5030 ἐνεργείας,
544 4948 666 5009 οὐδέποτε
678 4950 734 5009 καθ’
752 4954 838 5010 ὁτιοῦν

71 5035 207 5118 ίμφοιίρων
218 5036 393 5116 γνωσθήσεται
404 5037 510 5103 κίνεσις.
519 5036 557 5098 ‘0
567 5035 616 5118 γὰρ
630 5037 670 5095 ἀεί
683 5033 752 5096 κατὰ
763 5040 837 5120 φύσιν

70 5123 181 5206 θιόρχων
207 5124 297 5195 Θσδς,
324 5124 486 5207 ὓπεραπείριρ
513 5123 619 5202 δυνάμει
642 5122 777 5203 γενόμενος
801 5130 837 5194 ὡς

70 5210 179 5285 ίθῖλησεν
201 5212 331 5295 ἄνθρωπος
353 5211 543 5293 ἀναμάρτητος,
569 5211 631 5294 όπιρ
651 5204 679 5285 ῆ,
699 5211 764 5289 ἔστι,
780 5216 836 5292 μεθ’

72 5294 125 5359 imm
136 5306 233 5360 νοεῖται
246 5299 324 5367 Θεδς·
346 5301 391 5359 καί
408 5299 469 5382 ὅπερ
488 5298 601 5380 γέγονεν,
618 5299 685 5376 ἔστι,
701 5302 755 5379 μεθ’
770 5300 838 5364 ὅσων

71 5391 151 5448 νοεῖται
173 5389 218 5448 καί
240 5388 404 5471 γνωρίζεσθαι
426 5387 534 5471 πόφυνεν
561 5388 705 5470 ἄνθρωπος·
728 5389 839 5450 Ἑαυτοῦ

73 5475 116 5533 καθ’
130 5474 248 5557 ὶαότερον
270 5478 310 5538 ἀεὶ
328 5474 411 5553 μόνων
425 5475 599 5554 ἀνίκπτωτος,
615 5466 657 5543 οἷς
671 5478 759 5544 θιοαῦς
771 5481 839 5555 ὁμοῦ

870 4327 898 4390 D

915 432 1127 487 convenientem
1139 431 1246 487 babens
1254 431 1455 501 operationem,
1464 443 1498 484 ex
1507 428 1613 484 deitate
1621 428 1735 498 quidem

916 519 1146 577 substantialiter
1155 525 1257 589 natam,
1271 534 1320 589 per
1330 518 1539 574 sanctissimam
1550 528 1736 572 verocarnem

916 608 946 663 in
963 609 1112 665 miraculis
1133 608 1342 678 dispensatorie
1357 606 1543 662 declaratam:
1559 609 1592 660 ut
1605 604 1738 659 credatur

913 695 989 751 Deus
1003 709 1074 766 esse,
1089 710 1138 766 per
1153 696 1294 751 inllrmam
1310 699 1412 751 natura
1431 706 1543 748 carnem
1560 705 1653 762 perse
1667 704 1739 761 ope-

915 784 1329 840 ransuniversitatissalutem.

1090 911 1230 980 Ejusdem,
1244 927 1278 966 eac
1298 910 1389 965 codem
1402 924 1521 964 οενιιιοιιο
1532 904 1559 965 3.

948 1036 1059 1093 Etenim
1083 1041 1112 1092 et
1138 1036 1221 1103 mibi,
1243 1041 1276 1093 ut
1289 1034 1481 1106 paradigmate
1502 1031 1625 1103 quodde
1638 1032 1739 1088 Salva-

914 1126 1097 1181 toredictum
1122 1128 1175 1193 est,
1201 1124 1368 1194 exprimam,
1383 1121 1525 1179 naturalis
1552 1133 1644 1177 sermo
1658 1133 1738 1176 meus

913 1217 1052 1284 cognatus
1066 1217 1146 1269 estet
1159 1217 1331 1282 competens,
1346 1225 1411 1267 cum
1420 1211 1474 1266 sim
1487 1209 1639 1266 rationalis
1653 1213 1682 1264 et
1696 1209 1738 1264 in·

915 1300 1088 1357 tellectualis
1107 1302 1212 1369 anima,
1231 1303 1316 1370 cujus
1341 1299 1497 1356 secundnm
1523 1301 1653 1354 naturam
1666 1300 1737 1354 csta

914 1402 945 1444 se
958 1389 1073 1444 mobilis
1088 1390 1215 1458 operatio
1226 1403 1259 1443 ac
1272 1389 1363 1457 prima
1374 1388 1478 1458 virtus,
1494 1399 1603 1456 semper
1621 1384 1738 1440 mobilis

914 1490 1007 1532 sermo
1033 1478 1203 1533 naturaliter
1228 1491 1261 1532 ex
1292 1490 1324 1531 ca
1344 1476 1499 1545 prolluens,
1528 1487 1612 1543 quam
1642 1472 1738 1528 verbis

916 1566 1067 1636 prolatum,
1083 1571 1112 1621 et
1125 1566 1211 1621 lineis
1231 1570 1388 1632 exaratum,
1403 1563 1501 1634 lingua
1519 1561 1635 1632 quidem
1650 1573 1738 1632 orga-

915 1743 1103 1802 indissimilia
1119 1758 1174 1799 non
1187 1744 1365 1812 existentem,
1379 1745 1407 1796 et
1420 1738 1616 1796 dissimilibus
1629 1750 1683 1793 non
1695 1735 1737 1792 lu·

915 1833 1036 1907 gientem
1052 1833 1204 1888 ostendens
1220 1845 1284 1886 eum
1300 1830 1495 1885 subauditum.
1513 1830 1573 1883 Non
1586 1827 1662 1882 enim
1675 1825 1738 1880 lin-

914 1937 976 1995 gua
990 1936 1022 1977 ac
1038 1922 1198 1977 litterarum
1214 1919 1354 1975 naturalis
1379 1931 1472 1973 sermo
1500 1929 1579 1971 meus
1593 1918 1646 1984 est,
1669 1913 1736 1969 licet

914 2025 963 2083 per
972 2025 1019 2067 eas
1033 2011 1126 2081 ipsius
1138 2009 1277 2065 iaciamus
1288 2007 1565 2078 pronumiationem:
1579 2002 1627 2058 sed
1644 2015 1734 2067 meus,

914 2101 963 2172 qui
973 2099 1128 2155 secundum
1138 2103 1269 2153 naturam
1279 2097 1389 2167 loquor,
1399 2102 1427 2150 et
1436 2107 1485 2164 per
1507 2087 1734 2161 utrasqueillum

913 2193 946 2245 ut
958 2202 1049 2244 meum
1063 2187 1227 2257 pronuntio.
1249 2184 1291 2239 llb
1305 2181 1494 2239 intellectuali
1508 2177 1735 2252 quidemanima

913 2291 971 2333 mea
989 2290 1099 2345 semper
1111 2274 1281 2331 naturaliter
1299 2272 1471 2329 dirivatum:
1498 2282 1548 2340 per
1559 2266 1734 2337 corporalem

912 2379 979 2421 vero
992 2365 1118 2436 linguam
1140 2376 1229 2419 ineam
1244 2362 1387 2433 organice,
1403 2363 1436 2416 ut
1446 2358 1519 2427 dixi,
1533 2371 1598 2413 cum
1611 2359 1732 2426 oportet,

914 2454 1094 2523 productum.
1114 2451 1196 2508 Sicut
1207 2464 1273 2523 ergo
1289 2451 1317 2505 in
1332 2448 1425 2518 nobis,
1440 2453 1578 2518 quantum
1593 2445 1736 2500 aestimare

914 2540 1148 2614 possumusquod
1159 2538 1442 2596 modisomnibnsest
1456 2532 1667 2601 inestimabile,
1687 2544 1736 2602 per

912 2630 1088 2701 corporalem
1101 2628 1229 2700 linguam
1247 2631 1374 2683 nostram
1388 2621 1657 2690 inconvertibiliter,
1672 2632 1736 2690 quae

912 2709 1737 2784 secundumnaturamest,animasrationabilisproducitur

912 2808 1020 2865 virtus:
1037 2808 1076 2862 ita
1089 2813 1116 2862 et
1127 2807 1157 2862 in
1176 2805 1300 2877 gloriosa
1314 2803 1364 2859 Dei
1383 2799 1588 2868 incarnatione,
1603 2811 1652 2867 per
1665 2809 1736 2852 ean-
1799 2845 1800 2848 ,

912 2897 1071 2952 ctissimam
1080 2909 1192 2951 carnem
1204 2907 1284 2950 suam
1294 2893 1323 2948 in
1338 2886 1736 2961 quibuscunquedivineope-

913 2989 1034 3052 raretur,
1053 2984 1115 3039 sine
1130 2981 1372 3038 convertibilitate
1391 2975 1615 3046 omnipotentiva
1629 2977 1657 3029 et
1669 2986 1737 3028 cun-

912 3078 1021 3130 ctorum
1032 3071 1135 3128 factiva
1147 3071 1237 3127 totius
1248 3068 1365 3125 deitatis
1373 3065 1500 3136 operatio
1511 3061 1733 3128 monstrabatur,

912 3161 1110 3232 absqueomni
1134 3159 1289 3216 secundum
1313 3161 1442 3211 naturam
1468 3149 1735 3219 circumscriptione

913 3262 1089 3321 permanens.
1115 3248 1180 3302 licet
1197 3260 1245 3317 per
1270 3258 1382 3300 carnem
1404 3242 1526 3314 fulgeret
1547 3243 1648 3295 natura
1672 3237 1736 3292 cir-

912 3326 1734 3394 cumllnitam.Nonenimcircumscribiturlactitianatura

912 3423 988 3496 quod
1004 3423 1160 3479 secundum
1181 3425 1310 3474 naturam
1326 3415 1431 3472 lactum
1454 3426 1510 3469 non
1531 3417 1584 3480 est,
1601 3410 1668 3465 licet
1682 3423 1735 3465 co-

913 3515 1025 3571 oriatur
1038 3513 1065 3568 ei
1077 3526 1127 3581 per
1140 3510 1352 3578 conceptionem
1366 3517 1476 3560 ornnem
1485 3513 1600 3557 sensnm
1613 3499 1735 3554 circum·

913 3602 1100 3660 scribentem:
1127 3613 1177 3653 nec
1202 3598 1287 3653 etiam
1304 3597 1334 3650 in
1361 3594 1457 3649 eodem
1473 3591 1537 3660 ipso
1558 3587 1615 3644 sibi
1631 3591 1733 3641 natura

911 3690 1044 3750 differtur
1073 3687 1228 3758 aliquando
1259 3689 1287 3741 et
1315 3681 1456 3740 naturalis
1484 3677 1621 3748 operatio,
1644 3674 1734 3730 donec

913 3787 1067 3850 utrumque
1079 3779 1154 3832 intra
1163 3775 1306 3845 propriam
1317 3775 1411 3826 manet
1422 3766 1579 3824 naturalem
1589 3764 1735 3820 inconver-

828 3869 836 3881 '
912 3868 1088 3926 tibilitatem.
1102 3863 1338 3922 connaturalium
1351 3860 1426 3916 enim
1441 3860 1550 3913 tantum
1564 3867 1615 3924 per
1629 3865 1658 3908 se
1672 3863 1735 3921 ope

912 3970 980 4013 rans
993 3963 1037 4012 est
1052 3960 1155 4024 motus,
1166 3951 1352 4008 manifestans
1363 3946 1553 4004 substantiam
1564 3943 1737 4013 cujusnatu·

912 4047 1000 4102 ralem
1015 4049 1126 4101 constat
1140 4057 1201 4099 esse
1224 4043 1375 4097 virtutem:
1399 4037 1519 4093 diversae
1534 4038 1643 4088 naturae
1665 4041 1736 4099 pro-

912 4135 1045 4207 prietatis
1057 4133 1218 4191 substantia
1235 4130 1314 4186 nulla
1334 4128 1445 4183 ratione
1458 4137 1520 4181 esse
1534 4122 1577 4178 vel
1597 4119 1658 4176 deri
1672 4118 1735 4175 sine

911 4223 1154 4283 convertibilitate
1169 4221 1289 4277 valente.

1089 4371 1230 4441 Ejusdem,
1250 4384 1284 4422 ce
1296 4366 1387 4421 rodem
1401 4376 1520 4417 ammone
1532 4357 1557 4415 i.

947 4519 1112 4590 Mysterium
1125 4512 1361 4586 namquedivinae
1374 4504 1583 4565 incarnationis
1594 4499 1735 4572 apostolis

911 4613 940 4665 et
954 4606 1101 4678 prophetis
1116 4610 1202 4674 atque
1224 4599 1391 4658 doctoribus
1403 4595 1520 4666 duplam
1540 4607 1573 4649 ac
1592 4593 1733 4648 diversam

913 4697 943 4754 in
959 4693 1204 4753 omnibushabcre
1216 4689 1373 4752 naturalem
1389 4685 1528 4743 theoriam
1541 4681 1733 4755 dignoscitur,

911 4786 1029 4842 comsit
1051 4782 1180 4852 perlectae
1198 4779 1316 4834 deitatis
1330 4781 1358 4833 et
1377 4776 1467 4846 planae
1479 4770 1734 4831 demonstrativum

914 4873 1111 4931 humanitatis.
1135 4870 1261 4938 Quarum
1287 4868 1376 4923 donec
1391 4878 1480 4922 unum
1494 4862 1650 4919 secundum
1662 4858 1736 4916 sub-

912 4963 1047 5018 stantiam
1063 4974 1119 5017 non
1130 4958 1276 5030 cognitum
1290 4953 1378 5011 luerit
1393 4953 1514 5008 Verbum
1529 4951 1619 5007 unius
1631 4962 1736 5020 opera-

911 5049 1010 5120 tionis,
1038 5063 1102 5105 cum
1130 5047 1282 5117 utriusque
1316 5043 1365 5112 sit,
1393 5052 1535 5111 nunquam
1578 5037 1735 5109 aliquando

911 5144 1098 5212 cognoscetur
1125 5142 1228 5193 motus.
1253 5137 1322 5192 Cum
1347 5133 1423 5188 enim
1452 5144 1563 5200 semper
1577 5128 1734 5186 secundum

912 5235 1042 5283 naturam
1057 5227 1162 5283 existat
1180 5223 1381 5295 superinfinita
1395 5221 1502 5277 virtute
1526 5218 1628 5286 lactus,
1658 5215 1735 5270 sicut

911 5317 1013 5385 voluit,
1040 5316 1123 5372 bomo
1147 5315 1210 5370 sine
1243 5317 1367 5385 peccalo,
1397 5310 1471 5383 quod
1499 5312 1560 5364 erat
1590 5308 1643 5374 est,
1668 5313 1732 5357 cum

912 5405 1030 5495 quantis
1042 5405 1226 5477 cognoscitur
1239 5405 1329 5460 Deus:
1358 5406 1386 5457 et
1406 5398 1481 5472 quod
1508 5395 1602 5451 lactus
1616 5395 1668 5461 est,
1691 5389 1735 5442 est

911 5508 975 5550 cum
1002 5494 1120 5565 quantis
1149 5507 1210 5550 esse
1237 5491 1420 5564 cognoscitur
1448 5487 1549 5541 bomo:
1575 5477 1731 5536 secundum
