3876 6090
112 240 167 305 nm
733 242 912 303 aunsrasn
935 243 1205 306 nnnrmuncnnn
1765 250 1823 312 too

112 367 218 440 (Ιαιιιι.
243 382 307 438 ιιι;
333 371 417 425 flore
444 384 479 440 113
501 370 566 426 Luc.
582 368 611 445 r)
631 383 749 428 :rerum
765 369 878 426 nullum
904 366 978 426 exa
995 375 1101 442 quanto
1116 375 1208 446 magis
1220 377 1296 432 bens
1315 375 1443 433 omnium
1457 379 1587 432 nostrum
1603 377 1694 447 pater,
1707 387 1821 431 omnem

115 457 162 514 bis
177 458 367 515 insacerdotii
378 459 519 532 dignitate
540 465 729 529 numeratum,
744 459 802 514 nisi
818 456 891 514 forte
910 455 938 511 id
995 462 1178 531 poenitentem
1188 467 1327 538 suscipiet
1341 467 1369 522 in
1383 467 1460 523 ulnis
1470 466 1543 536 suis,
1555 479 1620 522 cum
1634 465 1674 521 sil
1686 463 1824 538 singula-

115 547 938 619 antcbaptismacommiserit.Norietmonachosaliqnot,
996 550 1067 607 riter
1078 553 1255 611 misericors!
1276 558 1337 611 Non
1362 555 1438 612 enim
1458 562 1575 610 mortem
1600 553 1674 624 petit
1698 556 1824 623 peceato

114 649 179 694 cnm
196 638 226 693 in
243 640 348 696 mundo
362 645 466 710 essent,
484 641 561 697 omni
578 639 700 695 libidine
717 640 939 708 conspurcatos3
995 638 1047 710 ris,
1064 642 1112 697 sed
1130 645 1221 716 magis
1234 649 1266 700 ut
1280 648 1461 701 convertatur
1479 647 1507 700 ei
1525 643 1601 699 vivat
1615 640 1721 714 (limeis.
1738 654 1821 711 xxrrr,

114 740 180 783 cum
193 731 289 783 autem
303 729 434 785 solitarie
445 730 581 800 viverent,
598 733 732 799 tanquam
743 724 819 783 faces
829 725 859 781 in
872 722 941 780 orbe
995 731 1110 802 xxxin).
1126 732 1369 802 Quemadmodum
1383 734 1470 791 etiam
1489 733 1519 789 in
1544 731 1699 802 Evangelio
1713 729 1750 787 ab
1761 731 1824 801 ipsa

115 815 329 885 resplenduisse
344 817 547 889 [fornicatione
561 819 700 881 detentos,
720 815 939 872 effectosautem
993 819 1108 876 Domini
1122 835 1188 878 voce
1207 837 1256 894 per
1281 822 1443 894 parabolam
1465 822 1501 878 de
1525 820 1655 892 prodigo,
1676 823 1706 875 et
1727 824 1823 890 postet

118 908 272 963 monachos
286 909 362 965 sicut
381 908 537 966 luminaria
553 911 582 965 in
599 909 704 965 mundo
716 905 939 978 peristudiosam
996 909 1149 976 poeuiteme
1165 912 1237 982 (Luc.
1262 912 1318 986 xv),
1345 911 1479 969 instructi
1505 923 1648 980 sumus,a
1668 909 1753 964 Patre
1772 923 1825 965 coe·

115 995 203 1051 uitam
222 997 376 1069 lucentesi:
391 998 503 1056 nullum
514 1005 607 1055 tamen
624 998 713 1055 exhis
727 994 939 1053 iusacerdotem
996 996 1060 1054 lesti
1078 1005 1188 1071 recepto
1205 1001 1234 1057 in
1256 1000 1337 1058 coelis
1351 1000 1376 1045 b·
1388 1001 1499 1057 Gaudet
1513 986 1589 1055 enim
1611 1011 1699 1068 super
1712 1011 1823 1055 omnem

117 1085 291 1144 &dinatum-
305 1086 385 1155 Quod
410 1089 435 1144 si
451 1095 546 1146 aulem
569 1089 598 1144 id
621 1088 705 1144 semel
728 1091 814 1157 alque
837 1085 940 1140 iterum
997 1088 1140 1146 homiuem
1154 1097 1280 1162 agentem
1293 1087 1684 1161 poeuiteutiamlrenitentla
1699 1087 1823 1159 insignis

118 1172 223 1231 factum
239 1183 293 1248 est,
309 1192 364 1233 non
380 1184 473 1233 tamen
488 1177 638 1234 confestim
654 1179 743 1248 legem
766 1176 795 1230 in
815 1172 941 1229 Ecclesia
997 1182 1039 1235 est
1051 1185 1206 1251 armatura,
1226 1194 1327 1252 magna
1345 1179 1450 1236 salutis
1468 1179 1524 1248 via,
1547 1183 1575 1234 er
1599 1176 1722 1247 hospitii
1743 1176 1822 1248 regni

118 1265 288 1333 praescribit.
301 1267 413 1324 Scimus
427 1273 553 1324 sanctam
565 1264 690 1342 [almam]
701 1268 819 1323 llarlam
830 1274 845 1305 ⁸
860 1265 942 1337 prius
997 1269 1133 1325 ooelorum
1148 1270 1343 1341 dispensatrix
1354 1266 1425 1342 lde,
1439 1268 1518 1341 regni
1532 1266 1595 1324 cml.
1612 1264 1799 1322 conciliatrix
1814 1282 1821 1319 :

117 1355 293 1411 meretricem
310 1354 409 1428 fuisse,
426 1361 521 1428 postea
538 1355 640 1413 factam
654 1357 847 1413 continentem
872 1353 941 1426 [lor-
997 1358 1055 1411 cod.
1078 1359 1130 1412 iol.
1154 1358 1351 1414 reconciliatio
1376 1357 1454 1430 regni
1477 1353 1564 1430 ocull,
1588 1352 1824 1423 incorruptibilis

118 1445 268 1516 niceriam,
284 1460 386 1502 rursus
400 1451 494 1503 antem
511 1446 654 1516 pudicam]
670 1464 676 1500 :
692 1460 746 1502 non
764 1450 855 1501 tamen
868 1445 943 1499 inter
998 1446 1051 1502 riae
1062 1446 1131 1518 dux,
1149 1447 1366 1517 martyricorum
1377 1445 1565 1502 certaminum
1575 1442 1778 1514 aequiparatio,
1789 1441 1822 1496 ad

116 1533 253 1591 diaconas
269 1534 356 1590 relata
368 1541 419 1591 est.
440 1536 581 1605 Quorsum
600 1549 665 1591 vero
686 1535 744 1591 brec
766 1534 859 1591 dicoi
877 1545 942 1589 cum
999 1536 1086 1590 Deum
1101 1537 1175 1592 viam
1187 1536 1328 1604 indicans,
1344 1540 1372 1591 et
1390 1549 1455 1591 cum
1476 1535 1538 1604 ipso
1552 1547 1603 1590 nos
1624 1545 1687 1588 esse
1700 1529 1821 1603 faciens3

116 1623 247 1680 veritatis
262 1637 419 1679 sermonem
435 1638 613 1697 cognoscam,
636 1631 664 1680 et
687 1637 751 1680 eum
774 1624 824 1695 qui
841 1622 944 1679 adivi·
1001 1625 1117 1682 humani
1131 1627 1243 1698 generis
1257 1626 1386 1695 baculus,
1397 1623 1596 1680 cadentiumet
1607 1621 1823 1691 lapsorumsnr

117 1711 164 1766 nis
175 1714 313 1782 apostolis
325 1713 460 1770 initiatus
471 1722 524 1785 est,
536 1714 671 1771 audacter
681 1714 847 1769 clamantem
861 1727 877 1768 a
891 1691 985 1785 [diB
1001 1716 1098 1771 rectio.
1116 1716 1192 1771 Beati
1203 1716 1253 1786 qui
1267 1716 1337 1771 hunc
1353 1713 1574 1784 amplectuntur,
1600 1717 1628 1767 ct
1648 1710 1719 1766 hnic
1735 1709 1823 1765 adhe

117 1799 194 1857 vinis
208 1802 348 1871 apostolis
362 1808 389 1858 et
410 1803 519 1859 sanctis
540 1803 673 1858 Patribus
697 1802 805 1858 nostris
825 1802 944 1858 edoctus
1000 1810 1071 1860 rent.
1087 1805 1142 1874 Qui
1159 1805 1230 1860 hanc
1246 1807 1385 1873 exercent,
1408 1816 1473 1858 cum
1492 1799 1603 1872 angelis
1623 1799 1714 1855 vitam
1735 1811 1823 1869 aeqna·

116 1892 251 1947 audacter
265 1890 361 1966 clam]
383 1893 492 1948 rideam
507 1891 583 1962 (Gon.
599 1890 660 1964 30):
679 1892 759 1962 Quod
777 1892 943 1962 quicunque
998 1895 1053 1951 lem
1065 1897 1180 1965 ducent,
1194 1894 1229 1949 ab
1249 1893 1326 1950 omni
1343 1891 1417 1948 malo
1431 1890 1587 1959 declinant,
1603 1892 1632 1945 et
1646 1888 1756 1944 bonum
1780 1885 1823 1942 fa-

118 1993 168 2050 per
183 1980 334 2050 pecuniam
350 1982 503 2038 ordinatus
517 1987 560 2038 est
572 1982 733 2051 episcopus,
750 1984 800 2036 aut
823 1979 945 2050 presby·
998 1985 1088 2041 ciunt.
1101 1983 1271 2040 Poenitentia
1288 1987 1331 2038 est
1350 1981 1482 2038 columna
1491 1983 1519 2034 et
1529 1976 1687 2034 familiaris
1697 1975 1822 2034 dilectio

117 2073 170 2139 ter,
193 2073 244 2124 aut
262 2068 412 2141 diaconus,
433 2071 546 2127 alienus
560 2077 604 2126 est
625 2084 642 2126 a
661 2069 829 2126 sacerdotali
850 2068 945 2140 digni·
998 2073 1045 2128 nis
1061 2068 1243 2146 [collactanea
1259 2076 1287 2126 et
1301 2068 1494 2126 cohabitatrix
1509 2063 1687 2140 charitatis]‚
1709 2064 1822 2121 eleemo

117 2161 175 2213 tate
190 2174 197 2212 ι
214 2170 270 2213 non
286 2159 362 2214 enim
377 2159 471 2215 divini
486 2160 614 2230 Spiritus
626 2160 718 2232 gratia
730 2157 945 2215 uenditumcai·
998 2174 1074 2232 synae
1090 2157 1148 2234 [tir.
1164 2161 1230 2214 odd.
1243 2155 1395 2232 orationis]
1407 2155 1524 2228 ieiunii,
1543 2153 1740 2224 abstinentie,
1762 2157 1821 2209 tcm-

117 2247 251 2317 phaicnm
268 2248 321 2304 hoc
336 2250 465 2306 studium
481 2254 534 2319 est,
548 2249 709 2305 simoniaca
726 2249 785 2304 haec
802 2247 944 2304 machina·
999 2250 1144 2321 perantia,
1159 2247 1322 2319 probitatis,
1338 2245 1507 2310 honestatis,
1524 2240 1761 2299 mansuetudinis
1776 2258 1782 2294 :
1798 2242 1821 2297 et

117 2336 168 2407 lio,
182 2341 210 2391 et
222 2336 315 2392 aliena
328 2351 344 2392 a
355 2339 525 2395 sacerdotali
538 2337 775 2394 sanctificatione.
792 2339 823 2392 ln
838 2340 944 2392 scorta·
998 2344 1031 2397 ut
1041 2352 1138 2395 rerum
1155 2351 1212 2394 uno
1222 2335 1307 2393 uerbo
1325 2335 1430 2406 dicam,
1447 2331 1616 2390 haecomnia
1629 2329 1721 2402 pollet
1734 2329 1821 2401 peni-

117 2425 196 2482 tione
210 2429 260 2481 aut
271 2425 415 2482 adulterio
430 2427 455 2482 si
467 2426 611 2497 quispiam
628 2430 691 2497 post
704 2425 845 2496 baptisma
855 2423 944 2480 fuerit
998 2428 1087 2483 tentia
1103 2423 1161 2500 [dr.
1182 2427 1240 2482 haeo
1263 2425 1357 2481 omnia
1376 2427 1420 2480 est
1445 2419 1569 2496 puniti.
1592 2420 1623 2476 Si
1647 2417 1716 2490 quis
1731 2420 1819 2475 auten

116 2512 321 2584 deprehensus,
337 2514 431 2571 divini
447 2528 568 2572 canones
590 2513 673 2571 illum
693 2514 727 2570 ad
751 2513 943 2570 sacerdotium
996 2517 1071 2573 hanc
1087 2516 1263 2572 contaminat
1276 2519 1304 2570 et
1324 2512 1491 2583 contemnit,
1513 2523 1568 2567 non
1592 2509 1669 2565 inter
1688 2512 1819 2578 serratos,

117 2614 175 2658 non
190 2601 365 2659 admittunt:
379 2605 450 2674 quin
462 2605 548 2659 etlam
558 2603 583 2660 si
595 2604 741 2674 quispiam
752 2607 899 2674 promotus
906 2603 941 2659 ad
999 2606 1046 2662 sed
1060 2605 1134 2659 inter
1147 2604 1275 2675 perditos
1292 2600 1486 2659 numerandus
1507 2604 1559 2670 cst,
1581 2610 1705 2669 quorum
1722 2594 1823 2653 vermis

117 2691 319 2762 sacerdotium,
341 2693 397 2748 tale
422 2689 492 2765 [de.
516 2706 605 2762 prom.
631 2698 674 2749 est
696 2693 730 2748 ad
753 2691 942 2748 sacerdotium
999 2694 1199 2763 nonmoritur,
1216 2695 1243 2748 et
1257 2692 1334 2764 ignis
1348 2705 1405 2747 non
1419 2687 1626 2761 exstinguitur.
1640 2683 1823 2757 liquibusli-

119 2778 168 2850 qui
183 2777 249 2854 tale]
263 2780 374 2850 aliquid
395 2779 504 2851 fecerit,
520 2780 669 2838 confestim
693 2781 820 2851 ejicitur.
842 2779 944 2836 Omnis
999 2781 1139 2851 beremur,
1155 2780 1236 2852 digni
1252 2780 1343 2835 habiti
1359 2777 1512 2849 promissis
1528 2775 1612 2832 bonis
1625 2772 1823 2829 misericordia

119 2865 210 2938 igitur
224 2868 269 2923 vir
281 2869 332 2938 qui
344 2869 374 2924 in
386 2870 553 2939 punitentia
570 2871 714 2941 perdurat,
729 2883 778 2940 per
788 2869 942 2925 bonitatem
997 2876 1026 2928 ct
1041 2869 1277 2927 miserationibus
1289 2868 1396 2924 Christi
1416 2867 1466 2923 Dei
1490 2864 1592 2922 nostri.
1619 2864 1685 2918 llaec
1709 2876 1727 2919 a
1744 2860 1823 2918 nobis

119 2961 146 3011 et
163 2957 410 3014 mansuetudinem
424 2960 476 3015 Dei
499 2960 609 3015 reniam
630 2963 809 3029 peccatorum
824 2971 942 3015 suorum
999 2960 1201 3032 predicantur,
1218 2959 1263 3014 rir
1273 2956 1465 3026 sanctissime,
1489 2954 1516 3010 si
1539 2952 1611 3009 forte
1632 2949 1756 3024 fuerint,
1776 2948 1822 3022 qul

118 3042 239 3116 obtinet,
256 3047 495 3117 quemadmodum
517 3048 603 3104 ctiam
629 3048 659 3104 in
681 3047 881 3117 superioribus
898 3047 944 3102 de
958 3027 982 3090 C
998 3064 1051 3106 nos
1066 3062 1180 3121 quoque
1204 3046 1343 3103 infamare
1361 3044 1516 3102 voluerint.
1537 3041 1685 3098 Novimus.
1707 3039 1824 3097 euimte

118 3134 350 3191 monstravimus.
366 3137 504 3192 Nouatum
522 3142 627 3208 autem,
646 3143 673 3193 et
687 3137 749 3206 ejus
771 3136 867 3205 impiae
883 3134 945 3190 hae-
998 3138 1173 3211 singularem
1186 3136 1410 3193 admonitionem
1427 3130 1485 3206 [fir.
1503 3136 1529 3188 et
1540 3132 1599 3186 cod.
1621 3130 1687 3201 iot,
1706 3133 1825 3201 recepta·

118 3223 193 3280 rosis
204 3224 329 3279 asseclas
342 3224 561 3295 anathematizo,
578 3229 675 3296 utpote
698 3223 748 3295 qui
763 3223 892 3294 injurius
905 3224 945 3279 sit
999 3225 1108 3303 culum]
1124 3231 1153 3283 et
1164 3227 1303 3284 cultorem
1314 3223 1580 3297 evangelicarumet
1589 3219 1823 3291 apostolicarum,

117 3312 255 3369 adversus
266 3312 470 3384 penitentiam,
484 3319 512 3369 et
523 3313 770 3371 mansuetudinem
781 3314 831 3370 Dei
844 3311 942 3368 elevet.
999 3317 1259 3386 canonicarumque
1274 3313 1448 3384 jussionum.
1473 3309 1663 3381 Quamobrem
1685 3307 1825 3365 audacius

117 3401 211 3472 Quare
222 3403 286 3472 elus
298 3402 448 3472 opinionis
462 3417 537 3475 sum,
554 3409 587 3460 ut
601 3402 738 3460 confitear
747 3401 944 3472 recipiendum
999 3420 1114 3478 quoque
1125 3405 1159 3461 ad
1172 3409 1199 3460 te
1215 3404 1269 3461 ista
1282 3403 1447 3473 scribimus,
1462 3401 1653 3472 cupimusque
1673 3403 1755 3455 ntea
1772 3408 1826 3453 mo

117 3491 284 3563 episcopum
300 3505 350 3561 per
363 3492 501 3562 pecunias
515 3492 680 3548 ordinatum
696 3490 779 3547 modo
790 3489 941 3560 peniteat:
999 3494 1110 3563 rachis,
1129 3499 1157 3550 et
1180 3494 1294 3565 ascetis,
1312 3491 1442 3562 virisque
1458 3488 1593 3546 omnibus
1607 3483 1682 3561 [σι.ἱ
1696 3485 1825 3556 virisque

117 3580 300 3639 bonusenim
314 3582 390 3637 neus
405 3585 449 3636 est
472 3581 502 3635 in
527 3580 671 3650 omnious,
696 3584 725 3635 et
747 3580 856 3635 viscera
880 3579 943 3647 ejus
998 3580 1431 3657 secularibus]religiosis,cum
1441 3577 1547 3650 quibus
1557 3574 1612 3632 tibi
1621 3574 1825 3632 commercium

117 3675 215 3742 aperta
240 3673 308 3726 sunt
330 3682 416 3739 super
439 3680 550 3724 omnem
580 3668 724 3724 bominem
748 3667 941 3737 penitentem,
998 3677 1051 3742 est,
1067 3671 1213 3745 significes
1225 3667 1282 3744 [dr.
1298 3669 1364 3724 odd.
1378 3668 1403 3724 si
1418 3681 1483 3724 uero
1493 3667 1578 3723 etiam
1592 3663 1725 3733 libuerit,
1736 3667 1827 3721 osten·

119 3772 203 3830 quem
215 3757 302 3813 etlam
317 3757 347 3812 ln
361 3768 480 3828 regnum
498 3770 582 3812 suum
598 3755 720 3812 inducit.
736 3756 788 3811 sed
807 3753 943 3825 quoniam
998 3759 1060 3837 das]
1080 3779 1086 3815 :
1104 3764 1133 3817 et
1147 3763 1180 3817 ut
1193 3760 1223 3815 iu
1238 3757 1419 3816 orationibus
1432 3757 1492 3812 tuis
1511 3753 1654 3824 coelipetis
1664 3753 1758 3810 nostri
1774 3764 1826 3807 me·

115 3855 338 3926 Juxtadirinrrm
352 3852 520 3923 Apostolum
540 3851 565 3923 (l
587 3855 656 3909 Tim.
667 3853 719 3926 ni),
733 3853 884 3923 episcopus
902 3849 944 3906 in·
999 3865 1061 3908 mor
1071 3849 1122 3921 sis,
1134 3847 1238 3905 obnixe
1250 3861 1392 3920 rogamus,
1405 3859 1462 3916 quo
1473 3858 1506 3900 ex
1516 3840 1769 3899 circumdantibus
1776 3852 1826 3896 nos

117 3943 274 4013 culpabilis
287 3939 537 4018 [irreprcnsibilis]
553 3956 614 3999 esse
627 3943 729 3999 debet:
756 3942 806 4014 qui
829 3947 944 4013 propter
998 3940 1128 4011 undique
1144 3936 1230 3993 malis
1245 3935 1358 3991 tandem
1372 3930 1529 4004 aliquando
1539 3930 1708 3986 liberemur.
1722 3928 1827 4001 Urgent

118 4032 392 4104 pecuniasaliqnem
417 4033 541 4099 ordinat,
556 4038 607 4090 aut
632 4033 668 4089 ab
688 4032 757 4089 aliis
780 4032 941 4102 ordinatur,
998 4029 1114 4085 enimet
1128 4027 1206 4082 intus
1221 4029 1249 4081 et
1261 4029 1339 4079 extra
1357 4021 1597 4091 insultationes,a
1617 4016 1728 4089 quibus
1747 4018 1828 4074 miso

117 4120 310 4177 alienusesta
321 4122 490 4178 sacerdotali
501 4122 653 4195 dignitate,
665 4128 801 4179 utomues
811 4120 944 4178 novimus
999 4116 1126 4175 ricordia
1140 4115 1191 4171 Dei
1205 4127 1306 4171 sumus
1319 4112 1444 4179 liberati,
1460 4113 1489 4165 et
1505 4109 1623 4181 posthac
1645 4119 1762 4179 quoque
1777 4119 1827 4163 nos

118 4209 284 4280 quicunque
303 4210 437 4266 Ecclesia
457 4211 568 4267 alumni
593 4225 703 4268 snmus.
729 4212 802 4283 Ergo
821 4210 894 4265 bona
916 4212 944 4264 et
999 4219 1134 4263 evasuros
1146 4202 1328 4260 confidimus.
1339 4198 1528 4270 Quamobrem
1549 4197 1654 4252 iterum
1675 4199 1765 4266 atque
1780 4195 1828 4250 itc-

118 4297 276 4356 laudabills
289 4298 531 4370 penitentiaque
543 4300 577 4355 ud
598 4302 686 4355 Deum
706 4299 798 4370 ducit,
813 4303 841 4353 et
858 4312 944 4368 upec-
999 4310 1061 4352 rum
1077 4294 1213 4363 dicimus,
1227 4305 1286 4362 ora,
1298 4301 1413 4360 precare
1425 4301 1442 4344 o
1453 4286 1546 4343 amice
1555 4283 1660 4340 rirDel
1676 4288 1706 4338 et
1722 4287 1825 4355 noster,

117 4387 190 4445 catis
203 4385 315 4444 liberat.
336 4389 371 4444 Et
385 4401 436 4461 ego
452 4402 565 4460 quoque
585 4387 783 4444 misericordia
804 4387 939 4459 indigeo:
955 4366 983 4429 D
999 4385 1057 4442 imo
1071 4383 1168 4456 potius
1180 4385 1275 4453 pater:
1294 4378 1402 4435 scimus
1414 4376 1491 4432 enim
1507 4373 1581 4446 quod
1597 4370 1703 4428 affeetu
1718 4383 1827 4443 eoerga

117 4476 183 4533 nori
199 4476 275 4532 enim
290 4477 340 4534 bei
366 4476 624 4546 mansuetudinem,
649 4476 698 4547 qui
721 4489 831 4532 omnem
853 4477 888 4533 ad
913 4492 943 4534 se
998 4488 1050 4530 nos
1064 4471 1233 4534 effeetuses,
1257 4483 1314 4539 quo
1334 4470 1414 4536 pater
1434 4477 1501 4535 erga
1525 4461 1633 4518 liberos
1650 4473 1730 4516 suos.
1752 4460 1827 4515 Deus

117 4566 275 4622 venientem
292 4566 405 4636 recipit.
421 4564 502 4620 Dixit
522 4563 599 4619 enim
622 4577 671 4634 per
695 4564 860 4635 prophetam
876 4585 883 4621 :
902 4569 943 4621 lle
997 4561 1087 4634 pacis,
1102 4560 1152 4631 qui
1172 4562 1199 4615 ct
1213 4563 1321 4614 remota
1345 4560 1373 4612 et
1398 4553 1559 4625 propinqua
1574 4549 1608 4607 ad
1626 4562 1657 4605 se
1677 4550 1825 4618 convocat,

113 4656 222 4724 primus
238 4655 281 4708 dic
293 4659 405 4724 peccota
416 4657 475 4716 tuo,
488 4652 686 4723 utjustifceris
699 4651 763 4725 (leo.
781 4654 869 4728 ιιιιι).
887 4657 939 4712 Et:
997 4652 1084 4708 vitam
1095 4654 1222 4706 nostram
1236 4647 1266 4704 in
1283 4658 1349 4717 pace
1363 4646 1519 4713 conservet,
1533 4644 1560 4696 et
1573 4650 1672 4695 omnes
1693 4636 1762 4694 illos
1776 4637 1824 4708 qui

116 4744 183 4798 ilici
196 4760 202 4797 :
219 4743 342 4812 Eloquar
359 4744 533 4812 iniquitatem
556 4757 643 4798 mecm
664 4758 754 4797 coram
773 4745 897 4809 Domino,
916 4750 942 4802 et
996 4756 1061 4799 eum
1072 4740 1171 4799 colunt
1181 4744 1210 4795 et
1219 4736 1408 4802 admirantur,
1420 4727 1668 4800 nomenqueilllus
1679 4725 1824 4786 invocanti

117 4836 147 4886 tu
165 4832 296 4886 remisisti
312 4832 477 4902 impietatem
500 4832 587 4886 cordis
608 4834 661 4887 mci
678 4832 753 4902 (Psoi
773 4833 863 4907 xxxi).
885 4836 939 4891 Et:
997 4831 1091 4888 salvos
1104 4828 1191 4885 faciat
1205 4823 1412 4882 intercessione
1430 4826 1459 4876 et
1477 4816 1611 4889 precibus
1630 4814 1759 4872 dominre
1780 4825 1826 4869 no

117 4920 169 4974 Pro
184 4936 215 4975 co
230 4920 319 4975 orabit
332 4920 370 4974 ad
384 4925 409 4974 te
429 4922 515 4975 ommis
529 4926 640 4976 sanctus
661 4923 692 4977 im
711 4926 827 4991 tempore
845 4937 942 4993 oppor-
998 4926 1064 4978 strae
1075 4922 1178 4974 sanctae
1198 4914 1250 4971 Del
1270 4910 1432 4986 genitricis,
1451 4912 1479 4964 el
1501 4906 1629 4963 omnium
1648 4909 1820 4962 sanctorum.

117 5014 183 5064 tuno
197 5009 297 5080 (ibid).
314 5004 383 5081 [dre
401 5010 466 5064 cdd.
481 5010 706 5067 litcoriuthium
718 5010 768 5082 qul
782 5008 942 5068 fornicatus
996 5008 1094 5065 Amen.
1111 5006 1215 5061 Omnes
1225 5002 1328 5059 fratres
1341 4999 1391 5072 qui
1406 4998 1439 5054 ad
1454 5009 1504 5053 ros
1515 4993 1707 5068 pervenerint,
1729 4998 1823 5052 nostro

117 5105 171 5170 est,
188 5097 253 5155 nori
266 5111 282 5153 a
294 5099 393 5155 diuino
405 5100 535 5169 apostolo
551 5099 637 5156 Paulo
653 5105 807 5169 receptum,
823 5113 878 5156 non
894 5104 944 5156 ta-
998 5096 1112 5155 nomine
1122 5093 1229 5151 salutes
1239 5091 1335 5162 velim,
1350 5092 1420 5146 utet
1434 5085 1491 5158 ipsi
1506 5084 1655 5143 uobiscum
1674 5097 1728 5156 pro
1742 5080 1822 5140 nobis

118 5203 182 5248 men
196 5192 323 5245 erectum
339 5188 374 5244 ad
399 5185 612 5263 sacerdotiuml.
631 5190 700 5242 Nam
722 5187 747 5242 si
771 5192 859 5259 pater,
881 5187 943 5246 filio
997 5189 1088 5244 orent.

119 5291 235 5352 peregre
265 5277 415 5342 existente,
431 5280 460 5333 et
481 5289 538 5332 rem
556 5275 645 5347 impie
665 5279 694 5332 et
716 5274 816 5347 inique
831 5282 941 5352 agente,

119 5368 283 5426 redeuntem
296 5366 400 5424 lterum
415 5365 450 5422 ad
466 5379 496 5423 se
511 5364 635 5421 naturali
650 5377 746 5422 amore
758 5367 944 5440 prosequitur

154 5560 171 5594 ⁸
193 5550 223 5607 ld
239 5553 292 5622 est,
305 5546 507 5621 AEgyptiacam.
1034 5539 1094 5596 hm
1114 5536 1197 5597 ooelis
1213 5535 1361 5596 redundm.
