3876 6090
48 260 101 318 iil
454 260 726 318 lhTEaPalaTtho
744 260 868 317 Sinoni
887 263 934 320 Vll
951 263 1200 321 3331331113.-
1215 267 1316 323 adalo
1336 270 1355 323 1.
1706 266 1760 327 Μ

48 397 141 461 erant,
157 401 220 443 cum
234 395 332 444 essent
346 401 380 443 ex
401 387 451 444 illa
465 388 656 461 ordinatione,
674 389 704 444 in
719 389 881 446 cathedram
896 390 926 449 A
939 390 1081 446 Eustatbii
1102 392 1329 448 communionem
1349 399 1377 448 et
1394 394 1582 463 receptionem
1602 394 1637 448 ab
1658 393 1758 450 haeresi

47 479 250 550 episcoporum
285 477 475 549 suscepimus,
501 480 598 550 ltaque
623 492 671 534 eos
692 481 740 550 qui
759 479 882 536 illorum
938 480 1077 535 conversi.

48 574 118 624 sunt
128 567 224 623 ordini
238 566 352 638 sociati,
362 567 421 636 jam
436 580 491 623 non
501 567 697 638 possumusab
707 569 831 625 Ecclesia
842 583 883 626 se·
971 568 1130 638 Stephanus
1151 570 1408 627 reverendissimus
1427 571 1567 628 diaconus
1588 576 1616 627 31
1631 571 1761 627 33133133

48 665 199 729 questione
215 662 269 726 ,ut
285 661 352 726 pote
370 656 421 727 qui
439 655 565 728 regulam
581 658 732 728 quamdam
750 658 785 714 dc
800 672 882 715 com·
936 658 1107 724 venerabilis
1133 660 1319 728 patriarchici
1342 660 1441 716 secreti
1463 660 1547 731 legit:

48 746 189 802 munione
204 750 302 801 nostra
316 745 350 801 ad
370 745 437 802 illos
450 745 687 802 constituerimus
698 761 748 818 per
763 749 880 819 episco-
970 747 1011 801 Ex
1045 747 1213 804 definitione
1248 757 1352 805 sanetae
1393 763 1425 804 ac
1465 748 1637 805 universalis
1671 747 1762 803 tcrtiae

48 849 152 907 porum
168 834 372 904 receptionem.
936 835 1036 906 synodi
1058 843 1156 893 contra
1178 838 1283 907 impios
1305 837 1503 907 Massalianos,
1527 838 1554 892 id
1576 843 1629 907 est,
1651 835 1762 891 Euchi-

82 925 330 981 lieverendissimi
356 925 486 982 monacbi
508 926 667 982 dixerunt:
691 927 827 991 Petimus,
849 928 881 980 ut
936 929 995 979 tas:

48 1013 198 1071 deferatur
233 1015 324 1070 sancti
355 1015 503 1072 hnathasii
535 1016 568 1072 ad
602 1016 787 1074 ltudntanum
815 1017 881 1090 epi-
971 1013 1760 1085 Placuitomnibusnobis,acDeoamabilibusepiscopis

48 1104 132 1160 stola.
936 1102 1086 1159 Valeriano
1105 1110 1133 1160 et
1151 1104 1393 1176 Amphilochiopt
1409 1104 1523 1161 cunctis
1544 1102 1759 1174 Pamphylensis

83 1195 189 1250 Sancta
205 1195 332 1266 synodus
347 1196 443 1252 dixit:
466 1194 529 1252 Fiat
541 1196 698 1252 secundum
711 1196 876 1267 petitionem
935 1194 964 1247 et
985 1192 1186 1262 lycaoniensis
1205 1193 1417 1263 provinciarum
1432 1191 1679 1249 reverendissimis
1693 1193 1759 1262 epi-

50 1284 359 1340 reverendissimorum
372 1285 585 1341 monachorum.
936 1280 1040 1351 scopis,
1063 1295 1120 1352 quo
1133 1282 1266 1338 universa
1283 1296 1345 1353 quae
1360 1283 1389 1339 in
1405 1282 1540 1353 synodica
1554 1280 1685 1337 chartula
1699 1288 1761 1338 sta-

85 1376 197 1430 lntcrea
218 1374 877 1447 Leontiusgloriosissimusasecretisdixit:
936 1371 1762 1442 13133331,133333133,3133333331333133113331133333
1853 1380 1856 1385 ’
1916 1362 1926 1378 “

51 1463 167 1520 1313313
184 1462 319 1534 legantur
330 1463 449 1534 reliquae
458 1464 547 1519 sancti
567 1462 666 1519 Basilii
687 1463 825 1534 epistola.
935 1459 1627 1530 sumantur,firmisvidelicetexistentibusctiam
1644 1459 1761 1531 hisquae

83 1551 252 1621 Stephanus
273 1551 529 1607 reverendissimus
546 1550 700 1607 monachus
721 1557 749 1607 et
770 1551 881 1607 biblio-
935 1553 1012 1620 gesta
1028 1553 1096 1604 sunt
1112 1547 1298 1606 Alexandriae.
1317 1552 1414 1621 ltaque
1433 1549 1482 1621 qui
1499 1554 1567 1605 sunt
1580 1562 1629 1620 per
1648 1563 1759 1605 omnem

54 1639 199 1695 tbeoerius
208 1638 287 1710 legit.
299 1639 393 1695 Sancti
409 1639 599 1695 Patrisnostri
610 1639 880 1710 Basiliicnepistola
936 1638 1112 1707 provinciam
1132 1653 1167 1695 ex
1188 1640 1445 1697 llassalianorum:
1472 1640 1501 1697 id
1523 1645 1568 1695 est
1584 1638 1760 1695 furiosorum

54 1728 83 1783 ad
103 1727 266 1785 Evaisenos
280 1729 388 1784 missa:
406 1729 438 1784 111
455 1736 548 1786 autern
565 1742 638 1799 quos
655 1729 745 1799 priori
756 1742 831 1784 anuo
845 1729 880 1784 dc
894 1711 920 1772 Β
937 1723 1220 1804 [enthusiastarum]
1237 1731 1348 1802 haeresi,
1362 1735 1413 1786 aut
1427 1731 1452 1787 si
1470 1729 1595 1801 suspecti
1609 1729 1760 1792 habentur,
1837 1784 1841 1792 ,

54 1817 163 1873 Galatia
181 1817 388 1887 accersierunt,
412 1832 468 1888 qno
490 1832 540 1887 per
555 1832 604 1874 333
617 1824 731 1889 possent
746 1816 878 1873 fiduciam
936 1818 1011 1886 quod
1025 1817 1189 1888 hujusmodi
1206 1810 1356 1892 languoris
1368 1821 1502 1891 existant,
1512 1821 1571 1875 sive
1583 1820 1680 1876 clerici
1691 1820 1760 1890 sint,

55 1904 240 1975 episcopatus
266 1906 404 1977 accipere,
428 1907 498 1963 tales
519 1912 596 1975 sunt,
619 1906 718 1977 quales
743 1908 882 1961 noverunt
937 1905 996 1961 sive
1012 1906 1089 1976 laici,
1108 1917 1272 1980 remeantes,
1291 1916 1318 1964 ot
1339 1910 1610 1966 anathematizantes
1633 1909 1662 1963 in
1684 1908 1762 1964 scri-

57 1994 106 2063 illi,
124 1994 178 2065 qui
195 1994 230 2049 ad
246 1995 389 2050 modicum
404 1996 519 2066 quidem
536 1997 669 2052 exstitere
684 2009 748 2051 curn
761 1994 831 2050 illis.
848 1996 882 2049 Et
937 1995 995 2066 ptis
1014 1997 1170 2052 33333133
1193 2012 1224 2053 33
1247 2013 1310 2068 quae
1334 1999 1363 2052 in
1383 1999 1441 2067 jam
1458 1994 1610 2053 memorata
1626 1996 1760 2067 synodica

57 2088 245 2154 postpauca:
262 2083 292 2138 Si
313 2097 378 2139 vero
394 2084 505 2157 dicunt,
519 2085 588 2155 quia
604 2084 799 2155 paenitentiam
814 2097 883 2156 ege-
938 2084 1036 2140 charta
1051 2086 1229 2157 promulgata
1245 2091 1321 2155 sunt,
1339 2091 1471 2141 maneant
1485 2084 1583 2141 clerici
1598 2085 1714 2155 quidem
1730 2085 1759 2139 in

60 2177 129 2242 runt,
154 2171 311 2227 ostendant
332 2172 362 2227 in
385 2173 502 2244 scriptis
521 2173 718 2245 paenitentiam
741 2185 834 2243 suam,
854 2176 882 2228 ct
936 2172 1022 2241 clero,
1038 2174 1103 2230 13131
1124 2188 1190 2230 vero
1211 2176 1240 2231 in
1260 2175 1459 2231 communione
1474 2173 1615 2230 Ecclesiae.

59 2259 293 2315 anathematisma
324 2262 647 2333 constantinopolitanae
674 2263 750 2332 fidei,
781 2266 809 2317 et
834 2274 883 2316 se-
972 2263 1072 2319 Petrus
1089 2264 1343 2319 reverendissimus
1358 2264 1485 2319 lectorct
1503 2262 1633 2319 33133133
1648 2274 1760 2318 venera·

61 2349 231 2419 parationem
246 2350 292 2405 sui
307 2349 342 2406 ab
355 2351 518 2407 hereticis:
536 2356 564 2408 et
572 2366 628 2409 non
641 2353 788 2424 decipiant
800 2365 883 2423 quos
937 2350 1008 2407 bilis
1026 2353 1211 2422 patriarchici
1228 2353 1328 2409 secreti
1346 2353 1432 2424 legit:

62 2453 107 2508 que
131 2438 338 2508 simpliciores.
358 2441 490 2510 Ejusdem
512 2456 546 2497 ex
560 2441 681 2512 epistola
695 2443 729 2498 ad
749 2441 884 2498 Occiden·
973 2441 1069 2496 Sancti
1091 2442 1183 2497 Patris
1195 2442 1285 2497 nostri
1301 2442 1402 2513 cyrilli
1412 2441 1621 2511 archiepiscopi
1634 2439 1760 2495 113333-

64 2526 124 2581 tales
138 2527 274 2582 directa:
295 2529 346 2584 Est
363 2528 454 2600 igitur
475 2544 551 2586 unus
564 2544 673 2602 eorum,
697 2531 746 2602 qui
764 2530 882 2586 multam
936 2529 1008 2585 dria
1030 2531 1152 2587 llanimo
1168 2531 1288 2587 diacono
1302 2531 1479 2587 Antiocheno
1498 2528 1758 2586 commonitorium.

65 2615 137 2670 nobis
150 2615 306 2671 tristitiam
326 2615 546 2691 fabricaverunt,
562 2619 732 2676 Eustatbius
749 2619 884 2675 videlicet
973 2619 1068 2675 bidict
1082 2634 1098 2675 a
1113 2620 1260 2692 diligendo
1277 2620 1347 2676 mihi
1364 2619 1451 2676 Paulo
1468 2619 1614 2690 monacho,
1629 2619 1698 2689 quia
1713 2631 1762 2673 re-

67 2703 231 2760 uSebastia
247 2705 368 2761 minoris
381 2705 521 2762 Armenia
539 2708 680 2778 proditus,
697 2709 746 2779 qui
763 2709 832 2765 olim
848 2708 883 2763 ab
938 2715 1019 2765 cusat
1031 2709 1121 2778 pietas
1137 2715 1185 2765 tua
1202 2723 1292 2779 usque
1302 2710 1386 2765 hodie
1400 2709 1628 2765 communionem
1638 2720 1762 2763 reveren-

68 2790 123 2847 irio
136 2793 253 2864 doctus,
270 2793 384 2863 quando
399 2794 563 2864 proficiebat
579 2797 608 2851 in
630 2797 811 2866 Alexandria,
829 2812 884 2853 ma·
939 2797 1054 2855 dissimi
1068 2797 1195 2868 episcopi
1210 2799 1328 2854 1333313
1342 2797 1485 2868 ampiecti,
1501 2811 1551 2867 pro
1564 2811 1597 2853 eo
1610 2796 1684 2867 quod
1698 2795 1762 2866 qui·

68 2878 147 2952 liguas
167 2887 268 2937 contra
289 2881 472 2954 Unigenitum
491 2898 662 2954 componens
678 2886 882 2958 blasphemias,
938 2886 1003 2943 dam
1021 2887 1050 2942 in
1063 2886 1239 2942 antiochena
1248 2887 1374 2942 Ecclesia
1391 2887 1462 2942 male
1476 2885 1569 2942 adhuc
1585 2899 1649 2940 cum
1658 2886 1762 2940 Nesto-

68 2969 230 3040 sequebatur
244 2969 340 3041 illum,
352 2976 380 3027 31
395 2972 443 3043 113,
455 2973 505 3043 qui
520 2973 564 3029 illi
579 2975 681 3031 intima
697 2977 883 3049 germanitate
939 2977 983 3032 rio
994 2975 1037 3031 vel
1053 2976 1189 3046 sentiant,
1205 2977 1247 3032 vel
1261 2977 1319 3045 jam
1335 2976 1477 3032 senserint
1496 2975 1621 3045 quidem,
1636 2975 1683 3030 sed
1700 2972 1763 3029 for-

68 3058 245 3130 tobaerebant,
262 3059 488 3131 discipuliseJus
502 3070 732 3121 connumeratus.
754 3067 882 3137 Denique
897 3042 922 3109 G
937 3065 1012 3121 sitan
1029 3064 1211 3135 resipuerint.
1226 3066 1328 3121 Probet
1340 3066 1430 3137 igitur
1444 3064 1581 3121 modestia
1594 3070 1652 3135 tua,
1664 3070 1760 3119 utrum

68 3148 93 3202 al
108 3147 314 3203 conscientiam
330 3149 443 3206 rediens
455 3147 524 3224 [dr.,
537 3152 571 3209 ad
588 3167 640 3209 sua
653 3153 804 3230 reversusl,
822 3156 883 3212 bea·
937 3152 1147 3226 (aliquando)hi
1158 3155 1207 3225 qui
1218 3153 1596 3226 dicunturcolligi,nudeac
1609 3153 1763 3208 irreveren-

67 3236 168 3292 tissimo
178 3237 488 3311 episcopollermogeni
503 3240 681 3315 Caesaricnsi,
698 3257 714 3299 a
730 3258 786 3314 quo
797 3259 883 3315 super
937 3237 980 3300 ter
994 3257 1058 3298 cum
1071 3243 1202 3299 Nestorio
1221 3243 1354 3315 sentiant,
1371 3251 1398 3298 et
1407 3243 1528 3298 invicem
1541 3241 1758 3311 colloquantur:

68 3325 180 3396 maligna
211 3325 349 3395 opinione
375 3341 426 3383 sua
452 3328 648 3402 indicabatur,
677 3331 881 3402 professionem
936 3333 979 3388 vel
994 3331 1149 3402 aliquando
1171 3331 1355 3387 cauteriatam
1373 3330 1526 3386 habuerint
1542 3330 1758 3400 conscientiam,

68 3409 124 3469 lecit
140 3427 218 3469 sanae
231 3413 299 3470 fidei
319 3432 325 3468 :
339 3415 417 3472 etita
431 3419 644 3474 consecratione
656 3420 691 3475 ab
707 3420 770 3491 ipso
781 3438 883 3480 susee-
936 3420 1216 3490 colligunturautcm
1228 3433 1303 3474 nunc
1317 3425 1377 3474 acta
1393 3418 1560 3488 punitentia
1568 3416 1717 3487 superbis,
1730 3417 1760 3472 in

67 3506 112 3571 pta,
140 3502 395 3573 Eustatbiuspost
426 3504 509 3561 illius
537 3506 740 3564 dormitionem
769 3525 833 3567 mon
845 3512 881 3567 ad
937 3507 1045 3580 quibus
1071 3507 1199 3577 subrepti
1226 3514 1303 3578 sunt,
1331 3506 1462 3576 quamvis
1485 3504 1613 3561 confiteri
1641 3503 1761 3560 fortasse

66 3587 403 3661 constantinopolitanum
412 3595 541 3650 cucurrit
555 3596 721 3667 Eusebium,
738 3599 883 3656 nibilomi·
937 3601 1281 3653 revereanturexcessum.
1292 3595 1433 3650 Accidunt
1445 3594 1521 3650 enirn
1534 3592 1662 3664 quaedam
1672 3592 1761 3662 hujus

67 3690 112 3733 nus
138 3686 166 3735 et
189 3679 286 3749 ipsum
312 3679 433 3751 impium
461 3682 562 3755 dogma
586 3684 649 3740 Arii
670 3686 879 3756 praedicantem.
937 3686 1013 3742 modi
1030 3685 1091 3740 lieri
1107 3685 1182 3741 circa
1197 3685 1338 3754 deceptos.
1355 3683 1394 3739 llo
1412 3683 1437 3739 si
1452 3697 1500 3739 eos
1515 3682 1611 3737 videas
1632 3695 1708 3736 nunc
1724 3681 1759 3736 ad

65 3765 434 3839 beindeillincobaliquam
448 3784 562 3828 causam
578 3775 742 3846 propulsus,
756 3790 884 3832 cumve-
938 3781 1040 3830 rectam
1065 3787 1234 3831 concurrere
1253 3774 1346 3845 fldem,
1371 3787 1405 3829 ne
1425 3784 1593 3828 succenseas
1613 3771 1656 3826 eis
1675 3783 1761 3840 super

66 3855 145 3911 nisset
158 3857 195 3912 ad
226 3857 432 3925 compatriotas
452 3874 529 3932 suos,
544 3875 574 3917 33
587 3862 702 3918 interim
718 3866 880 3937 excusavit,
938 3861 984 3918 bis
998 3876 1061 3934 qua:
1074 3861 1259 3918 transierunt.
1281 3862 1419 3918 Volumus
1438 3860 1513 3916 enim
1533 3873 1581 3915 eos
1597 3859 1687 3930 magis
1700 3856 1763 3913 illo·

66 3944 341 4016 etimpiumqaidcm
354 3961 467 4005 sensum
481 3951 638 4025 occultans,
651 3953 801 4011 verborum
815 3970 883 4026 quo-
937 3965 1001 4007 rum
1026 3950 1210 4022 abnegatores
1238 3951 1344 4021 videre,
1375 3963 1457 4021 quam
1480 3947 1644 4004 irreverenti
1671 3951 1762 4002 mente

67 4033 187 4089 mmdam
206 4035 409 4092 rectitudinem
424 4039 599 4096 ostentabat:
620 4045 648 4096 et
664 4049 884 4115 utcunquepor-
936 4039 1086 4095 advocatos
1121 4039 1315 4110 nequitiarum
1340 4052 1401 4094 esse
1438 4037 1573 4093 Nestorii.
1604 4036 1641 4092 Ut
1666 4043 1761 4091 autem

66 4121 323 4193 ceptoepiscopatu,
334 4124 599 4200 protinusapparet,
614 4131 882 4187 anathematismum
937 4141 995 4183 non
1032 4127 1205 4182 aestimemur
1233 4141 1326 4182 amare
1362 4126 1582 4197 contentionem,
1605 4125 1763 4196 amplecta-

10 4230 12 4237 ·
66 4209 204 4268 homousii
215 4211 246 4266 in
261 4213 383 4285 collegio
395 4217 470 4285 quod
486 4216 521 4271 ab
536 4218 579 4273 eis
593 4219 668 4289 apud
683 4219 822 4291 Ancyram
837 4219 884 4277 fa·
939 4231 1004 4273 mur
1019 4215 1247 4271 reverendissimi
1274 4215 1390 4271 ioannis
1405 4215 1643 4286 communionem,
1661 4212 1763 4270 indul-

66 4302 132 4355 ctum
146 4308 202 4372 est,
218 4302 419 4373 conscripisse.
436 4305 544 4362 Deinde
564 4322 629 4363 cnm
644 4309 802 4366 Seleuciam
817 4325 884 4381 per-
940 4313 1036 4378 gentes
1054 4305 1080 4361 ei
1096 4310 1123 4361 et
1145 4318 1231 4360 causa
1250 4303 1486 4375 dispensationis,
1504 4307 1606 4359 utnon
1624 4302 1763 4359 subtilius

66 4389 191 4459 venisset,
214 4389 334 4460 scripsit
349 4405 405 4447 una
420 4407 484 4449 cum
508 4397 706 4454 consentaneis
727 4398 798 4471 suis,
821 4414 885 4470 quae
896 4371 926 4433 Ῑ)
940 4395 982 4451 vel
993 4394 1158 4450 districtius
1169 4407 1219 4449 seu
1231 4393 1428 4448 vehementius
1444 4405 1509 4464 erga
1523 4406 1552 4449 se
1565 4405 1763 4463 recognoscen-

65 4478 152 4534 cnncti
164 4478 538 4553 noruntconstantinopoli
550 4489 643 4541 autem
656 4486 760 4543 iterum
770 4488 886 4560 hisquae
940 4489 983 4541 133
998 4488 1100 4554 agatur
1115 4501 1121 4537 :
1137 4472 1352 4552 dispensatione
1365 4481 1454 4552 enim,
1469 4480 1541 4535 sicat
1551 4478 1625 4550 dini,
1639 4484 1701 4550 eget
1711 4492 1765 4534 ne-

66 4566 267 4633 praetenderant
284 4567 420 4641 baeretici,
441 4573 593 4645 consentit,
614 4579 642 4630 31
656 4576 752 4632 1311133
766 4576 801 4632 ab
814 4577 888 4647 epis-
941 4571 1051 4645 gotium
1068 4571 1167 4626 multa.

65 4660 175 4725 scopatu
191 4655 356 4728 propulsus,
372 4673 423 4729 pro
442 4672 475 4716 eo
491 4661 564 4731 quod
587 4663 726 4720 Melitenae
739 4671 822 4721 antea
833 4666 888 4722 de-
976 4661 1108 4730 11133333
1121 4660 1215 4715 Patris
1225 4660 1259 4715 ad
1279 4658 1458 4715 Gennadium
1472 4657 1667 4729 presbyterum
1680 4662 1708 4711 et
1721 4668 1764 4711 ar·

67 4746 170 4811 positus
201 4742 306 4816 luerat,
329 4745 386 4801 sibi
410 4747 465 4803 iter
487 4750 682 4808 restitutionis
703 4754 885 4826 excogitavit,
940 4749 1170 4806 chimandritam.

65 4832 138 4899 qnasi
160 4832 212 4887 aad
233 4845 284 4887 vos
302 4832 504 4902 pronciscens:
529 4843 556 4894 31
573 4853 635 4910 quae
657 4845 735 4911 sunt,
756 4856 819 4912 quae
840 4842 884 4898 illi
976 4839 1163 4895 intentionem
1183 4839 1298 4909 quidem
1317 4838 1481 4895 reverentiae
1502 4843 1568 4908 tuae,
1585 4850 1670 4908 quam
1687 4835 1764 4891 circa

67 4917 264 4976 :beatissimo
290 4920 424 4993 episcopo
445 4924 558 4983 Liberio
588 4928 695 4985 intenta
724 4925 884 5007 [intentata]
939 4929 1069 4984 divinum
1086 4927 1214 4997 possides
1229 4927 1349 4996 cultum,
1367 4941 1422 4983 nou
1435 4941 1512 4983 nune
1527 4931 1637 4983 133133
1649 4924 1762 4997 agnovi,

68 5013 135 5077 snut,
156 5016 184 5062 et
200 5022 264 5077 quae
284 5022 326 5079 ea,
350 5024 412 5080 qnae
434 5011 494 5083 ipse
521 5016 683 5090 spopondit,
701 5017 884 5092 ignoramus,
939 5019 987 5074 sed
1003 5017 1038 5074 ab
1053 5017 1121 5072 olim
1137 5016 1270 5087 sciebam,
1283 5022 1310 5071 et
1330 5015 1414 5072 laudo
1430 5017 1607 5072 vehementer
1622 5029 1683 5071 eam
1699 5028 1764 5070 cum

69 5093 198 5166 nisiquia
212 5095 364 5166 epistolam
379 5099 483 5156 detulit
508 5102 704 5160 restituentem
719 5120 749 5162 33
770 5126 776 5161 :
799 5121 884 5178 quarn
940 5114 1017 5164 tanta
1040 5107 1180 5163 volentem
1200 5106 1395 5163 districtionis
1415 5106 1568 5179 diligentia
1588 5106 1689 5162 vivere.
1711 5104 1763 5160 Sed

70 5184 209 5240 3313311333
231 5185 340 5255 synodo
366 5186 439 5256 apud
460 5189 584 5260 Tyanam
618 5202 801 5268 coegregatae,
831 5212 884 5253 suo
939 5197 1169 5268 dispensationes
1192 5210 1287 5252 rerum
1309 5209 1515 5267 nonuunquam
1540 5201 1645 5268 cogunt
1664 5205 1763 5263 parum

72 5273 212 5329 restitutus
230 5278 275 5330 est
290 5274 361 5330 loco.
940 5287 1009 5358 quid
1021 5286 1142 5342 adebito
1157 5286 1293 5356 quosdam
1305 5283 1381 5341 foras
1396 5285 1484 5359 exire,
1502 5293 1533 5343 ut
1548 5285 1639 5354 maius
1651 5279 1763 5352 aliquid

100 5361 175 5417 13313
186 5369 333 5419 astantem
348 5366 416 5422 etad
432 5367 595 5426 ferentium
611 5372 742 5429 comitem
757 5375 883 5445 ejusdem
940 5374 1131 5433 lucrifaciant.
1148 5375 1228 5431 Sicut
1239 5375 1315 5430 enim
1332 5374 1362 5430 bi
1375 5374 1425 5445 qui
1440 5389 1516 5430 mare
1531 5373 1675 5444 navigant,
1690 5375 1765 5425 tem-

75 5445 153 5594 13131113Ι
161 5452 251 5596 333131
268 5452 400 5595 epiztdola,
418 5454 447 5510 in
462 5470 518 5526 qua
531 5458 704 5530 significavit
719 5462 793 5519 idem
803 5466 885 5521 Pater
940 5467 1046 5536 pestate
1057 5467 1185 5536 urgente,
1205 5463 1326 5534 navique
1346 5462 1537 5533 periclitante,
1557 5458 1666 5514 anniati
1683 5466 1764 5526 quae-

103 5550 113 5575 ¹
158 5555 174 5596 u
208 5543 322 5610 quasin
359 5544 454 5599 undat.
