3876 6090
50 251 106 310 Edl
358 254 632 311 INTERPRETATIO
654 253 778 310 stubei
797 252 844 307 l'll
862 251 1111 307 Gbubuutls.—
1128 254 1264 311 Tbfllsu
1283 256 1472 313 APOLOGET.
1550 208 1563 271 κ’
1712 255 1766 316 202

50 385 111 440 iter
123 390 249 442 restrum
260 400 310 456 per
321 386 470 455 Neapolim
481 390 509 441 et
520 386 649 442 Siciliam
666 385 749 441 babet
760 383 820 439 lleri
834 403 840 448 ς
857 387 885 438 et
898 384 927 443 A
942 389 1056 452 paterna
1070 384 1216 441 beatitudo
1227 387 1260 441 ad
1283 401 1343 442 uos.
1357 385 1527 459 (Legimus.)
1538 390 1607 443 Data
1620 404 1647 443 ru
1668 390 1766 446 Kalen·

50 489 141 545 super
155 475 341 547 becstratege
352 474 618 545 SieilieeJessimus,
631 473 762 530 utemuis
774 470 883 542 requiei
939 473 990 527 das
1004 473 1188 544 Septembris,
1208 475 1365 531 indictione
1374 472 1403 548 7,
1416 489 1432 531 a
1450 476 1527 547 regia
1547 476 1624 532 urbe.

50 571 81 621 et
101 565 221 620 benoris
236 564 442 644 vestricuram
466 564 576 630 babeat,
603 578 659 635 que
679 564 773 619 veniat
792 566 884 618 vestra

725 804 1101 875 uretedssulcds

50 948 286 1037 Adpopulenn
301 971 324 1014 e
339 951 491 1017 Tenuere
506 971 527 1013 e
543 947 674 1014 secretis
692 946 920 1035 compendiose
936 945 1041 1012 dictas
1056 944 1109 1012 elic
1123 968 1190 1034 qno
1203 947 1444 1015 intimaverant
1457 950 1658 1037 imperantes
1675 951 1768 1015 Irene

100 1051 133 1104 ct
152 1038 392 1141 Cercetantinus
401 1037 553 1194 ffessegig,
569 1048 608 1102 nt
622 1037 722 1125 ficret
732 1033 951 1125 patriarcha:
969 1036 1029 1122 qni
1040 1048 1070 1101 et
1078 1049 1257 1124 preneotns
1279 1050 1326 1104 est
1340 1037 1519 1105 indictione
1534 1053 1662 1120 octava,
1680 1059 1768 1104 anteo

97 1139 303 1194 mercatione
318 1149 400 1193 rnnn
424 1150 435 1192 ι
543 1178 550 1191 .

88 1325 284 1381 immaculatae
312 1326 378 1381 tldei
400 1331 513 1394 uestra,
542 1327 570 1382 id
591 1330 635 1381 est
655 1325 886 1380 Christianorum
942 1323 1101 1393 anathema,
1119 1325 1218 1395 procul
1234 1325 1316 1382 abeo
1326 1326 1443 1396 emittit,
1455 1332 1512 1382 ete
1531 1340 1617 1398 regne
1632 1326 1769 1382 erulorum

52 1414 202 1484 custodes,
219 1420 247 1469 et
265 1428 438 1484 eorumquae
458 1413 620 1486 ingloriam
631 1413 681 1469 Dei
694 1413 888 1469 duutaemula·
944 1413 1135 1483 persequitur,
1147 1419 1175 1469 et
1191 1415 1273 1470 ducit
1289 1416 1318 1470 iu
1339 1415 1469 1471 teuebras
1488 1415 1653 1471 exteriores.
1674 1415 1772 1471 Nescit

53 1511 143 1574 teres,
165 1503 262 1559 lideles
283 1504 468 1573 imperatores
482 1504 584 1575 uestri,
604 1508 739 1574 tauquam
758 1502 887 1558 emnium
943 1502 1076 1557 Ecclesiae
1088 1503 1131 1558 lex
1145 1503 1186 1559 uel
1199 1505 1339 1560 terminus
1352 1512 1456 1560 sectam
1471 1505 1531 1560 sire
1543 1504 1770 1575 contentionem,

55 1591 85 1648 iu
107 1592 322 1662 beneplacitum
346 1594 418 1665 ejus,
443 1596 471 1648 et
493 1593 522 1648 iu
542 1593 721 1648 commodum
747 1597 887 1656 uestrum.
904 1589 930 1649 B
945 1591 1308 1649 sedsieutuovitceudteri
1322 1595 1770 1666 uuumbaptisma,uuamlidem,

55 1681 291 1737 Christianorum
304 1680 438 1737 videlicet
450 1695 547 1737 curam
564 1680 709 1752 iacientes,
725 1686 753 1736 et
768 1681 892 1751 maxime
946 1680 1026 1736 itaet
1044 1683 1225 1737 concordiam
1242 1698 1325 1739 urtam
1343 1684 1372 1739 iu
1384 1684 1461 1739 eruui
1475 1683 1669 1740 ecclesiastice
1682 1697 1773 1755 uege-

58 1784 133 1826 uuuc
159 1770 356 1826 ecclesiastiea
380 1771 493 1842 megetia
520 1770 675 1843 diligenter
705 1776 735 1825 et
765 1769 891 1827 sollicite
946 1770 1089 1826 tioNibil
1111 1772 1187 1826 euim
1207 1773 1457 1843 estiueeuspeetu
1480 1775 1601 1829 Deliam
1625 1780 1771 1843 acceptum

56 1860 286 1931 considerantes,
310 1872 366 1929 que
387 1874 518 1915 summus
541 1860 673 1915 sacerdos
691 1859 720 1913 iu
735 1859 787 1914 bae
813 1859 890 1930 regia
945 1865 1031 1930 atque
1044 1859 1193 1929 placabile,
1209 1875 1292 1931 quam
1308 1869 1340 1917 ut
1351 1877 1440 1917 uarum
1451 1863 1553 1932 simus,
1564 1869 1592 1919 et
1605 1878 1660 1918 utra
1672 1861 1774 1919 edicia-

58 1947 127 2003 urbe
150 1962 203 2003 sua
231 1948 466 2018 constitueretur,
496 1948 524 2003 iu
545 1961 603 2003 suae
623 1947 739 2017 pietatis
760 1947 890 2002 animum
947 1963 1011 2004 mur
1029 1948 1156 2004 Ecclesia
1175 1949 1326 2015 eatbelica,
1351 1952 1588 2020 quemadmodum
1610 1952 1638 2006 iu
1655 1951 1774 2006 sineere

59 2041 391 2106 meassumpseruut,et,
405 2035 626 2091 utmauilestum
638 2035 709 2091 mibi
727 2036 892 2091 redderetur
947 2044 1050 2093 uestrae
1072 2037 1136 2092 lldei
1157 2038 1284 2107 symbolo
1306 2040 1483 2095 confitemur.
1507 2042 1542 2095 Et
1566 2040 1689 2109 petimus
1711 2052 1773 2104 uos,

59 2126 132 2196 qued
148 2124 299 2180 consiliati
311 2131 391 2192 suut,
402 2129 606 2195 praeceperunt.
622 2124 691 2179 Cum
710 2137 761 2195 ego
775 2123 826 2178 bec
848 2135 892 2178 me
948 2125 1059 2194 iratres,
1073 2131 1104 2180 ut
1118 2131 1287 2197 rceretues,
1303 2127 1437 2198 queniam
1449 2128 1509 2182 scie
1520 2142 1568 2182 ves
1581 2126 1709 2182 timorem
1722 2124 1773 2180 Del

61 2216 213 2288 indiguum
234 2228 296 2270 esse
311 2215 539 2284 pronuntiarem,
553 2219 581 2269 et
596 2214 702 2269 nullam
724 2214 893 2269 condescen·
947 2214 1059 2284 babere,
1076 2228 1091 2269 a
1110 2214 1252 2284 piissimis
1262 2218 1289 2270 et
1300 2215 1467 2271 orthodoxis
1487 2214 1707 2285 imperatoribus
1728 2227 1777 2269 ue-

61 2305 169 2360 sieuem
194 2300 316 2358 iacerem
338 2300 451 2373 (utpote
470 2303 520 2373 qui
540 2304 641 2375 iugum
663 2303 750 2372 buius
772 2301 892 2357 sarcinae
948 2304 1017 2359 stris
1027 2303 1363 2374 synodumuuiversalem
1375 2303 1700 2376 colligi:utediciamur
1711 2316 1773 2370 uos,

64 2398 175 2462 portare
187 2382 216 2447 et
227 2391 346 2447 sull'erre
358 2405 413 2447 uon
425 2392 558 2463 possem),
568 2392 719 2462 jusserunt
731 2404 773 2446 me
786 2389 890 2447 adduci
948 2393 997 2462 qui
1011 2392 1154 2448 uuiusitei
1163 2408 1272 2461 sumus,
1282 2407 1385 2462 uuum,
1397 2398 1424 2448 et
1435 2391 1775 2464 quilriuitatiseulteres

64 2488 122 2537 mte
142 2480 249 2552 iaejem
269 2485 403 2539 vestram.
415 2495 466 2550 pre
478 2494 511 2536 eo
524 2481 598 2551 qued
613 2485 641 2535 et
661 2480 748 2549 bujus
774 2478 891 2535 consilii
947 2481 1109 2552 existimus,
1118 2481 1386 2538 uuitietuuauimes
1396 2487 1424 2537 et
1432 2482 1598 2554 cellegae3et
1609 2481 1658 2552 qui
1670 2478 1776 2549 eapitis

66 2570 219 2640 participes
229 2568 320 2625 eflecti
330 2569 406 2624 sitis.
418 2571 452 2624 Et
465 2583 549 2638 uuuc,
562 2569 618 2624 virt
629 2568 781 2624 Dominum
794 2568 893 2623 timen—
948 2571 1152 2627 uostriCbristi
1162 2585 1272 2640 sumus,
1281 2570 1653 2640 efficiamurcorpusuuum,
1665 2583 1777 2639 eompa-

66 2663 109 2729 tes,
131 2664 162 2713 et
186 2672 253 2715 eum
278 2671 388 2730 semper
406 2659 435 2713 iu
459 2658 596 2714 cordibus
620 2657 723 2733 uestris
746 2657 903 2726 babentes,¹
948 2664 1305 2729 ctumatqueeouuexum:
1319 2660 1407 2730 etqui
1420 2660 1511 2715 sancti
1524 2661 1650 2730 Spiritus
1663 2674 1776 2726 sumus,

67 2764 107 2805 res
136 2749 196 2818 aie,
224 2748 275 2818 qui
294 2748 403 2805 Christi
423 2748 588 2816 vocatione,
608 2747 668 2802 veri
688 2746 823 2802 videlicet
842 2747 892 2803 Dei
948 2747 1105 2803 efficiamur
1120 2748 1673 2819 uoueoutraiuvieem,sedproiuvieem:
1687 2746 1776 2818 etqui

67 2837 160 2906 uestri,
184 2837 378 2893 nominamini
389 2836 562 2905 Cbristiaui3
573 2835 672 2891 audite
683 2834 777 2889 brevis
790 2849 894 2891 sermo
949 2837 1080 2892 veritatis
1092 2837 1255 2907 existimus,
1272 2836 1430 2893 efficiamur
1444 2837 1570 2907 idipsum
1584 2836 1726 2906 sapientes
1738 2840 1778 2890 at-

31 2976 33 2981 ,
68 2926 103 2982 uis
116 2925 154 2982 ab
165 2925 328 3006 exiguitate
341 2939 373 2980 ae
386 2925 550 2981 bumilitate
564 2930 660 2980 nostra
672 2924 820 2978 rationem.
835 2925 893 2994 Ege
909 2953 933 3017 G
950 2925 1164 2995 quedisceutes.
1176 2931 1203 2980 et
1214 2940 1269 2980 nen
1278 2925 1594 2981 sitiuuebiscertameu
1603 2924 1663 2979 sive
1672 2924 1780 2979 dissen-

68 3015 175 3085 quidem
187 3013 333 3086 quidquid
356 3013 499 3083 piissimis
513 3011 736 3082 imperatoribus
748 3011 894 3068 nostriset
950 3014 1008 3069 sio:
1019 3011 1781 3084 utpaxllei,qunexsuperatomuemseusum,muuiat

68 3103 217 3172 peremnia
230 3101 400 3158 ortbodexis
412 3101 618 3173 responderim,
634 3100 721 3155 etiam
735 3100 765 3154 in
778 3114 894 3171 conspe
948 3117 1046 3159 omues
1056 3117 1124 3158 uos:
1140 3110 1167 3158 et
1179 3103 1203 3159 si
1216 3103 1331 3174 quidem
1340 3101 1668 3171 jusseriutonbodorie
1677 3113 1781 3170 propu-

67 3196 212 3247 eturestro
225 3189 349 3246 rationis
369 3203 436 3245 meae
446 3189 577 3262 apologia
598 3188 763 3259 respondeo.
781 3188 894 3244 Timore
949 3197 1092 3261 guateres,
1114 3192 1300 3262 imperatores
1314 3192 1448 3247 videlicet
1465 3191 1567 3261 uestri,
1589 3188 1779 3261 postulationi

66 3277 206 3350 deprimor
218 3279 254 3334 ad
266 3277 502 3334 consentiendum
526 3277 595 3332 buic
616 3276 761 3345 electioni,
773 3280 801 3332 et
821 3290 894 3332 reve-
949 3292 1016 3332 mem
1029 3279 1115 3347 juste
1136 3293 1272 3349 annuere,
1291 3278 1438 3333 ceuseutio
1460 3283 1488 3332 et
1500 3293 1562 3350 ege,
1579 3285 1606 3333 et
1618 3279 1779 3347 iussionem

67 3381 120 3424 reor
147 3383 166 3424 a
194 3367 271 3423 lacie
292 3367 342 3422 Dei
368 3381 483 3422 currere
506 3366 603 3421 taliter
626 3371 655 3420 et
678 3365 894 3436 quomodolibet
948 3380 1047 3421 eorum
1071 3367 1211 3437 implebo:
1236 3367 1409 3433 sinautem,
1439 3366 1618 3435 impossibile
1640 3368 1711 3422 ruibi
1736 3374 1780 3425 cst

67 3455 312 3527 incircumspecte,
324 3461 357 3511 ut
370 3469 426 3511 neu
438 3454 752 3510 terribilidamuatieui
765 3468 894 3509 succum-
950 3456 1003 3510 bec
1025 3454 1125 3527 lacere,
1157 3469 1191 3511 ue
1213 3455 1353 3523 subiiclar
1380 3454 1566 3525 auatbenrati,
1593 3460 1622 3509 et
1648 3456 1779 3513 inveniar

67 3545 132 3602 bam.
144 3546 175 3601 Si
186 3546 268 3601 enim
279 3543 513 3601 Paulusdiriuus
523 3542 679 3613 apostolus,
694 3543 744 3613 qui
755 3542 894 3597 Ileiveees
948 3546 1154 3601 condemnatus
1169 3545 1198 3599 iu
1209 3544 1257 3599 die
1278 3543 1393 3599 ltemlui
1416 3544 1507 3598 uestri
1519 3550 1547 3597 et
1563 3544 1636 3612 iusti
1649 3543 1777 3615 judicis,

67 3626 727 3707 audivit,eoelumquebabuitcorreptoremldr
749 3630 888 3698 scholam;
949 3634 998 3689 ubi
1018 3649 1108 3705 neque
1129 3635 1283 3703 imperator
1296 3628 1522 3706 [imperatores],
1544 3633 1779 3702 aequesacerdos

68 3722 109 3784 et,
132 3717 375 3794 correptioneml,
407 3724 435 3775 et
459 3719 584 3789 paradisi
612 3709 755 3791 inspeetbr
776 3718 894 3775 effectus
950 3718 1155 3796 [sacerdotes],
1174 3736 1264 3792 necque
1279 3720 1411 3791 princeps
1424 3716 1613 3794 [priucipes],
1628 3735 1718 3792 neque
1733 3721 1781 3778 bo-

69 3817 112 3880 et,
130 3811 418 3880 audivitquearcaua
440 3808 532 3878 verba,
545 3814 572 3864 et
586 3806 819 3878 pertavituomeu
842 3807 891 3864 liei
950 3812 1059 3867 minum
1080 3810 1236 3867 multitude
1257 3809 1363 3879 peterit
1386 3808 1496 3878 eripere
1510 3822 1571 3879 me,
1593 3814 1621 3864 et
1634 3809 1778 3879 quidquid

71 3896 257 3969 inconspectu
270 3897 419 3953 nationum
430 3900 457 3952 et
470 3897 750 3968 regumceriutbiis
765 3897 894 3953 scribens
949 3899 1088 3969 placuerit
1120 3898 1212 3967 vebis,
1237 3897 1351 3967 iratres,
1378 3897 1443 3951 date
1464 3897 1604 3969 apologiae
1624 3911 1700 3965 meae,
1722 3897 1779 3954 imo

70 3985 189 4043 dicebat:
219 3988 261 4042 Ne
275 3989 346 4054 sorte
371 4002 430 4040 curn
454 3986 517 4040 aliis
542 3985 760 4055 praedicaverim,
777 3986 833 4054 ipre
854 4002 894 4040 re·
948 4002 1013 4044 uero
1034 3986 1168 4056 petitioni
1194 3999 1261 4041 mete
1286 4000 1463 4055 responsum.
1487 3986 1521 4040 Et
1542 3985 1664 4041 libenter
1684 3985 1781 4042 audie-

69 4077 160 4142 probus
187 4078 297 4146 efficior
321 4073 349 4146 (l
371 4073 430 4129 Cor.
454 4074 517 4146 rx),
546 4075 688 4144 quemodo
717 4088 768 4145 ego
788 4075 838 4144 qui
863 4075 892 4130 iu
949 4081 1016 4131 runt
1036 4089 1134 4130 omues
1153 4090 1216 4144 qun
1234 4075 1400 4144 dictasunt,
1419 4088 1588 4129 couseusum
1611 4073 1777 4144 prebentes,

73 4166 167 4222 mundo
191 4171 389 4232 conversatus,
409 4169 437 4218 et
461 4177 525 4219 eum
548 4163 632 4218 laicis
657 4168 890 4234 connumeratus,
948 4168 980 4219 ut
996 4163 1075 4219 deret
1088 4162 1222 4233 synodus.
1239 4162 1360 4230 Quidam
1376 4168 1471 4217 autem
1494 4162 1628 4232 perpauci
1651 4177 1685 4217 ex
1709 4162 1780 4218 iusi·

73 4254 260 4328 imperatoriis
281 4252 545 4310 ministrationibus
566 4252 699 4319 militavi,
723 4252 765 4306 sic
786 4251 894 4323 absque
908 4294 933 4354 D
948 4253 1095 4322 pleutibus
1108 4251 1286 4306 differebant.
1303 4250 1339 4305 dt
1350 4265 1414 4306 vere
1426 4251 1474 4322 qui
1490 4266 1506 4306 a
1520 4252 1649 4321 seeretis,
1663 4266 1778 4307 rursum

72 4343 274 4416 diiudicatieue
284 4350 371 4414 atque
382 4343 639 4413 circumspectione
650 4356 765 4412 possum
780 4342 893 4397 insilire
947 4342 981 4396 ad
1008 4342 1145 4412 populum
1164 4341 1317 4411 disputans
1340 4340 1538 4411 respondebat,
1560 4340 1778 4410 quiadomiuus

72 4435 96 4490 ad
113 4434 270 4492 sacerdotii
292 4432 544 4505 magnitudinem?
560 4431 737 4487 llerreudum
756 4444 892 4486 eenameu
949 4434 1001 4487 Leo
1024 4432 1177 4500 imperator
1206 4430 1346 4485 subuertit
1371 4428 1528 4500 imagines,
1548 4435 1575 4484 et
1601 4429 1715 4500 quaudo
1735 4446 1780 4502 sy-

72 4524 97 4579 ad
125 4524 318 4598 exiguitatem
343 4536 442 4593 meam,
471 4527 499 4576 et
527 4521 709 4577 temerarium
742 4520 891 4590 studium,
949 4520 1041 4575 nodus
1063 4518 1136 4574 lacta
1162 4524 1214 4588 ost,
1240 4518 1391 4574 subuersas
1413 4517 1479 4572 illas
1502 4516 1626 4573 iuvenit:
1653 4523 1681 4572 et
1700 4519 1775 4589 qued

73 4625 146 4672 eausa
164 4629 234 4671 vere
253 4613 380 4684 timeris,
400 4618 427 4668 et
448 4626 515 4668 meae
535 4599 729 4681 relutatieui's,
753 4610 812 4665 bae
831 4613 889 4664 est:
947 4613 1063 4680 prepter
1087 4608 1299 4678 imperatoriam
1324 4621 1438 4662 mauum
1462 4606 1604 4662 subversae
1625 4612 1702 4680 suut,
1727 4608 1777 4665 ite·

72 4700 176 4774 ispicio
197 4703 325 4759 enimet
354 4702 437 4757 video
465 4700 631 4770 Ecclesiam,
657 4713 719 4772 quae
739 4713 825 4768 super
848 4711 894 4767 pe·
948 4713 1011 4754 rum
1027 4699 1213 4768 quaestionem
1235 4698 1318 4752 babet
1341 4698 1415 4752 idem
1435 4695 1614 4766 capitulum,
1638 4698 1774 4766 queniam

72 4792 294 4848 tmmcuristum
314 4791 403 4847 Deum
415 4795 543 4846 uestrum
565 4786 683 4843 lundata
704 4792 757 4856 est,
772 4787 892 4842 scissam
947 4789 1094 4858 antiquam
1116 4787 1352 4842 cousuetudinem
1368 4786 1396 4841 iu
1415 4785 1541 4841 Ecclesia
1554 4787 1689 4841 traditam
1706 4803 1776 4857 prae-

71 4891 134 4937 uuuc
144 4881 362 4951 etdivisam,et
379 4892 430 4934 aes
440 4878 513 4934 allas
527 4882 612 4947 atque
626 4876 711 4931 aliter
732 4876 889 4948 loquentes,
947 4882 1141 4948 sumpserunt,
1165 4877 1241 4932 sicut
1269 4877 1311 4931 eis
1338 4875 1453 4931 libitum
1482 4874 1548 4945 luit,
1573 4876 1772 4948 exterminare,

70 4967 493 5038 eteliterooscbristiauosqui
506 4967 535 5021 iu
554 4966 670 5022 Oriente
692 4965 780 5021 uuius
798 4965 892 5021 nobis
947 4969 994 5023 sed
1015 4967 1121 5022 ueritas
1141 4966 1191 5020 Dei
1213 4979 1268 5021 nou
1289 4971 1331 5020 est
1354 4964 1480 5036 alligata.
1508 4966 1656 5021 Proruotus
1679 4970 1774 5021 autem

68 5072 121 5116 eum
132 5065 202 5118 suut
213 5058 301 5128 tidei3
315 5058 363 5113 sed
375 5061 402 5111 et
413 5056 459 5112 bis
469 5056 673 5112 concordantes
682 5055 888 5125 occidentales,
947 5057 1065 5126 scripsit
1079 5056 1228 5126 syuodieas
1254 5054 1364 5109 litteras
1390 5055 1573 5126 patriarchis,
1590 5055 1693 5124 llomte,
1712 5054 1774 5110 Ale-

68 5149 192 5207 ctuosab
204 5146 343 5204 omnibus
360 5146 421 5201 illis
439 5145 588 5216 alienatos,
601 5149 628 5200 et
647 5160 703 5201 ase
723 5161 773 5216 per
794 5147 892 5219 siugu-
946 5146 1083 5212 aaudriae,
1098 5144 1264 5214 dutiocbim,
1279 5149 1307 5199 et
1319 5149 1423 5199 sauctae
1447 5143 1584 5214 civimtis,
1609 5158 1679 5214 quas
1699 5143 1770 5199 iure

68 5234 102 5294 les
121 5239 186 5296 dies
215 5235 473 5292 anathematizatos
501 5234 612 5291 babere.
644 5234 712 5291 Dira
745 5249 827 5306 poeua
848 5239 891 5291 est
948 5232 1228 5291 uicsEet3actioue
1242 5247 1307 5289 cum
1321 5233 1471 5302 rescriptis
1484 5246 1592 5289 eorum.

259 5519 381 5576 Peruet.
403 5519 529 5574 CXXIX.
