3876 6090
112 272 234 342 tass'

792 286 890 341 LIBER
909 286 955 341 DE
972 283 1142 341 collecto.

1743 270 1813 354 ιἐει

111 409 342 479 transgrediendi
364 416 438 465 esset
457 408 585 465 libertas.
606 409 749 465 Similiter
766 416 795 465 et
813 410 848 465 de
868 409 936 464 luna
950 409 976 468 A
992 407 1049 463 tias
1065 423 1155 479 usque
1171 409 1200 466 in
1216 424 1248 466 ur
1264 413 1335 468 Non.
1351 413 1419 484 hpr.
1438 416 1523 484 primi
1540 416 1646 474 mensis
1658 417 1755 474 lunam
1771 421 1815 476 in·

113 506 285 567 praeceptam
305 499 435 554 divinum
459 506 597 557 servetur.
622 500 696 569 quod
714 499 878 555 mandatum
894 502 938 552 est

113 600 163 657 per
173 589 297 657 Moysen,
311 586 351 641 sit
364 585 444 642 vobis
457 586 662 643 observaturna
678 585 711 642 ll
722 588 789 643 lurra
804 586 936 657 usquein

110 671 157 731 Pl.
173 677 228 731 llas
243 690 309 747 crgo
323 672 340 730 l
352 675 435 730 lunas
450 683 562 732 constat
577 675 668 732 luisse
682 683 871 743 consecratas,
888 673 935 729 sed

112 765 182 835 aquia
192 763 281 820 ludaei
294 778 308 818 a
322 761 354 818 ii
366 762 433 819 luna
447 768 543 820 tenent
556 765 671 829 Pascha,
684 778 736 820 nos
746 777 859 819 neeesse
869 768 939 818 esta

114 851 149 909 ib
169 866 259 924 usque
280 852 309 907 in
328 849 359 905 ιι
380 852 523 908 celebrare
543 853 657 908 Pascha.
679 852 797 921 Quando
814 865 881 921 ergo
898 850 939 905 sit

112 942 191 996 iutra
212 940 293 995 iilum
319 940 440 995 limitem
463 941 653 995 constitutum
676 940 712 994 ab
737 954 764 994 nr
787 940 846 994 llal.
869 941 936 1008 hpr.

114 1030 295 1100 usqueinvrr
308 1030 369 1085 llal.
382 1027 937 1097 hiaizdiesllominicus,etlunaaliqua

111 1133 149 1175 ex
160 1113 247 1173 illisi
257 1117 432 1173 sanctificata
444 1116 600 1191 obveniret,
612 1118 718 1174 Pascha
729 1116 813 1173 nohis
824 1116 938 1186 iussam

111 1211 157 1262 est
171 1205 323 1262 celebrare.

130 1296 231 1364 Incipit
245 1295 358 1364 epistola
373 1295 470 1362 Cpra'lli
483 1295 682 1349 Alrcundrinae
699 1294 778 1349 Urbis
792 1293 918 1362 episcopi.

148 1381 230 1438 CXL.
252 1382 423 1452 Antiquitas
443 1382 568 1438 Ecclesia
588 1382 694 1438 Pascha
715 1379 754 1436 ii.
779 1383 856 1436 huna
873 1393 938 1435 cum

111 1469 220 1527 ludaeis
241 1468 411 1533 celebrabat,
431 1484 612 1541 quocumque
628 1470 675 1525 die
694 1474 866 1525 occurreret.
885 1466 937 1522 Sed

113 1559 193 1615 hunc
208 1559 297 1615 ritum
310 1559 402 1614 sancti
423 1559 519 1615 Patres
535 1559 563 1614 in
579 1560 693 1614 Nieaena
708 1559 820 1629 Synodo
836 1555 939 1626 prohi-

112 1649 250 1719 buerunt,
264 1647 473 1704 constituentes
484 1661 539 1703 non
550 1648 644 1704 solum
654 1647 815 1703 Paschalem
827 1652 855 1701 et
867 1657 939 1699 men·

993 496 1122 565 quirunt,
1140 499 1206 554 etsi
1226 496 1258 555 lli
1273 499 1342 556 luna
1359 502 1406 558 die
1422 504 1572 561 Dominico
1592 505 1812 578 provehentis

991 583 1078 639 aliam
1091 584 1166 639 dicrn
1181 586 1286 642 Pascha
1302 590 1482 657 protrahunt.
1499 591 1590 648 Gracci
1606 593 1692 662 primi
1708 595 1815 651 mensis

993 669 1089 726 lanam
1104 672 1139 727 ab
1151 687 1200 728 vru
1212 675 1251 730 ld.
1267 677 1349 731 biart.
1365 691 1456 747 usque
1471 678 1499 733 in
1509 678 1585 734 diem
1596 681 1666 736 Non.
1678 681 1746 752 ιρι.
1759 681 1815 738 ob-

993 767 1115 831 servant,
1139 768 1167 816 et
1188 763 1212 817 si
1233 760 1266 819 ts
1288 764 1355 819 luna
1378 766 1426 821 die
1449 767 1599 823 Dominico
1624 771 1812 840 concurrerit,

992 855 1122 904 sanctum
1135 851 1241 907 Pascha
1249 853 1400 909 celebrant.
1414 855 1584 923 huiusmodi
1595 870 1662 929 ergo
1672 858 1815 915 dissensio

995 936 1818 1012 interutrosqucPaschaiemregulamturhat.Communis

993 1028 1818 1103 colemannusotctturqutuntunttloaashoeestdies

993 1110 1045 1169 :tlt
1058 1113 1139 1169 habet
1150 1133 1157 1181 ς
1167 1115 1264 1172 dictus
1273 1122 1367 1172 autern
1378 1119 1540 1174 communis
1550 1120 1618 1189 quia
1627 1124 1767 1191 saepeduo
1778 1124 1819 1180 ita

993 1203 1139 1271 coniuncti
1150 1204 1285 1260 incedunt
1296 1205 1425 1274 invicem,
1436 1208 1821 1269 etseiuPaschalisolemnl·
1838 1230 1840 1234 ’

994 1293 1819 1369 tatesequuntur.h‘amembolismalisannussempcrsoius

993 1380 1817 1457 est,ernholismalisannusest,quildmcnseslunares,id

993 1475 1036 1524 est
1046 1465 1098 1524 384
1107 1468 1170 1523 dies
1182 1469 1284 1525 habere
1296 1476 1479 1527 monstratur.
1493 1473 1554 1541 lpse
1564 1478 1607 1528 est
1616 1486 1710 1531 annus
1720 1483 1819 1535 sancto

993 1555 1810 1634 hioysidivinitusreveiatus,inquojubenturhi,quilon

993 1645 1059 1715 gius
1071 1643 1247 1707 habitabant,
1262 1645 1428 1702 insecundo
1440 1660 1534 1702 mense
1544 1648 1650 1704 Pascha
1662 1650 1816 1709 celebrare.

113 1750 174 1792 sem
191 1735 348 1806 inquirere,
370 1736 418 1791 sed
436 1737 522 1791 etiam
537 1736 613 1792 diem
633 1733 864 1792 Resurrectionis
879 1734 939 1788 Do-
955 1721 980 1781 B
993 1732 1186 1788 Emhoiismus
1200 1739 1295 1788 autem
1312 1746 1413 1790 nomen
1425 1736 1555 1792 Graecum
1568 1741 1621 1807 εει,
1635 1738 1711 1808 quod
1726 1739 1821 1796 inter-

114 1826 230 1882 minicae
259 1825 418 1895 ohservare,
445 1831 473 1880 et
499 1825 535 1882 ob
565 1826 617 1880 hoc
644 1825 750 1880 Pascha
773 1838 790 1879 a
815 1816 847 1877 to
871 1821 939 1877 luna
995 1825 1124 1890 pretatur
1145 1821 1244 1874 Latiae
1263 1828 1546 1893 superaugmentum,
1566 1837 1599 1880 eo
1616 1826 1692 1895 quud
1708 1827 1821 1896 expleat

115 1927 209 1985 usque
242 1914 270 1969 in
310 1913 475 1969 vicesimam
514 1914 633 1979 primam
671 1913 868 1977 extenderunt,
908 1914 939 1967 ut
995 1909 1820 1981 numerumannorumcommunium,quihnslllunares

113 2005 179 2060 dies
193 2004 427 2059 bominicusnon
444 2002 654 2059 obmitteretur.
667 2002 876 2058 Paschaautem
888 2013 939 2055 vo-
994 1997 1057 2053 dies
1076 1998 1173 2053 deesse
1192 2001 1360 2052 cernuntur.
1380 1997 1558 2054 Embolimaei
1577 2007 1672 2056 autern
1692 2003 1771 2073 anni,
1792 2012 1821 2061 ει

114 2091 249 2146 cabulum
274 2104 329 2146 non
348 2093 488 2160 Graccum,
509 2091 557 2146 sed
580 2090 760 2145 llehrreorum
782 2097 835 2148 est.
857 2099 941 2143 neca

114 2180 260 2246 Passione,
280 2193 364 2250 quam
386 2180 490 2235 Phasin
512 2181 607 2235 Graece
626 2179 753 2234 dicimus
770 2178 839 2247 pati,
860 2175 942 2232 seda

116 2267 243 2325 transitu
253 2268 368 2323 liebraeo
381 2268 466 2323 verbo
481 2269 587 2324 Pascha
601 2268 742 2337 appellata
753 2275 805 2333 εει,
820 2280 853 2321 eo
867 2264 941 2336 equod

116 2359 186 2412 tunc
212 2355 336 2425 populus
358 2356 409 2409 Dei
433 2369 466 2410 ex
490 2356 609 2426 AEgypto
632 2356 788 2410 transierit.
814 2353 891 2407 Unrle
913 2353 943 2407 in

115 2442 280 2512 Evangelio,
292 2458 351 2496 curn
361 2443 483 2504 virlissrt,
494 2443 600 2513 inquit,
613 2445 700 2505 Jesus,
712 2446 776 2511 quic
785 2441 942 2502 cernithoru,

119 2537 149 2586 ιιι
169 2532 301 2586 transiret
322 2531 355 2584 rlc
375 2532 476 2584 mundo
498 2531 535 2584 cd
554 2533 670 2586 Putrem.
693 2531 782 2599 Cuius
804 2543 859 2585 nox
881 2530 944 2584 ideo

121 2632 171 2688 per
182 2616 312 2688 vigiliam
323 2616 443 2673 ducitur
454 2625 569 2686 propter
581 2618 732 2673 adventurn
746 2618 839 2687 liegis.
851 2630 883 2671 ac
894 2615 944 2669 lici

121 2706 225 2776 nostri,
240 2712 271 2761 ut
284 2710 396 2774 tempus
416 2707 647 2762 Resurrectionis
662 2708 723 2775 ejus
739 2720 789 2761 nos
804 2718 859 2760 uon
873 2705 945 2760 dor-

118 2796 249 2862 mientes,
262 2794 308 2850 sed
321 2780 474 2864 vigilantes
486 2795 622 2850 inveniat.
635 2795 723 2863 Cuius
734 2794 827 2848 noctis
838 2791 945 2861 duplex

995 2100 1160 2142 communes
1188 2085 1231 2141 sic
1262 2084 1460 2142 inveniuntur.
1487 2087 1516 2141 Si
1546 2087 1622 2143 enirn
1642 2102 1664 2143 a
1690 2086 1723 2146 lb
1759 2092 1827 2149 luna

999 2175 1112 2231 Paschae
1125 2175 1311 2244 pracedentis
1325 2175 1461 2245 usquead
1476 2182 1605 2245 quartam
1621 2178 1760 2236 decimam
1774 2194 1823 2237 se-

998 2265 1114 2334 quentis
1125 2260 1178 2319 ast
1189 2264 1252 2319 dies
1268 2260 1385 2333 iuerint,
1401 2264 1613 2320 hmholismalis
1624 2275 1779 2324 arrrrusest.
1791 2270 1822 2327 Si

998 2349 1061 2422 hot,
1085 2352 1257 2407 communis.
1283 2352 1431 2407 bissextus
1456 2358 1500 2408 εει
1526 2367 1575 2421 per
1597 2367 1687 2410 annos
1710 2351 1727 2410 i
1747 2370 1823 2414 unus
1864 2354 1867 2359 ’

998 2441 1072 2509 dies,
1098 2440 1237 2510 adJectus.
1261 2441 1371 2496 Crescit
1398 2440 1474 2495 enim
1506 2453 1555 2510 per
1580 2440 1711 2514 singulos
1732 2458 1823 2502 annos

999 2536 1100 2599 quarta
1122 2542 1187 2597 pars
1201 2529 1285 2597 assis,
1301 2541 1334 2583 ae
1351 2527 1398 2584 ubi
1420 2535 1522 2598 quarto
1541 2541 1615 2585 anno
1629 2544 1720 2586 assem
1741 2547 1823 2589 com-

1000 2617 1129 2687 pleverit,
1142 2616 1318 2672 bissextilem
1330 2630 1437 2672 annum
1448 2616 1528 2672 iacit.
1542 2618 1642 2674 Dictus
1652 2628 1746 2676 autem
1758 2621 1824 2679 bis-

1000 2713 1107 2775 sextus,
1121 2706 1188 2776 quia
1205 2705 1250 2760 his
1264 2705 1357 2761 sexies
1370 2706 1475 2761 ductus
1489 2718 1581 2761 assem
1593 2705 1672 2778 iacit,
1689 2711 1764 2780 quod
1781 2718 1824 2769 εει

1002 2809 1077 2853 unus
1108 2795 1181 2861 dies,
1209 2795 1285 2849 sicut
1311 2799 1340 2848 et
1364 2794 1549 2864 quadrantem
1578 2801 1694 2866 propter
1723 2806 1825 2870 quater

119 2883 194 2939 ratio
214 2888 267 2951 est,
284 2883 344 2937 sive
359 2882 434 2951 quod
457 2882 486 2937 in
506 2884 601 2937 eadem
626 2883 712 2936 vitam
736 2886 805 2937 tunc
827 2880 944 2948 reecpit,
1000 2884 1130 2952 ductum,
1155 2883 1229 2952 quod
1253 2888 1296 2936 εει
1316 2881 1485 2952 bissextum,
1509 2883 1584 2952 quad
1605 2898 1691 2954 super
1710 2888 1823 2946 diorum

118 2986 184 3028 cum
205 2986 305 3042 passus
320 2976 372 3039 est,
389 2971 449 3026 sive
468 2972 543 3042 quod
561 2977 657 3040 postea
674 2970 752 3036 hora,
770 2983 826 3040 qua
842 2982 943 3025 resur·
1000 2983 1117 3025 cursum
1137 2969 1165 3023 in
1185 2982 1260 3023 anno
1281 2968 1324 3023 sol
1345 2967 1424 3023 iacit.
1445 2969 1523 3024 hvu
1541 2978 1635 3026 autem
1653 2975 1723 3030 Non.
1741 2979 1823 3035 hlart.

117 3059 203 3129 rexit,
218 3060 252 3115 ad
266 3059 455 3128 iudicandum
470 3064 609 3115 venturus
623 3063 674 3113 est.
693 3060 730 3113 Eo
745 3063 838 3112 autem
855 3055 940 3110 modo
964 3037 1094 3127 Cnsque
1110 3057 1138 3110 in
1157 3057 1232 3111 diem
1254 3056 1327 3124 prid.
1351 3055 1411 3109 Kal.
1430 3057 1512 3111 lanu.
1535 3056 1565 3111 in
1583 3056 1659 3114 tuna
1674 3075 1762 3119 cursu
1778 3066 1824 3124 bis

117 3149 231 3219 agimus
242 3148 360 3214 Pascha,
373 3155 471 3203 utnon
483 3148 575 3204 solum
591 3154 707 3203 mortem
720 3154 748 3202 ει
762 3143 933 3201 resurrectio
1002 3146 1167 3216 adponitur,
1188 3151 1274 3213 atque
1290 3143 1356 3199 inde
1374 3142 1546 3199 detrahitur.
1570 3146 1753 3206 intercalares
1768 3164 1825 3209 au-

119 3250 183 3293 nem
203 3236 310 3292 Christi
336 3237 365 3292 in
392 3237 556 3292 memoriam
581 3250 753 3303 revocemus,
778 3235 825 3290 sed
850 3234 937 3289 etiam
1003 3243 1058 3292 tem
1073 3235 1137 3289 dies
1154 3233 1262 3287 idcirco
1280 3239 1427 3301 vocantur,
1449 3232 1517 3301 quia
1540 3232 1773 3310 interponuntur,
1791 3248 1823 3299 ut

117 3330 229 3395 caetera,
250 3339 313 3395 quse
331 3326 408 3380 circa
424 3338 488 3380 eum
508 3325 695 3391 adtestantur,
716 3325 750 3379 ad
770 3324 938 3378 Sacramen-
1004 3325 1077 3382 ratio
1092 3323 1167 3379 lunae
1185 3322 1313 3392 solisque
1332 3321 1491 3376 conveniat.
1514 3320 1613 3378 calare
1624 3325 1700 3380 enim
1720 3342 1823 3397 ponere

119 3420 213 3470 torum
229 3412 469 3483 sigrtiiicationem
488 3413 680 3483 inspicimus,
696 3418 811 3482 propter
827 3410 946 3466 initium

119 3501 195 3557 enim
213 3514 290 3556 novae
305 3501 381 3570 vitae,
396 3507 424 3557 et
439 3508 555 3571 propter
569 3515 672 3557 novum
690 3501 845 3568 hominem,
861 3512 944 3570 quem

117 3589 254 3660 iubemur
278 3589 406 3660 induere,
432 3596 460 3645 et
480 3603 583 3645 exuere
607 3596 738 3653 veterem,
761 3593 946 3658 eaprrrpuntes

116 3683 195 3733 ortus
214 3680 387 3744 sermonum,
404 3683 435 3732 tri
450 3680 535 3733 simus
550 3693 619 3732 recca
637 3679 799 3747 conspersio,
816 3678 945 3746 quereiam

118 3767 227 3822 l‘uschc
259 3772 381 3820 nostrum
411 3768 565 3822 immolatus
594 3772 633 3821 est
663 3767 795 3821 Christus.
828 3767 946 3836 Propter

120 3856 195 3910 hanc
210 3868 277 3925 ergo
300 3855 365 3909 rita¹
381 3855 535 3911 novitatem
557 3855 668 3924 primus
685 3855 790 3910 mensis
807 3869 944 3911 novorum

121 3942 234 3998 tiranni
253 3943 399 3998 mensibus
414 3944 447 3998 ad
464 3943 682 3999 celebrationem
700 3943 812 3997 Pascha
828 3944 946 4013 mystice

119 4032 286 4087 adtributus
301 4038 353 4086 est.
368 4030 447 4099 Quod
464 4032 549 4086 tertia
564 4031 741 4087 llebdomada
756 4033 819 4086 dies
832 4031 945 4087 Paschae

119 4119 289 4190 celebretur,
307 4121 334 4176 id
351 4121 458 4191 estqui
474 4120 537 4176 dies
553 4119 738 4176 occurrerita
754 4116 786 4175 lb
801 4119 829 4173 in
844 4117 875 4173 at
894 4119 946 4175 hoc

121 4208 276 4279 signidem,
293 4209 362 4279 quia
378 4213 437 4264 toto
457 4214 582 4279 tempore
597 4208 697 4278 seculi,
717 4207 766 4278 qui
784 4207 945 4276 septenario

123 4308 240 4351 numero
255 4296 362 4367 agitur,
379 4310 455 4352 nunc
473 4298 590 4352 tertium
605 4303 716 4367 tempus
733 4300 786 4367 εει,
803 4295 877 4366 qrmd
894 4295 945 4351 hoc

1002 3414 1122 3470 dicitur.
1139 3411 1308 3467 intercalare
1323 3410 1514 3479 iraterponere.
1531 3411 1650 3480 Epactas
1664 3415 1754 3472 Graeci
1770 3435 1824 3476 vo-

1002 3507 1077 3563 cant,
1095 3498 1188 3556 Latini
1202 3498 1377 3568 adjectiones
1388 3510 1499 3553 annuas
1514 3497 1640 3572 lunares,
1654 3517 1718 3573 quas
1729 3507 1825 3565 uade-

1002 3591 1114 3645 narium
1129 3601 1277 3643 numerum
1294 3599 1385 3656 usque
1399 3587 1433 3640 ad
1446 3587 1633 3644 tricenarium
1645 3589 1716 3648 inse
1728 3594 1824 3651 ιειοι-

1001 3684 1117 3741 vuntur,
1145 3690 1216 3747 quas
1238 3675 1302 3730 ideo
1326 3673 1450 3745 AEgyptii
1477 3675 1631 3744 adjiciunt,
1659 3684 1691 3735 ut
1709 3679 1822 3740 lunaris

1002 3765 1108 3822 mensis
1132 3764 1237 3819 rationi
1264 3762 1337 3819 solis
1359 3769 1499 3833 sequetur.
1525 3765 1601 3821 Luna
1625 3772 1719 3825 autem
1740 3771 1824 3840 juxta

999 3868 1117 3910 cursum
1132 3866 1216 3909 suam
1233 3850 1278 3919 dt,
1298 3859 1327 3906 ει
1341 3850 1428 3906 semis
1442 3850 1505 3906 dies
1521 3852 1615 3908 lucere
1629 3853 1823 3927 dignoscitur,

999 3950 1027 3997 ει
1041 3948 1107 3997 sunt
1123 3942 1151 3995 in
1166 3954 1240 3995 anno
1255 3940 1370 3995 lunares
1384 3939 1447 3993 dies
1461 3937 1524 4011 alt,
1542 3951 1687 3998 remanent
1702 3945 1737 4000 ad
1753 3961 1825 4003 cur-

1001 4043 1064 4087 sum
1084 4029 1152 4083 arrni
1174 4028 1278 4082 solaris
1292 4028 1356 4083 dies
1376 4041 1416 4096 ιι,
1433 4043 1506 4098 «quos
1525 4029 1649 4100 AEgyptii
1668 4033 1822 4106 adiiciunt,

1003 4119 1076 4175 unde
1089 4124 1118 4172 et
1131 4116 1306 4185 adjectiones
1319 4123 1465 4171 vocantur.
1479 4115 1594 4188 Absque
1609 4118 1656 4176 his
1670 4133 1726 4177 non
1742 4123 1826 4180 inve-

1001 4206 1063 4261 nies
1076 4205 1183 4273 lunarm,
1201 4209 1288 4273 quota
1303 4202 1383 4257 sitin
1399 4202 1529 4272 (quolibet
1543 4218 1627 4277 anno,
1641 4212 1784 4282 otmense,
1797 4218 1825 4268 et

1000 4295 1056 4350 die.
1072 4298 1133 4349 ists
1145 4292 1256 4361 Erractas
1269 4303 1380 4360 semper
1393 4290 1422 4345 in
1439 4304 1468 4344 ιιι
1482 4291 1542 4346 Kal.
1557 4293 1627 4362 ιρι.
1640 4297 1825 4364 reperiuntur

120 4386 333 4439 Sacramentum
357 4385 501 4454 apparuit.
527 4385 654 4441 Primum
674 4384 749 4441 enim
771 4390 884 4454 tempus
903 4389 946 4439 est
962 4399 988 4459 [y
1003 4384 1033 4438 in
1045 4384 1142 4438 eadem
1161 4381 1240 4446 lurra,
1256 4393 1319 4451 quea
1334 4376 1424 4434 luerit
1437 4392 1471 4434 ea
1485 4378 1542 4434 die.
1563 4381 1754 4439 Continentur
1766 4399 1824 4441 au-

122 4476 187 4527 ante
200 4471 299 4542 legem,
317 4472 473 4528 secundum
487 4473 624 4545 sublege,
643 4473 759 4528 tertium
772 4471 826 4527 suh
841 4472 944 4543 gratia.

123 4561 175 4615 Ubi
186 4563 243 4631 jam
262 4560 444 4617 manifestum
460 4568 503 4617 est
517 4562 728 4617 Sacramentum
747 4562 828 4631 prius
845 4561 947 4615 ocrrnl-

123 4658 182 4705 turn
208 4651 366 4719 Prophetis
390 4651 595 4722 AEnigmatieae.
621 4651 683 4706 ideo
704 4656 732 4704 et
754 4656 868 4720 propter·
888 4651 946 4704 hau:

124 4739 178 4792 tria
203 4744 329 4807 tempora
352 4739 449 4794 saculi
474 4740 655 4795 Resurrectio
678 4740 790 4794 Domini
812 4740 945 4795 triduana

122 4832 175 4881 cst.
185 4826 264 4895 Quod
276 4841 342 4882 vcro
354 4841 369 4883 a
383 4825 415 4884 tb
426 4828 494 4882 luna
503 4842 593 4899 usque
603 4827 636 4883 ad
649 4828 812 4883 vicesimam
825 4829 945 4897 primam

124 4915 245 4984 perdies
255 4922 362 4985 septem
376 4917 594 4973 Paschalisdies
608 4917 758 4988 quaeritur,
773 4923 887 4987 propter
899 4918 948 4988 ip-

123 5016 188 5058 sum
204 5017 353 5060 numerum
369 5006 561 5075 septenarium
578 5005 608 5061 in
621 5005 817 5062 universitate.
831 5005 909 5061 Unde
919 5012 948 5061 et

122 5090 265 5147 lohannes
276 5094 431 5163 Apostolus
447 5095 476 5150 in
489 5094 657 5165 Apocalypsi
674 5095 708 5150 ad
723 5100 827 5163 septem
846 5096 948 5150 scribit

121 5179 273 5236 lirclesias.
296 5183 422 5239 Ecclesia
442 5197 507 5239 vero
529 5184 623 5239 adhuc
644 5184 673 5239 in
697 5183 751 5239 ista
775 5184 948 5239 mortalitate

121 5268 222 5324 carnis
236 5271 392 5328 constituta
407 5278 522 5343 propter
536 5273 624 5344 ipsam
641 5272 860 5329 mutabilitatem
874 5274 948 5329 lune

122 5358 240 5415 nominc
255 5359 285 5416 in
300 5362 461 5433 scripturis
475 5363 666 5434 signiticatur.
685 5361 767 5417 l'aria
782 5366 876 5418 autem
893 5363 950 5418 ub-

123 5449 267 5504 scrvantia
282 5450 452 5521 opinionum
467 5449 614 5507 Paschalis
624 5448 791 5506 festivitatis
804 5449 946 5508 interdum

123 5547 250 5592 errorem
264 5537 369 5611 gignit.
386 5539 482 5597 Latini
500 5550 624 5610 namque
638 5536 754 5599 atertlo
769 5539 864 5596 Nonas
878 5540 949 5596 liar-

319 5671 434 5730 Psrnot.
459 5666 585 5734 CXXIX.

1001 4478 1057 4527 tem
1074 4469 1184 4525 circulo
1199 4470 1315 4524 ‹lecenrn
1328 4466 1460 4536 manuali,
1476 4468 1524 4522 sed
1540 4481 1605 4521 cram
1624 4468 1658 4523 ad
1675 4467 1708 4522 49
1723 4484 1826 4540 perve-

1001 4558 1107 4617 nerint,
1130 4558 1178 4626 qui
1199 4563 1241 4609 εει
1262 4553 1392 4609 circulus
1410 4554 1685 4623 decemnovennalis
1701 4557 1759 4625 jam
1775 4573 1825 4614 se-

1001 4647 1100 4718 quenti
1114 4659 1189 4699 anno
1204 4658 1257 4700 non
1271 4644 1358 4698 addes
1368 4641 1498 4711 superdei
1510 4640 1551 4710 ll,
1567 4650 1598 4698 ut
1611 4640 1643 4699 ιθ
1654 4645 1823 4720 arinuncies,

1001 4735 1157 4793 destructis
1175 4736 1220 4802 llil,
1237 4734 1284 4788 sed
1303 4733 1369 4788 inde
1389 4738 1528 4788 revertere
1544 4738 1576 4787 ut
1591 4730 1621 4787 ιι
1640 4739 1822 4805 pronuncies.

1195 4823 1316 4892 licpiicit
1337 4821 1449 4889 epistola
1469 4822 1497 4875 S.
1520 4820 1625 4892 Gyrtttv'.

1035 4916 1127 4971 (λιιι.
1150 4911 1275 4982 Epistola
1296 4908 1461 4964 Paschasini
1482 4911 1609 4980 episcopi
1630 4912 1664 4968 ad
1685 4911 1825 4972 beatissi-

1002 5019 1078 5059 mum
1093 5005 1193 5071 Papam
1210 5002 1324 5054 heorrem
1339 4998 1374 5052 de
1387 4997 1545 5068 indaganda
1559 5000 1670 5058 ratione
1683 5003 1822 5060 Paschali.

1002 5093 1095 5162 (pitto
1112 5096 1150 5144 εει
1169 5106 1184 5139 ιι
1203 5088 1330 5141 littrlrrrv'o
1345 5091 1369 5138 ιι
1387 5085 1474 5151 ‹ritis-,t

1002 5204 1039 5254 llc
1067 5197 1220 5251 arorninibus
1244 5192 1395 5254 stallorum,
1420 5193 1520 5261 quihus
1541 5211 1575 5249 ea
1599 5198 1688 5250 causis·
1712 5199 1822 5251 nornine

1326 5269 1496 5334 uccqrerunt.
1640 5317 1655 5325 ,,

1037 5360 1140 5416 cibit.
1166 5357 1212 5413 Sol
1239 5354 1410 5425 appellatus,
1435 5368 1468 5411 eo
1490 5353 1564 5424 (quod
1588 5352 1667 5408 solus
1686 5361 1824 5425 appareat

1002 5448 1164 5507 obscuratis
1175 5445 1287 5517 luigero
1300 5458 1353 5501 suo
1364 5444 1477 5501 cunctis
1487 5439 1641 5497 sideribus.
1654 5442 1731 5499 Luna
1743 5445 1822 5502 dicta

1000 5538 1084 5611 quasi
1104 5536 1221 5608 Lucina,
1241 5533 1334 5590 ablata
1350 5531 1443 5588 media
1461 5527 1580 5599 syllaba,
1596 5527 1631 5584 de
1650 5544 1706 5600 qua
1722 5532 1822 5606 Virgi-

1643 5659 1679 5722 ιθ
