3876 6090
274 305 526 365 counEcnnNEt.
547 339 583 351 -
607 310 657 369 EX
679 309 785 369 EPIST.
806 311 833 369 S.
864 309 996 369 naxon
1013 311 1060 369 ab
1078 312 1217 370 nulnum
1236 316 1299 371 ILL.
1586 313 1641 377 tit

92 451 174 537 mg„
191 456 243 517 τῶν
260 452 344 517 πάντα
363 429 521 541 τολμῶν
537 461 600 546 ὑπὲρ
621 461 677 532 g&
692 472 740 530 τοῦ
767 445 797 505 Α
812 455 886 512 rum,
902 445 930 499 et
941 440 1078 512 obstupui
1094 442 1303 512 quodammodo
1315 457 1402 513 super
1417 446 1525 503 astutia
1540 460 1638 506 eornm

92 542 203 624 mg,
219 544 263 606 καὶ
278 542 414 624 mm,
428 551 464 616 ὡς
481 548 537 618 foce
552 555 637 620 ὠτοῑς
658 553 740 617 πέλω
813 531 862 603 qui
878 545 930 602 pro
946 544 1003 587 uno
1018 529 1125 587 hustra
1149 530 1245 587 omnia
1261 545 1357 604 gerere
1377 533 1466 603 impie
1491 537 1598 593 audent
1611 544 1640 595 et

92 635 260 713 mm&
280 657 333 695 m,
355 636 670 720 χαιπαρέηγήπωτώς
693 646 739 706 ἐκ,
810 620 920 693 volunt,
935 618 1183 677 sicuteisabolim
1194 621 1283 676 moris
1296 625 1469 693 etnuucest,
1481 623 1600 682 furtivis
1611 631 1641 682 et

92 721 128 781 at’
150 725 234 782 odedu
258 723 474 805 ἀγωνιζομένους,
503 726 534 786 τό
558 753 590 808 tt
614 730 684 814 παρὰ
707 733 739 794 τὸ
810 708 892 766 falsis
908 708 1135 778 narrationibus,
1146 722 1193 766 eos
1206 709 1256 781 qni
1270 713 1640 784 contrasemugnanlmiter

92 833 98 877 t
120 807 226 875 mg,
241 812 405 890 ἐπισπᾶσθαι,
428 813 599 876 ,mmmm
620 821 738 904 ,mg
808 799 970 871 agonizant,
984 797 1091 871 taliter,
1111 798 1183 870 quin
1207 797 1355 870 etabsque
1370 799 1448 856 omui
1471 800 1583 858 ratione
1601 803 1636 860 ad

92 897 181 978 δαμῶς
190 897 372 978 ωνεπόμενονο
382 903 536 982 llchmlmr
550 895 593 964 og,
606 910 738 972 καὶτοῦτο
809 903 839 945 se
854 889 933 960 ipsos
947 888 1106 960 aotrahere,
1121 892 1275 944 etsensum
1291 886 1436 952 fraudare,
1452 891 1502 960 qui
1527 904 1558 947 se
1578 891 1639 948 nul·

92 986 207 1060 ,δήλωχά
230 1011 282 1061 σοι,
308 988 443 1067 ,mm
464 989 564 1074 Πάτερ,
586 997 622 1062 ὡς
645 994 676 1056 g,
696 998 738 1060 &g
810 977 1075 1049 lateuusseqnitur.
1093 977 1258 1033 Necessario
1278 990 1345 1049 ergo
1368 981 1396 1033 et
1411 976 1464 1034 hoc
1483 993 1548 1035 cum
1564 979 1640 1036 didi·

92 1073 231 1158 μαξάμενος
244 1075 313 1156 ἔχοις
326 1076 396 1145 ὅπως
406 1077 543 1160 trapetis-1,
554 1085 605 1142 τῶν
619 1086 737 1150 amq„
808 1068 922 1140 cissem,
936 1065 1097 1138 significari
1116 1064 1171 1121 tibi
1186 1066 1315 1134 domino,
1336 1065 1517 1124 honorabilis
1545 1065 1637 1142 Pater,

92 1187 162 1243 ηας,
176 1162 247 1246 λόγῳ
259 1189 287 1224 τε
298 1164 400 1245 gam,
413 1168 512 1235 εὐτόνος
524 1147 660 1232 mm,
670 1176 738 1237 mg
809 1162 951 1230 qnatenus
965 1169 1015 1228 per
1027 1155 1125 1212 omnia
1144 1155 1284 1227 munitus,
1302 1155 1407 1212 habeas
1421 1156 1549 1228 qualiter
1564 1158 1638 1216 inse·

92 1256 213 1335 mg,
226 1250 301 1327 δόξαν
310 1278 339 1313 re
348 1248 617 1337 mvroolloloqtsooe
627 1265 737 1329 ἐντεῦθεν
809 1246 909 1319 quaris
919 1245 1148 1303 adversariorum
1161 1244 1316 1317 phalanges
1327 1245 1486 1318 :verboque
1497 1246 1639 1306 indefesse

92 1362 146 1415 ,μιν
159 1339 239 1420 ἔχων,
251 1342 294 1402 καὶ
304 1341 416 1424 διάδημα
428 1342 475 1419 τὴν
489 1350 566 1407 αὐτοῦ
580 1348 647 1409 κατὰ
661 1349 736 1433 χάριν
806 1339 927 1411 lacieus,
940 1341 970 1393 ct
985 1334 1040 1392 ide
1055 1337 1185 1405 potenter
1197 1346 1346 1406 superans,
1362 1334 1543 1407 gloriamque
1569 1337 1638 1393 binc

100 1427 146 1489 „p
162 1428 262 1494 ἕνωσιν,
809 1425 958 1500 Unigeniti
974 1425 1005 1481 ln
1020 1423 1197 1497 preconium
1217 1422 1335 1492 habens,
1351 1428 1380 1482 et
1393 1422 1525 1481 diadema
1549 1424 1637 1496 hujus

813 1533 890 1576 mmn
925 1515 1040 1573 niouem
1052 1512 1236 1587 pergratiam
1252 1518 1281 1569 et
1292 1513 1443 1569 unitatem.

560 1783 1017 1925 nnnnnonanro

92 2109 249 2230 tloll
268 2108 533 2229 nldsbbtl
560 2108 605 2229 S.
632 2000 861 2227 MAXffiI
890 2105 967 2224 lb
988 2102 1233 2224 PETRUM
1260 2100 1600 2222 ILLUSTREM

92 2303 147 2370 rhi
163 2310 196 2371 et
212 2304 322 2372 sancti
337 2304 522 2391 Sophronii
536 2304 841 2393 Hierusolymitani
856 2301 1022 2388 episcopi,
1034 2305 1137 2386 etque
1152 2318 1249 2386 papae
1260 2296 1404 2365 Honorii
1421 2297 1635 2366 mentionem

470 2393 565 2476 facit,
587 2394 636 2462 ito
655 2400 732 2479 post
747 2394 864 2483 eliqua
883 2395 1097 2477 prosecutus

91 2590 288 2649 laudabilibus
303 2591 447 2664 syllabisa
458 2592 635 2664 dignatuses
649 2590 758 2664 signill-
773 2590 800 2652 B
813 2593 863 2665 qui
878 2593 1033 2664 prudenter
1046 2591 1145 2649 divina
1156 2590 1307 2663 perdocuit
1322 2594 1350 2647 et
1366 2589 1532 2661 praedicarit
1544 2586 1637 2646 Ecclc·

92 2694 227 2744 noservo
247 2686 296 2738 tuo
318 2687 432 2754 propter
453 2680 583 2737 abbatem
605 2680 755 2753 Pyrrhum.
812 2682 863 2738 siae
877 2681 1025 2740 catholice
1037 2682 1179 2755 dogmata,
1195 2695 1226 2738 se
1240 2680 1408 2736 inerrorem
1436 2677 1558 2735 movisse
1584 2676 1637 2735 hac

92 2786 164 2826 occu
180 2790 186 2826 :
204 2772 238 2826 Et
266 2770 395 2827 futurum
412 2768 537 2841 profecto
551 2775 636 2843 esset,
658 2773 690 2826 ut
705 2769 757 2825 bac
813 2770 936 2843 illaeque
949 2776 1111 2829 susurrant.
1127 2773 1163 2827 lit
1172 2775 1233 2841 post
1241 2769 1415 2842 pauxillum:
1429 2767 1552 2824 Divinus
1559 2765 1636 2823 enim

92 2871 171 2916 >ausa
186 2861 220 2916 ad
237 2860 466 2933 redargutionem
484 2860 602 2917 illiuset
615 2859 755 2930 omnium,
810 2861 999 2934 sophronius,
1025 2865 1058 2917 ut
1072 2861 1128 2932 ipsi
1153 2859 1309 2932 testamiui,
1339 2856 1574 2926 laudabilissimi,
1606 2856 1636 2913 ln

92 2948 148 3007 lum
158 2950 240 3006 illum
251 2950 368 3021 impiam
379 2950 705 3007 novitantemsectantur
715 2949 758 3005 in·
810 2949 944 3007 Afrorum
951 2951 1068 3023 regione
1083 2964 1192 3007 meeum
1207 2954 1236 3006 et
1250 2963 1315 3006 cum
1326 2948 1461 3006 omnibus
1477 2944 1637 3020 peregrinis

92 3054 105 3111 ·,
119 3039 155 3095 ad
171 3039 314 3095 divinitus
325 3039 517 3095 conservanda
526 3044 574 3095 tua
584 3044 612 3094 et
628 3036 758 3094 famosis·
812 3039 959 3096 monachis
973 3052 1068 3096 moras
1081 3038 1191 3112 agebat,
1201 3053 1266 3096 cum
1282 3038 1339 3109 ipsi
1358 3035 1559 3108 perversitates
1570 3034 1637 3092 illas

92 3126 136 3201 gia
152 3141 341 3198 properarem.
358 3130 507 3198 Quatenus
521 3128 630 3184 scirent
646 3140 753 3195 omnes,
811 3126 984 3185 fabricarent
995 3127 1132 3184 adversus
1147 3139 1253 3184 omnes.
1270 3128 1374 3198 Etpost
1381 3125 1489 3196 pusilla
1504 3143 1510 3179 :
1526 3127 1562 3181 Et
1575 3129 1637 3181 crat

92 3215 148 3272 lum
157 3230 206 3273 uos
215 3217 331 3287 pietatis
339 3222 562 3287 suntamatores,
574 3216 689 3273 illorum
699 3229 757 3272 una
810 3216 925 3288 quidem
949 3217 1052 3274 domus
1063 3216 1192 3273 omnium
1209 3229 1258 3286 per
1269 3215 1397 3273 diuinam
1410 3213 1592 3271 concordiam
1608 3218 1637 3270 et

102 3319 221 3377 prorsus
233 3306 359 3377 inscitia,
375 3306 757 3377 impietatisquoqucsuper·
812 3306 1029 3363 unanimitatem
1047 3307 1077 3361 in
1088 3319 1176 3362 unum
1191 3305 1241 3361 bei
1253 3303 1363 3361 favente
1374 3303 1468 3377 gratia
1483 3302 1514 3359 in
1524 3301 1637 3359 unirer·

92 3392 247 3450 ndantiam.
264 3396 315 3451 Sed
333 3395 419 3452 timui
433 3408 468 3451 ne
485 3400 600 3466 putarer
613 3399 693 3451 entra
706 3408 757 3451 sa-
811 3395 905 3466 sitate,
922 3408 985 3467 que
999 3394 1053 3452 sub
1065 3394 1125 3451 sole
1138 3393 1282 3464 consistit,
1298 3391 1415 3464 pacifica
1435 3394 1464 3447 et
1477 3390 1635 3462 tranquilla

92 3495 247 3556 namngere
270 3485 345 3554 jura,
377 3489 479 3555 prater
499 3485 674 3542 voluntatem
703 3484 756 3541 hoc
811 3484 866 3540 lide
881 3484 1004 3542 munitis
1018 3483 1163 3541 Ecclesiis.
1187 3483 1222 3539 lli
1242 3495 1319 3549 vero,
1342 3480 1393 3552 qui
1410 3479 1512 3536 horum
1528 3478 1636 3535 invide

95 3572 251 3628 notissime
266 3573 344 3629 sedis
372 3572 594 3644 apostolicorum
618 3573 755 3643 uirorum,
811 3573 880 3631 bant
894 3574 1098 3647 consonantiae,
1113 3572 1342 3630 acinchristum
1351 3566 1633 3638 Deumeonfessionl,

92 3672 158 3717 sam
168 3660 376 3731 plenitudinem
386 3662 534 3719 catholice
541 3660 675 3719 Ecclesia
687 3661 757 3717 bene
811 3663 900 3720 veluti
914 3662 1065 3734 quamdam
1079 3661 1267 3736 caliginosam
1282 3659 1396 3731 nubem
1418 3662 1447 3714 et
1467 3656 1634 3715 stridentem

92 3748 241 3807 tordinate
255 3750 411 3807 secundum
424 3751 552 3806 divinam
568 3751 656 3823 legem
672 3750 758 3807 dedu·
810 3751 854 3808 vel
867 3765 979 3824 gravem
995 3752 1113 3809 ductum
1130 3751 1218 3808 maris
1242 3763 1276 3807 ac
1297 3748 1493 3818 barbarorum,
1522 3744 1635 3802 nemine

92 3837 163 3895 ulam
180 3838 232 3894 hac
251 3839 350 3895 divina
365 3839 500 3896 videlicet
517 3840 577 3914 lege
595 3840 758 3897 consistunt
814 3840 865 3897 hos
880 3844 1018 3915 movente,
1034 3854 1118 3913 quam
1132 3840 1193 3897 solo
1203 3840 1330 3897 daemone
1342 3835 1519 3896 turbationis
1531 3833 1635 3905 amieo,

92 3927 274 4000 terrestria,
294 3933 322 3984 et
336 3933 448 3999 oportet
475 3928 511 3984 ab
526 3942 557 3986 ea
578 3942 756 4000 nequaquam
772 3922 797 3985 C
812 3929 862 4000 qui
879 3943 968 4002 genus
988 3930 1145 3987 humanum
1162 3929 1197 3986 ad
1213 3929 1389 3986 simultatem
1415 3923 1636 3996 concitatique

92 4017 163 4089 ,sed
186 4033 248 4088 que
270 4022 338 4073 sunt
362 4018 460 4074 divina
485 4019 644 4075 secundum
668 4020 756 4075 Deum
812 4022 894 4090 pente
921 4023 1020 4076 contra
1043 4034 1136 4077 ueram
1164 4019 1394 4077 Christianorum
1427 4017 1511 4074 fldem
1535 4026 1635 4073 novam

92 4122 104 4178 g
121 4107 172 4178 qui
187 4113 283 4163 sancte
298 4107 454 4163 secundum
471 4122 520 4164 vos
535 4108 629 4165 rivere
650 4121 758 4179 propo-
811 4109 1043 4182 excogitaverunt
1057 4110 1204 4167 ecthesim.
1220 4109 1328 4165 Deinde
1347 4107 1505 4166 sententias
1529 4117 1635 4179 prosa,

92 4202 223 4267 quatenus
238 4201 265 4252 et
277 4198 366 4252 Deum
382 4201 525 4269 gestorum
540 4197 663 4254 habeant
676 4210 758 4253 cura·
811 4201 839 4254 et
853 4198 1075 4269 compositiones
1087 4197 1220 4270 injustas.
1236 4197 1308 4254 bein
1322 4197 1452 4254 actiones
1472 4207 1636 4251 monumen-

92 4282 149 4340 slne
163 4298 298 4341 successu
315 4286 514 4356 receptionem.
530 4286 681 4358 Quoniam,
710 4285 756 4342 fa·
811 4294 905 4345 torum
937 4288 1045 4344 Deinde
1068 4287 1190 4360 synodos
1216 4286 1408 4357 latrocinales,
1430 4290 1459 4342 et
1478 4295 1636 4342 concursus

101 4372 226 4444 domine,
245 4375 322 4444 pejor
338 4374 385 4429 his
397 4379 449 4445 est,
462 4374 537 4446 quod
553 4378 582 4430 et
593 4378 674 4431 antea
690 4374 758 4435 inti.
811 4376 1008 4448 episcoporum
1022 4390 1077 4434 non
1091 4381 1155 4434 roto
1169 4376 1410 4448 convenientium,
1428 4374 1476 4431 sed
1497 4371 1636 4430 violentia

92 4472 129 4517 tm
153 4459 189 4515 ab
210 4461 341 4532 antiquis
367 4461 511 4518 hereticis
537 4475 608 4517 noua
636 4461 706 4519 fides
729 4468 757 4521 et
810 4470 1032 4539 contractorum,
1050 4480 1106 4523 non
1124 4465 1324 4523 exhortatione
1340 4463 1565 4536 properantium,
1586 4461 1633 4517 sed

98 4549 267 4606 llancenim
287 4550 386 4607 multis
401 4550 507 4622 quibus
522 4551 758 4622 perduraritau-
810 4552 924 4627 exfuga
943 4553 1128 4612 barbarorum
1154 4569 1269 4628 peregre
1288 4551 1540 4626 proficiscentium.
1563 4548 1636 4605 Dein

92 4643 205 4712 scopam
220 4638 253 4694 ad
271 4639 530 4697 manifestationem
544 4639 670 4712 reprobae
683 4650 758 4699 meu'-
807 4644 955 4714 jussiones
968 4648 998 4701 et
1012 4645 1105 4702 minas
1125 4646 1181 4703 huc
1206 4651 1292 4719 atque
1318 4644 1389 4702 illuc
1412 4641 1548 4700 adversus
1572 4640 1637 4714 plos

92 4741 153 4785 nam
176 4730 252 4785 Deus
267 4729 342 4785 etad
373 4731 511 4801 nequitiae
533 4731 756 4802 propalationem
811 4733 1004 4790 transmissas.
1025 4736 1175 4792 Nemeum
1197 4736 1248 4808 qui
1264 4739 1333 4792 tunc
1353 4731 1520 4806 imperabat,
1541 4730 1638 4804 sophi·

92 4816 111 4872 lt
136 4814 342 4888 longanimiter
375 4819 538 4875 sustinere:
555 4833 611 4875 non
632 4824 664 4876 ut
683 4820 756 4877 hanc
811 4824 883 4879 stioe
902 4822 1072 4881 muneribus
1093 4825 1123 4880 in
1145 4824 1311 4882 servitutem
1333 4823 1503 4896 redigentes.
1524 4822 1560 4877 lit
1573 4825 1637 4894 post

92 4918 163 4978 aper
174 4906 307 4963 inducias
316 4907 424 4976 reddat,
439 4909 487 4964 sed
510 4913 542 4964 ut
553 4909 625 4965 hanc
639 4910 758 4980 amplio·
768 4900 796 4961 D
807 4928 921 4984 pauca:
938 4914 978 4971 Eu
993 4914 1112 4986 proprio
1122 4915 1237 4972 nomine
1249 4915 1311 4971 viro
1327 4911 1465 4971 ecthesim
1480 4910 1636 4984 producere

92 5007 111 5050 u
131 4994 242 5066 justius
270 4996 381 5069 puniat)
403 4997 535 5053 decessor
554 4998 666 5076 quidem
693 5001 755 5071 ejus
812 5007 1025 5072 persuaserunt.
1045 5004 1131 5059 Paulo
1141 5007 1222 5074 post:
1235 5004 1281 5060 fit
1298 5008 1393 5060 autem
1414 5001 1516 5060 horum
1540 4998 1637 5057 inimi-

92 5082 317 5154 teroaluitriste
327 5099 393 5142 vero
404 5087 592 5159 magisimpie
602 5089 711 5160 genuit.
722 5090 757 5147 Et
810 5104 862 5147 cus
873 5092 980 5163 pariter
993 5097 1021 5150 et
1034 5091 1176 5166 defensor,
1195 5105 1232 5149 an
1252 5092 1350 5167 potius
1368 5092 1551 5150 asserendum
1577 5090 1639 5148 fau·

92 5171 221 5229 steriores
236 5173 337 5229 borum
359 5175 390 5231 in
409 5179 602 5246 contemptum
623 5178 757 5236 excolunt
811 5184 856 5237 ton
866 5184 894 5237 et
908 5186 1059 5240 accusator
1072 5182 1174 5241 horum
1200 5183 1354 5256 publicans
1369 5190 1570 5259 argumentum
1586 5200 1593 5238 :
1608 5188 1637 5241 et

92 5275 106 5315 ι.
122 5261 158 5315 ut
170 5262 330 5332 paulopost
343 5281 349 5316 :
370 5265 404 5319 Et
432 5264 506 5336 quod
522 5266 616 5322 adhuc
630 5268 756 5326 deterior
812 5268 993 5329 innotescens
1006 5271 1080 5345 quod
1093 5273 1154 5345 ipse
1167 5287 1346 5345 nequaquam
1362 5289 1397 5332 ex
1411 5288 1442 5333 se
1465 5272 1554 5333 fuerit
1581 5285 1639 5330 mo·

92 5362 133 5420 os,
144 5354 173 5405 et
184 5349 273 5406 veluti
284 5352 406 5422 speciale
416 5355 544 5410 omnium
558 5368 755 5424 perversorum
811 5360 868 5431 tus,
882 5360 930 5416 sed
942 5359 978 5418 ab
993 5360 1055 5419 lllls
1077 5368 1202 5420 coactns.
1221 5363 1423 5437 impiissimam
1431 5361 1531 5420 fecerit
1544 5362 1636 5419 ecthe

92 5451 134 5495 rm
145 5437 298 5513 indicium,
309 5442 377 5511 quia
387 5448 415 5497 et
429 5444 756 5517 suaeipsiuslmpietatis
811 5446 866 5502 sim
880 5448 910 5505 ln
923 5450 1041 5524 scriptis
1053 5466 1104 5524 pro
1120 5465 1151 5509 se
1166 5453 1229 5524 ipso
1244 5453 1304 5510 baec
1325 5453 1434 5519 dicens,
1455 5456 1483 5509 et
1495 5451 1633 5508 rationem

92 5527 264 5672 ᾱωιιξὶὺιῖῗιι
279 5529 422 5631 innoxios,
431 5533 623 5603 sophronium
638 5537 755 5611 quippe,
811 5536 1047 5598 reddeusloanni
1062 5547 1168 5600 sancta
1180 5541 1479 5612 memorisquoudam
1492 5551 1570 5610 pape
1593 5551 1636 5595 se·

92 5639 143 5684 ιαις
174 5630 235 5673 roa
260 5634 324 5674 aits.
