3876 6090
63 110 114 172 665
450 108 703 166 contrectarint.
716 141 753 153 -
770 109 950 170 balsaisa
968 114 1197 173 hrocntsman
1215 117 1385 174 EPISTOLA.

64 236 224 247 -.--.

160 347 423 436 PROLOGUS
471 347 846 436 suntlcnrilnln
892 340 1165 442 sationali
1218 356 1640 444 instinctionem

823 528 1005 543 ——-

94 647 271 703 Testimonia
286 659 366 702 sacra
383 652 412 702 et
430 645 573 701 divinitus
594 646 733 716 inspirata
757 662 807 717 per
825 662 888 718 qnae
901 652 929 712 Α
942 650 1161 720 quaternitatem
1184 651 1300 721 quidem
1323 664 1507 720 personarum
1529 650 1697 706 Trinitatem
1721 665 1765 707 as·

64 733 371 804 liquidiusdiscimns,
384 734 457 789 duas
470 747 519 803 per
532 733 692 789 unitionem
707 734 886 790 inconfusam
943 743 1079 810 cruentes,
1102 739 1196 808 ipsum
1215 752 1280 794 vero
1302 752 1388 794 unum
1408 739 1545 809 ejusdem,
1566 738 1765 795 1111111111-

63 827 88 878 ct
99 823 258 879 indivisam
273 823 350 880 sicut
365 829 493 894 naturas,
510 823 551 878 ita
564 823 650 877 etiam
663 829 692 878 et
705 824 777 879 duas
790 824 887 880 volun
942 838 1009 879 num
1031 831 1158 881 nostrum
1177 827 1272 882 lesum
1291 825 1437 881 Christum
1452 840 1549 882 rerum
1566 828 1664 897 Deum,
1679 829 1762 896 insta

63 916 143 982 tates,
169 923 203 967 ac
226 912 300 968 duas
323 912 513 982 operationes,
539 916 620 980 aptas
643 916 671 966 et
698 918 887 982 congruentes
941 912 1016 982 quod
1038 913 1194 969 secundum
1214 926 1265 969 nos
1284 912 1377 970 factus
1395 919 1439 969 est
1460 913 1553 984 bomo,
1578 913 1761 970 inanimalem

61 998 185 1070 naturis,
201 999 229 1054 id
245 1006 288 1055 est
301 1000 428 1056 divinam
442 1004 471 1054 et
485 1000 648 1070 humanam,
662 1013 716 1055 non
733 1000 885 1070 inemptam
940 999 1027 1056 simul
1042 1007 1071 1056 et
1086 1001 1280 1057 irrationalem
1297 1008 1382 1072 atque
1399 1001 1461 1056 sine
1477 1002 1623 1058 intellectu
1638 1001 1763 1057 subscri-

61 1086 265 1158 etincoeptam,
281 1094 312 1143 ut
324 1088 374 1142 liei
389 1088 477 1144 simul
490 1092 518 1144 ct
531 1087 657 1143 hominis
670 1088 758 1144 nnius
772 1094 799 1144 et
812 1090 887 1158 eius
939 1087 1048 1157 bentes,
1074 1094 1102 1144 et
1128 1090 1329 1159 conjecturam,
1352 1095 1381 1145 et
1403 1090 1592 1160 phantasiam,
1619 1088 1762 1146 confusio·

61 1174 120 1229 dem
141 1175 258 1230 Domini
274 1177 365 1231 nostri
383 1177 448 1232 lesu
469 1175 589 1243 Christi,
611 1176 696 1231 corde
713 1176 828 1231 credere
848 1177 884 1233 ad
940 1190 1060 1246 nemque
1076 1190 1108 1231 11
1125 1176 1295 1232 divisionem
1317 1178 1468 1249 utriusque
1484 1185 1591 1233 naturae
1608 1177 1700 1244 ipsius
1721 1177 1762 1232 in·

59 1262 215 1334 justitiam,
226 1277 275 1318 ore
285 1258 414 1320 confiteri
426 1266 460 1320 ad
472 1265 602 1320 salntem.
617 1266 677 1319 Non
688 1270 793 1334 antem,
808 1266 886 1322 sicut
939 1264 1129 1319 trodncentes.
1152 1264 1184 1318 lli
1203 1279 1278 1335 vero,
1301 1266 1351 1334 qui
1368 1279 1418 1320 nec
1437 1265 1611 1321 voluntatem
1627 1269 1678 1320 ant
1698 1278 1761 1334 ope

62 1350 154 1422 nothi,
173 1351 224 1421 qui
247 1353 349 1408 nothas
368 1366 444 1408 nnnc
463 1352 605 1408 Ecclesias
625 1348 758 1408 docentes
777 1361 805 1409 et
825 1369 885 1424 per·
940 1352 1079 1407 rationem
1095 1353 1125 1407 in
1140 1367 1172 1407 eo
1188 1353 1317 1409 conflteri
1334 1354 1433 1408 volunt
1452 1352 1663 1409 inessentialem
1678 1358 1705 1408 et
1721 1353 1762 1407 in·

62 1438 220 1507 turbantes,
236 1454 321 1495 unam
336 1447 365 1496 11
392 1454 444 1496 nec
460 1454 557 1511 unam,
574 1454 625 1496 nec
640 1442 712 1496 duas
736 1443 882 1498 etiterum
939 1441 1147 1496 existentialem
1162 1441 1319 1497 secundnm
1333 1447 1483 1511 utramque
1496 1445 1626 1496 naturam
1642 1442 1705 1510 ejus
1716 1440 1762 1495 de

61 1539 157 1596 unam,
183 1532 212 1582 et
230 1527 303 1584 duas
324 1528 486 1584 voluntates
506 1543 538 1584 ac
556 1529 629 1584 duas
652 1530 832 1599 operationes
854 1531 883 1586 in
940 1529 1091 1597 nuntiant,
1106 1529 1202 1598 etjam
1217 1531 1306 1586 dictis
1321 1530 1464 1586 haereticis
1478 1530 1569 1600 magis
1584 1530 1689 1598 impios
1703 1529 1759 1598 ipsi

60 1615 155 1670 codem
174 1616 379 1688 dogmatizant.
398 1619 454 1673 lloc
471 1618 548 1672 enim
565 1632 651 1688 snper
664 1617 884 1674 instabilitatem
939 1617 1049 1686 seipsos
1063 1632 1124 1673 esse
1139 1633 1188 1688 per
1203 1619 1319 1688 propria
1331 1619 1463 1689 dogmata
1478 1623 1646 1673 monstrant.
1663 1619 1759 1679 Porro,

60 1708 83 1757 et
99 1701 313 1760 absurditatem
331 1717 432 1761 sensas
449 1718 546 1760 eornm
564 1706 613 1776 qui
636 1705 800 1775 hujusmodi
818 1706 885 1778 dog·
940 1706 968 1760 hi
990 1707 1040 1776 qui
1063 1720 1147 1761 unam
1169 1713 1197 1762 et
1215 1707 1288 1762 duas
1309 1706 1467 1762 1111111111
1485 1712 1514 1762 11
1532 1707 1711 1776 operationes
1730 1704 1759 1760 in

61 1796 130 1846 nata
147 1797 306 1863 exponunt,
328 1792 450 1862 impium
465 1794 583 1849 omnino
600 1799 629 1849 et
642 1794 768 1850 alienum
788 1795 885 1851 imma·
940 1794 1087 1850 incarnata
1101 1796 1164 1863 eins
1178 1794 1393 1864 dispensatione
1413 1807 1499 1863 supra
1514 1807 1613 1850 novam
1633 1792 1759 1848 fabulam

59 1878 159 1935 cuiatae
181 1879 248 1935 fidei
272 1887 376 1936 nostrae
396 1881 626 1938 Christianorum
655 1883 800 1939 consistit.
829 1885 885 1939 Eos
938 1887 966 1937 et
976 1882 1141 1950 figmentum
1153 1883 1471 1953 huiusmodidogmatis
1483 1881 1686 1952 dogmatizant,
1702 1893 1758 1936 nou

60 1967 132 2022 enim
160 1967 215 2037 qui
240 1981 325 2023 unam
353 1968 526 2024 voluntatem
550 1972 578 2024 et
606 1971 814 2038 operationem,
841 1971 884 2026 vel
901 1935 923 1994 B
940 1970 1031 2026 solum
1045 1971 1211 2027 orthodoxae
1224 1984 1257 2026 ac
1270 1971 1395 2025 Paterae
1408 1969 1582 2026 confessioni
1597 1967 1758 2023 hereticam

60 2055 143 2110 etiam
164 2060 298 2111 naturam
319 2070 404 2112 unam
423 2057 541 2112 deitatis
562 2061 591 2112 et
612 2057 801 2115 humanitatis
822 2060 885 2128 ejus
939 2059 1212 2128 opinionem,veluti
1224 2072 1327 2130 aquam
1337 2059 1413 2127 rino,
1430 2058 1585 2114 secundum
1597 2057 1670 2114 illud
1682 2056 1758 2130 qnod

60 2142 264 2216 dogmatizant,
279 2143 378 2215 inclyti
395 2145 577 2201 institutores
590 2147 680 2201 nostri
695 2152 723 2202 et
736 2152 885 2216 praeeepto-
938 2147 1057 2216 dicitur,
1076 2148 1236 2217 miscentes,
1256 2148 1343 2202 simul
1360 2147 1514 2216 praedicare
1530 2147 1645 2203 volunt:
1663 2146 1711 2202 sed
1730 2151 1759 2202 et

60 2245 97 2288 111
123 2231 272 2301 repellunt
293 2238 320 2288 et
345 2233 532 2289 detestantur.
557 2235 758 2291 llaereticornm
779 2237 885 2307 quippe
940 2239 997 2290 tres
1013 2234 1183 2304 voluntates,
1204 2242 1232 2290 et
1251 2243 1308 2291 tres
1325 2236 1513 2305 operationes,
1532 2235 1650 2291 totidem
1665 2249 1699 2290 ex
1714 2248 1760 2291 ne

58 2325 95 2374 cst
107 2319 314 2390 hujuscemodi
329 2320 441 2392 dogma,
457 2323 506 2391 qni
522 2323 745 2399 inconfusione,
759 2332 787 2379 et
800 2327 886 2395 phan.
939 2324 1071 2378 cessitate
1089 2324 1174 2379 etiam
1195 2330 1321 2393 naturas,
1344 2324 1371 2379 id
1391 2329 1434 2378 est
1452 2324 1591 2379 essentias
1611 2322 1759 2379 habentem

57 2407 139 2477 tasia,
160 2415 192 2464 ct
210 2407 353 2464 divisione
372 2408 514 2465 oberrant.
537 2412 609 2482 Ergo
629 2417 657 2466 et
677 2412 718 2483 hi,
737 2414 787 2481 qui
808 2427 885 2469 nunc
939 2425 1002 2467 eum
1025 2412 1175 2480 inducant,
1195 2425 1259 2468 cnm
1281 2425 1331 2467 nec
1351 2417 1480 2467 naturam
1500 2425 1561 2466 csse
1581 2411 1644 2465 sine
1665 2423 1761 2479 opera·

54 2509 142 2551 unam
165 2500 278 2551 tanturn
302 2497 424 2552 duarum
447 2498 619 2553 voluntatem
639 2504 668 2554 et
691 2501 884 2568 operationem
940 2499 1028 2568 tione,
1041 2513 1092 2556 nec
1108 2515 1208 2556 rursus
1223 2501 1415 2570 operationem
1429 2500 1492 2555 sine
1508 2503 1609 2554 natura
1622 2497 1761 2568 possibile

49 2583 261 2656 dogmatizant,
286 2597 380 2640 nonne
403 2600 467 2641 cum
495 2586 556 2642 illis
579 2594 607 2642 et
633 2589 789 2645 secundnm
818 2590 885 2645 illos
939 2589 987 2644 sit.
1009 2589 1134 2645 Habeant
1148 2591 1224 2644 enim
1242 2604 1272 2645 se
1294 2590 1428 2659 praedicta
1449 2588 1612 2645 testimonia
1628 2587 1760 2659 quemad-

47 2658 548 2745 1111111111111111111111111111,
577 2675 663 2730 acin
693 2676 884 2734 carnefaetar
941 2678 1054 2734 modum
1071 2677 1260 2734 subinfertur.
1352 2672 1356 2678 '

41 2759 284 2829 dispensationis
297 2759 469 2816 subvertunt
482 2766 511 2817 11
521 2760 681 2819 diffitentur
694 2765 884 2834 mysterium?

895 3052 920 3113 C
934 3050 1109 3117 SANCPI
1121 3056 1160 3115 H
1160 3055 1379 3117 fPPOLYPI
1388 3053 1537 3134 episcopi
1551 3055 1680 3115 Portus
1695 3054 1760 3116 111

972 3151 1068 3211 anani
1080 3154 1112 3212 11
1124 3152 1292 3228 martyris
1303 3151 1475 3227 veritatis,
1487 3166 1687 3212 1111111111
1698 3148 1759 3230 qni

973 3251 1023 3308 111
1029 3264 1092 3327 per
1102 3247 1540 3327 efemeninmdcf'fteoloqc'c
1549 3250 1581 3307 11
1591 3247 1759 3308 incarne

973 3344 1064 3405 11111
1083 3348 1201 3407 contro
1221 3346 1382 3406 Beroncrn
1398 3346 1430 3406 11
1444 3342 1640 3404 Heliconem
1657 3341 1758 3403 1111-

974 3441 1067 3518 11111,
1084 3441 1185 3520 cnjns
1209 3441 1352 3504 1111111111
1366 3444 1427 3519 111,
1445 3439 1547 3519 Ἄγιος,
1565 3437 1648 3516 ἅγιος,
1672 3435 1756 3516 iper,

974 3537 1070 3622 Κύριος
1085 3536 1198 3616 cadmi,
1215 3538 1401 3601 incessanti
1416 3554 1491 3600 1111
1510 3535 1695 3599 clementes
1707 3550 1758 3597 11-

251 3058 326 3118 ΤΟΥ
345 3059 457 3120 arlon
476 3061 696 3122 ΙΠΠΟΛΠΟΥ

88 3140 250 3203 ’tumim
285 3141 401 3226 Πόρτου,
430 3146 510 3221 ἤγουν
540 3154 588 3207 τοῦ
620 3146 722 3225 λιμένος
747 3148 857 3228 Ρόνμης,

120 3232 165 3290 καὶ
178 3231 307 3313 μάρτυρος
327 3238 373 3305 τῆς
387 3234 518 3305 ἀληθείας,
537 3238 567 3294 ἐκ
583 3243 631 3295 τοῦ
652 3235 718 3295 κατὰ
739 3239 858 3320 Βήρωνος

120 3318 165 3379 καλ
184 3320 282 3386 Ηλικος
303 3333 314 3359 ·
335 3325 387 3380 τῶν
407 3326 549 3402 αἱρετικῶν,
572 3325 631 3402 περὶ
656 3326 788 3401 θεολαγίας
815 3322 860 3386 κοιλ

122 3403 275 3485 σαρκῶσεως
298 3405 365 3467 κατὰ
388 3413 514 3488 στοιχεῖον
536 3407 637 3488 λόγου,
665 3403 696 3470 οὗ
720 3417 738 3483 ἡ
766 3413 856 3493 ἀρχὴ,

123 3488 225 3571 Ἄγιος,
251 3494 335 3572 όγιος,
363 3495 435 3574 όγιος
463 3495 558 3578 Κόριος
585 3495 714 3568 lethardi,
740 3503 858 3583 ἀσιγιζσιρ

121 3583 187 3660 φανῇ
201 3583 303 3660 βῶκα
311 3581 345 3642 '³‘
358 3584 522 3667 σιραφὶμτὸν
532 3583 601 3644 Θεὸν
614 3584 756 3654 iolitanae·
973 3636 1112 3717 raphim
1129 3637 1237 3698 neon
1256 3634 1467 3716 qloafficcnf.
1486 3657 1491 3675 ¹

456 3714 483 3775 ἄ·
1332 3756 1356 3813 r.

118 3843 319 3926 Απειροδυνόρῳ
341 3843 391 3927 γὰρ
417 3846 519 3918 θτλήσει
540 3854 588 3907 τοῦ
610 3849 682 3908 Θεοῦ
704 3850 747 3908 καὶ
767 3848 857 3928 γέγονε

64 3929 170 4007 πάντα,
193 3932 239 3990 καὶ
260 3930 369 4001 σώζεται
390 3930 423 3991 τόν
441 3931 576 4010 γενόμενα,
601 3933 668 3993 κατὰ
682 3934 741 4001 τοὺς
759 3940 858 3996 ἑαυτῶν

71 4020 199 4099 mirapeis<
212 4016 308 4079 ἵκαστα
322 4019 513 4100 συντηρούμενα
529 4019 634 4097 λόγους,
653 4025 723 4102 αὐτῷ
740 4027 778 4104 τῷ
792 4023 859 4082 κατὰ

67 4109 150 4184 *piem
163 4107 361 4189 ἀπειροδυνάμῳ
373 4109 453 4189 Θεῷ,
468 4108 515 4166 καὶ
531 4112 626 4187 ποιητῇ
644 4113 696 4167 1ῶν
709 4107 778 4168 ὅλων
791 4128 798 4144 ·
811 4116 858 4182 τῆς

70 4191 143 4260 θείας
162 4197 241 4253 merob
259 4195 397 4266 θελήσεως,
419 4194 437 4266 ἥ
460 4193 493 4253 τὰ
516 4194 602 4254 πάντα
624 4195 750 4267 πεποίηκέ
766 4220 796 4256 τε
814 4198 859 4257 καλ

69 4285 147 4352 ml,
161 4285 216 4348 τοῖς
231 4285 326 4340 ἑαιτῶν
340 4282 440 4342 ἕκαστα
450 4289 565 4361 φυσικοῖς
578 4281 745 4361 διεξαγόμενα
756 4282 853 4362 νόμοις,

67 4366 195 4439 ἀκινήτου
207 4370 435 4445 ουνδιαμενούσης·
452 4370 492 4430 Τὸ
504 4369 553 4450 γὰρ
574 4371 679 4452 ἄπειρον
691 4373 751 4431 κατ’
766 4373 856 4433 ὠδένα

64 4453 179 4533 τρόπον,
195 4453 213 4527 ἣ
232 4454 321 4533 λόγον1
344 4456 489 4536 ἐπιδέχεται
511 4460 620 4530 κίνησιν,
644 4463 692 4518 οὐκ
705 4459 769 4539 ἔχον
782 4459 854 4534 ὅποι,

68 4541 117 4599 sei
137 4541 197 4620 πυρὶ
218 4542 233 4601 8
258 4543 431 4615 κινηθήσοτυιι.
454 4543 546 4624 Τροπὴ
567 4543 617 4626 γὰρ
636 4551 684 4605 τοῦ
697 4544 765 4605 κατὰ
782 4545 857 4628 φύσιν

70 4627 190 4708 ἀπείρου,
211 4634 332 4689 κινεῖσθαι
355 4627 393 4706 μὴ
415 4629 570 4712 πεφυκότος,
587 4637 605 4703 ἡ
620 4631 728 4704 κίνησις.
749 4633 796 4691 Διὸ
811 4631 856 4691 καλ

74 4716 128 4774 καθ’
139 4721 209 4794 ἡμᾶς
223 4718 323 4787 ἀληθῶς
336 4715 471 4795 γενόμενος
484 4718 613 4798 ἄνθρωπος
628 4719 710 4799 χωρὶς
731 4720 857 4799 ἁμαρτίας

74 4805 89 4860 ό
110 4809 155 4862 τοῦ
175 4805 248 4863 Θεοῦ
268 4801 358 4882 λόγος,
384 4805 520 4886 ἐνεργήσας
537 4828 567 4865 τε
585 4807 628 4865 καὶ
647 4803 735 4864 παθὼν
756 4809 856 4887 anpe-

71 4886 149 4956 πίνως
168 4889 218 4949 dett
235 4895 282 4962 τῆς
293 4889 394 4973 φόσιώς
409 4895 477 4952 ἐστιν
492 4893 673 4972 ἀναρόρτιγτα,
688 4895 734 4953 καὶ
747 4899 855 4973 φυσικῆς

74 4977 165 5056 σαρκὸς
178 4986 337 5060 περιγραφῆς
350 4980 524 5060 ἀνασχόμενος
535 4983 566 5040 δι’
583 4988 666 5059 ἡμᾶς,
686 4981 785 5061 τροπὴν
805 4986 856 5062 οὐχ

72 5063 214 5144 ceipene,
230 5070 291 5146 μηδ’
306 5069 342 5129 oi
354 5072 487 5136 παντελῶς
501 5070 528 5135 ὃς
538 5068 631 5130 ταύτόν
641 5073 697 5131 ἐστι
704 5075 743 5152 τῷ
755 5071 833 5151 πατρὶ
846 5124 854 5153 ‚

94 5210 108 5239 ⁸
119 5189 269 5257 illisiones
278 5201 307 5255 in
316 5201 468 5271 Nicephori
480 5216 530 5258 ms.
543 5202 621 5275 regio
630 5207 658 5259 et
667 5205 696 5260 in
704 5204 876 5263 Colbertino.

95 5267 220 5326 bllutila
238 5271 279 5326 ibi
301 5271 446 5327 anastasii
468 5274 562 5329 111111
579 5278 629 5329 est.
651 5277 689 5331 lta
714 5278 878 5334 vertendum

45 5336 185 5396 videtur:
211 5343 293 5397 Nulla
315 5358 344 5395 re
363 5346 471 5397 omnino
496 5345 623 5408 Verbum,
648 5346 722 5415 qnod
745 5348 816 5401 idem
840 5354 879 5402 est

971 3852 1116 3904 immense
1130 3848 1236 3917 quippe
1248 3847 1366 3902 virtutis
1380 3846 1525 3902 voluntate
1538 3845 1587 3900 liei
1603 3843 1756 3901 factasunt

935 3936 1041 4006 omnia,
1057 3940 1085 3990 et
1097 3934 1244 3990 salvantur
1259 3933 1409 4004 quaefacta
1424 3938 1502 4002 sunt,
1516 3934 1672 3989 secundum
1689 3945 1757 3987 suas

935 4026 1063 4095 ipsorum
1083 4028 1241 4092 opportune
1255 4022 1369 4093 singula
1388 4027 1552 4078 conservata
1572 4022 1707 4089 rationes,
1728 4020 1755 4075 ei

935 4113 985 4184 qni
996 4110 1203 4168 ostsecundnm
1216 4114 1346 4166 naturam
1361 4110 1504 4165 immensae
1516 4109 1633 4164 virtutis
1645 4110 1719 4164 fiens
1728 4114 1755 4162 et

934 4201 1024 4257 factor
1048 4202 1257 4268 universorum,
1280 4198 1379 4252 divina
1397 4197 1552 4266 voluntate,
1580 4195 1755 4266 quaomnia

934 4288 1003 4345 fecit
1014 4303 1047 4344 ac
1058 4292 1149 4343 movet
1161 4288 1224 4343 suis
1235 4299 1413 4357 unaqueque
1426 4285 1606 4341 naturalibus
1618 4284 1754 4353 producta

894 4361 920 4421 D
936 4378 1057 4448 legibus,
1076 4374 1218 4431 immobili
1235 4380 1423 4444 permanente.
1444 4371 1523 4440 Quod
1544 4372 1620 4428 enim
1638 4371 1753 4425 immen-

935 4479 997 4522 sum
1013 4470 1055 4520 est
1071 4463 1149 4519 nulla
1164 4463 1332 4519 1111111111
1349 4462 1430 4519 modo
1445 4461 1549 4531 recipit
1564 4465 1681 4530 motum,
1697 4471 1754 4514 non

934 4554 1041 4610 babens
1064 4565 1120 4622 quo
1143 4556 1172 4607 et
1193 4552 1270 4607 circa
1297 4552 1371 4622 quod
1395 4557 1548 4607 moveatur.
1574 4548 1755 4606 vertibilitas

933 4642 1009 4700 enim
1024 4642 1087 4711 ejus
1102 4640 1208 4711 quiesi
1224 4641 1355 4710 inexpers
1368 4640 1504 4696 motionis
1517 4644 1611 4696 motus
1624 4644 1677 4695 est.
1691 4640 1756 4696 111

934 4735 996 4801 pter
1015 4729 1101 4800 qnod,
1125 4729 1281 4785 secundnm
1305 4742 1357 4784 nos
1380 4729 1519 4784 veraciter
1539 4728 1643 4785 factum
1671 4728 1754 4783 homo

933 4820 1040 4890 absque
1056 4824 1169 4889 peccato
1179 4818 1229 4873 liei
1240 4816 1372 4882 Verbum,
1384 4823 1588 4888 operatumque
1597 4831 1630 4873 11
1644 4818 1755 4887 patiens

936 4908 1104 4965 humanitus
1119 4920 1295 4977 qnaecnnque
1310 4910 1418 4963 naturae
1432 4912 1500 4962 sunt
1513 4907 1575 4962 sine
1588 4912 1711 4977 peccato,
1727 4914 1754 4964 et

936 4996 1078 5052 naturalis
1089 4996 1185 5052 carnis
1196 4995 1492 5065 circumscriptionem
1507 5001 1620 5065 propter
1633 5009 1755 5051 rossus

935 5085 1045 5141 stinens
1056 5083 1082 5155 b,
1095 5084 1203 5141 nullam
1216 5084 1333 5140 omnino
1349 5089 1464 5154 propter
1476 5083 1703 5140 exinanitionem
1715 5082 1756 5137 vi-

934 5225 994 5263 cum
1011 5210 1102 5335 Ιέυ111,
1117 5212 1221 5276 facturn
1239 5213 1279 5264 cst
1292 5212 1364 5265 idem
1382 5226 1442 5264 cum
1460 5226 1541 5264 come
1553 5211 1664 5279 propter
1679 5209 1755 5261 uniu-

933 5295 1002 5334 ncm.
1038 5294 1097 5335 1111.
