3876 6090
185 255 254 315 lllb
344 208 348 218 ἱ
636 243 938 304 arrasunbsrdc.
955 236 1427 299 tx.-ltlc'l01tssnrlorilttt.
1474 258 1481 269 ·
1831 230 1883 290 ltlt

185 377 340 433 multarum
369 373 565 431 calamitatum
599 368 783 442 cognoscitur
802 363 1009 422 afflictionibus
1022 360 1050 420 A
1063 373 1188 433 numque
1205 360 1362 426 christum,
1385 364 1544 417 manentem
1565 359 1596 415 in
1617 356 1786 415 divinitate
1803 363 1884 412 suaet

183 466 322 522 sauciari.
343 463 429 519 Novit
443 462 520 517 enim
537 458 674 515 beneficio
689 455 803 511 Domini
821 452 1008 522 triumphare,
1064 463 1148 505 carne
1172 450 1364 506 humanitatis
1389 455 1551 520 assumptae,
1566 448 1647 504 salva
1662 445 1885 516 uniuscujusque

183 551 597 621 desaiscladibusingrarata3
608 543 858 616 persecutionibus
866 540 1009 612 siquidem
1066 539 1238 608 proprietate
1254 543 1373 607 naturae,
1391 551 1476 594 unam
1492 537 1642 594 confiteris
1656 549 1725 591 esse
1739 547 1885 606 personas,

185 643 308 713 proicit,
336 638 543 696 afflictionibus
570 649 681 705 semper
703 632 843 703 augescit,
872 629 1011 700 sanguine
1066 626 1158 682 Veteri
1173 627 1362 696 Testamenta,
1380 627 1415 682 de
1438 639 1508 683 noro
1528 626 1612 681 fidem
1642 622 1773 693 faciens,
1794 623 1886 679 Nora!

187 735 341 800 martyrum
358 728 480 800 rigatur,
492 723 614 781 tristitia
626 722 718 792 magis
728 720 863 790 erigitur,
877 717 1011 788 angustia
1064 727 1081 769 a
1095 715 1189 769 veteri
1204 719 1334 770 exortum
1347 728 1409 770 esse
1419 727 1600 785 cognoscens.

184 817 334 888 dilatatur,
346 815 461 872 fetibus
473 813 610 884 pascitur,
621 809 744 880 jeiuniis
753 807 891 874 reicitur,
905 812 934 860 et
945 804 1011 859 inde
1101 802 1145 863 ist.
1155 805 1186 856 ut
1194 799 1428 858 brevitercuncta
1435 801 1618 873 complectar,
1630 798 1886 869 neseisloqni,rtisi

186 907 283 976 potius
298 905 411 974 crescit,
430 903 504 959 unde
523 899 648 956 mundus
662 897 769 954 deficit.
795 895 869 964 Quid
887 891 1010 948 enimin
1066 903 1129 959 quae
1141 890 1256 958 expedit
1271 891 1361 946 credi.
1382 892 1450 946 Nara
1466 892 1599 961 quamvis
1620 890 1757 947 dirersis
1778 885 1886 944 bical-

187 994 239 1051 illo
255 993 330 1049 libro
344 1005 399 1048 non
414 989 552 1058 invenies,
565 987 641 1043 unde
653 999 682 1041 se
695 985 852 1041 numanum
862 995 952 1054 genus
965 978 1011 1034 de·
1065 977 1155 1033 elaris
1169 978 1320 1048 angustiis·
1328 984 1356 1034 ει
1377 978 1472 1035 dolosi
1490 978 1583 1034 bostis
1598 977 1817 1034 contrarietate
1830 990 1885 1046 qus

187 1072 769 1136 beatsuaviterconsolariiThesaurusia
785 1075 897 1140 pectore
907 1066 1012 1122 mundo
1066 1065 1161 1135 tiaris,
1178 1070 1271 1121 umen
1282 1066 1317 1122 de
1332 1067 1423 1122 totius
1434 1068 1534 1123 mnndi
1545 1067 1660 1123 circulo
1675 1069 1885 1136 congregatam

185 1182 297 1238 semper
319 1178 495 1235 excrescens,
525 1161 685 1218 consolatio
709 1171 810 1230 magna
840 1154 1011 1227 lugentium,
1067 1153 1230 1223 splendens,
1256 1154 1424 1210 immodum
1455 1155 1659 1225 pulcherrimae
1688 1152 1883 1224 pyramidisal

187 1271 252 1328 spes
263 1257 344 1312 beata
351 1256 506 1325 justorum,
520 1245 830 1322 periclitantiumutile
840 1243 1011 1315 suffugium
1067 1249 1171 1298 :eterna
1194 1256 1280 1314 regna
1300 1244 1476 1313 perduceris.
1499 1245 1567 1313 Qaae
1590 1244 1663 1300 buic
1686 1241 1830 1298 schemati
1846 1254 1883 1297 nor

189 1346 263 1402 unde
286 1357 406 1414 semper,
424 1342 499 1412 quod
522 1340 648 1410 expedit,
667 1337 791 1404 tollitur,
812 1334 931 1404 ejusque
950 1329 1013 1386 fons
1070 1332 1212 1388 immerito
1222 1333 1399 1402 compararis
1410 1335 1548 1402 qnoniam
1561 1331 1764 1388 deuniversis
1775 1329 1884 1400 gentibus

189 1432 328 1490 indefecta
344 1431 521 1502 perennitate
535 1432 674 1484 servatur.
1068 1419 1346 1475 ‹extollensverticem
1357 1421 1526 1490 pretiosum,
1535 1417 1883 1490 justorumanimasqmd

223 1524 325 1579 Beatus
337 1533 451 1591 quoque
464 1516 651 1586 Athanasius,
667 1511 868 1569 Alexandrinae
886 1506 1015 1564 civitatis
1070 1509 1165 1564 lumen
1175 1507 1314 1564 eximium
1332 1508 1368 1564 ad
1381 1521 1505 1577 superna
1517 1520 1607 1580 regna
1623 1504 1822 1563 transmittis.
1833 1506 1884 1561 llttt

186 1611 349 1682 episcopus.
365 1610 395 1664 in
412 1607 487 1663 libro
500 1619 583 1676 quern
600 1602 766 1659 Marcellino
779 1596 1014 1657 suocbarissimo
1069 1596 1221 1653 frumentis
1230 1596 1312 1667 plena
1323 1594 1491 1653 caelestibus
1501 1597 1679 1653 dediversis
1691 1593 1884 1667 gentibussat

187 1699 352 1768 destinarit,
368 1685 403 1752 de
416 1694 592 1763 Proprietate
606 1690 749 1752 Psalterii,
767 1695 799 1745 at
814 1686 908 1744 uerbis
920 1685 1014 1755 ipsius
1032 1689 1055 1749 Β
1069 1691 1179 1742 aetorum
1193 1685 1273 1742 beata
1288 1685 1431 1756 collectio,
1444 1699 1609 1742 serenarum
1627 1685 1779 1740 mentium
1796 1682 1884 1752 lampa·

188 1791 263 1855 utar,
278 1786 319 1840 ita
329 1785 403 1841 dicit
415 1797 422 1838 :
435 1781 607 1851 Quicunque
622 1778 725 1850 psalmi
740 1773 853 1851 [Cassia
869 1772 1013 1842 Psalterii]
1071 1773 1248 1845 biliscoetus,
1260 1773 1614 1831 insolubilisconstructio
1624 1775 1663 1830 de
1674 1773 1752 1828 rivis
1762 1770 1886 1841 lapillis

187 1874 272 1931 rerba
288 1873 398 1943 recitat,
414 1871 495 1942 quasi
510 1868 625 1939 propria
645 1866 730 1923 verba
743 1867 885 1930 decantat,
901 1868 929 1919 et
948 1867 1016 1918 tan-
1071 1860 1220 1932 fabricata,
1240 1861 1387 1918 beatorum
1402 1862 1528 1919 omnium
1549 1868 1659 1918 aeterna
1686 1860 1825 1929 felicitas,
1845 1856 1886 1915 ula

188 1975 298 2035 quama
309 1959 463 2029 semetipso
472 1957 636 2026 conscripta
651 1969 726 2011 unns
736 1952 846 2024 psallit,
855 1957 883 2006 et
893 1964 949 2007 non
959 1955 1017 2006 tan·
1073 1950 1208 2016 lucidior,
1223 1951 1287 2006 niro
1297 1951 1459 2022 candidior,
1478 1952 1540 2007 sine
1552 1951 1680 2018 macula,
1698 1950 1767 2005 sine
1778 1947 1888 2020 ragallr

188 2064 300 2123 (quamn
311 2049 464 2118 semetipso
474 2045 637 2114 conscripta
647 2058 722 2100 unus
732 2041 839 2113 psallit,
847 2045 875 2096 et
883 2053 949 2107 non,
959 2044 1019 2095 tan-
1072 2052 1128 2108 qua
1148 2039 1347 2108 scriptumest
1364 2039 1395 2095 in
1416 2040 1529 2096 cantico
1552 2038 1748 2095 canticoram
1760 2054 1771 2091 a
1784 2036 1845 2103 Qua
1860 2040 1889 2090 at

190 2127 1015 2211 quamaliodiceute,autdealiosignificatasumitetlegit,
1071 2123 1888 2197 ista,quaprogreda'turquasr'aur=araaonsurgerrs,pulalro

190 2217 1018 2298 sed,tanquamipsedesemetipsoloquens,sicbujusmo-
1073 2220 1102 2270 ut
1121 2215 1198 2285 luna,
1220 2216 1303 2270 electa
1324 2221 1354 2270 ut
1376 2217 1427 2280 sot,
1449 2217 1579 2271 terribilis
1603 2221 1635 2270 ut
1656 2220 1816 2270 casuarium
1835 2213 1887 2267 reia

190 2315 224 2370 di
239 2315 323 2371 rerba
338 2312 455 2384 profert.
473 2314 506 2368 lit
521 2310 695 2381 qualiasunt
708 2321 770 2378 quae
783 2307 933 2374 dicuntur,
948 2303 1016 2359 talia
1072 2305 1209 2359 ordinata.
1234 2306 1267 2360 Et
1301 2304 1385 2375 paulo
1407 2311 1471 2377 post
1493 2323 1501 2360 ε
1530 2305 1609 2360 Oculi
1637 2306 1682 2359 tua·
1705 2303 1888 2371 columbarum

192 2403 273 2460 relut
288 2403 349 2473 lpse
364 2415 460 2474 agens,
476 2414 510 2456 ex
525 2397 678 2467 semetipso
689 2397 821 2467 loquens,
831 2394 888 2450 Deo
903 2392 1017 2448 ridetur
1072 2393 1173 2463 urbsque
1194 2408 1223 2448 ea
1238 2394 1311 2463 quod
1329 2395 1490 2449 intrinsecus
1508 2395 1584 2448 latet.
1610 2393 1701 2462 Cipus
1718 2392 1825 2453 denas,
1836 2392 1889 2446 aaut

195 2490 295 2548 ‹rferre
310 2502 465 2545 sermones.
1071 2488 1397 2552 praeciosarumque
1415 2484 1597 2538 asconderunt
1619 2483 1655 2536 de
1677 2482 1805 2544 lavana,
1820 2494 1890 2535 mma

226 2578 358 2635 Psalterii
372 2589 486 2649 quoque
503 2572 790 2646 propriamestqnoal
805 2582 928 2640 pereum
945 2567 1017 2640 legis
1070 2571 1190 2638 gemellis
1210 2572 1322 2639 fetibus,
1347 2578 1373 2627 et
1395 2573 1496 2627 sterilis
1515 2587 1569 2627 aon
1591 2576 1630 2626 est
1654 2573 1732 2626 iuter
1756 2586 1813 2625 eas.
1833 2569 1890 2625 Sic!

189 2669 296 2725 alivinae
303 2667 441 2724 sanctitas
453 2665 600 2721 introitur.
610 2662 752 2719 lionenim
761 2657 1017 2730 tyronesincboant
1070 2660 1139 2712 uitta
1150 2660 1272 2714 cocunea
1285 2660 1358 2714 labia
1368 2664 1417 2715 tua
1426 2659 1520 2728 (dant.
1532 2673 1572 2722 tv,
1584 2655 1656 2729 l-3),
1670 2662 1769 2714 mater
1780 2656 1891 2728 etrirgq

189 2772 206 2814 a
220 2757 334 2827 Genesi,
349 2769 404 2812 non
418 2755 453 2810 ab
468 2753 604 2821 apostolo
618 2770 625 2821 3
638 2764 694 2807 non
707 2751 782 2804 inter
793 2747 879 2803 initia
893 2745 1017 2801 auctori·
1071 2745 1127 2802 feta
1141 2752 1169 2802 et
1190 2747 1308 2819 integra,
1322 2747 1449 2819 genitrix
1459 2753 1487 2803 ει
1506 2747 1691 2818 incorrupta,
1708 2746 1800 2817 cujus
1811 2745 1892 2802 osrir

190 2855 234 2902 tas
248 2844 525 2915 Evangelicasancta
538 2839 680 2908 pulsatur.
694 2836 746 2890 Sed
763 2835 831 2890 lieet
845 2832 1015 2889 Psalterium
1073 2840 1166 2890 tutum
1192 2836 1321 2892 omnium
1343 2834 1451 2907 fragrat
1470 2835 1620 2893 odoribus.
1638 2838 1679 2892 [le
1703 2849 1766 2908 qua
1787 2848 1893 2905 sponsas

192 2924 777 3005 quartuscodexsitdivinaeanctoritatis.
788 2923 913 2992 primum
924 2927 1016 2978 tamen
1072 2923 1144 2979 dicit
1160 2942 1167 2978 r
1183 2921 1260 2980 Odor
1276 2924 1337 2981 oris
1355 2925 1399 2981 tui
1423 2925 1499 2981 sicut
1519 2923 1663 2981 malorum
1683 2925 1785 2994 (Cant.
1805 2920 1892 2995 ειμι)

192 3027 315 3091 tyrones,
329 3013 805 3083 inchoantesScripturassanctas,
822 3008 889 3065 inde
904 3006 1016 3080 legendi
1033 3008 1057 3074 C
1071 3014 1107 3068 Et
1117 3017 1180 3082 post
1195 3011 1363 3084 paululum:
1380 3013 1453 3068 Odor
1473 3017 1677 3081 unguentorum
1698 3018 1893 3083 tuorumsupa

193 3107 305 3164 t'aciuut
318 3106 450 3162 decenter
463 3103 593 3159 initium.
1072 3103 1163 3156 omnia
1183 3107 1316 3157 cronmta.
1337 3103 1426 3158 Tarus
1460 3103 1595 3157 distilleas
1620 3102 1701 3158 lobia
1725 3108 1788 3171 tua,
1810 3117 1893 3173 mama

438 3193 522 3249 xvii.
540 3193 614 3246 Laus
632 3191 767 3245 Ecclesiae.
1072 3192 1161 3246 malet
1183 3192 1225 3246 loc
1245 3192 1295 3247 sub
1318 3193 1414 3260 lingua
1432 3197 1481 3247 tuo
1504 3191 1596 3261 (Cant.
1623 3205 1663 3263 tv,
1693 3188 1742 3262 ld,
1770 3188 1827 3262 ll),
1841 3190 1893 3259 Qua

224 3283 247 3340 0
262 3296 328 3340 rere
340 3287 464 3339 mortno
480 3280 673 3346 immaculata,
690 3275 843 3348 operfecta
861 3278 949 3331 mater
963 3275 1020 3330 iic·
1073 3280 1193 3337 mereris
1204 3280 1330 3351 denique
1348 3280 1475 3337 osculari
1488 3281 1648 3350 Christum,
1670 3285 1702 3337 et
1722 3281 1816 3338 decus
1834 3279 1890 3335 iliad

190 3373 288 3444 alesia,
310 3386 382 3444 quac,
401 3371 500 3427 divina
519 3370 612 3441 gratia
635 3367 784 3439 largiente,
799 3364 859 3421 sola
878 3363 1016 3430 vivificas,
1073 3357 1237 3438 perenniter
1261 3369 1409 3426 custodire
1431 3370 1602 3441 virgineum.
1626 3368 1695 3426 Tibi
1729 3371 1810 3426 enirn
1830 3369 1892 3426 dici·

191 3463 250 3520 sola
266 3461 439 3530 sanctificas,
452 3466 480 3516 et
493 3459 637 3529 perditum
654 3456 782 3528 propriis
797 3453 1019 3524 culpisinstitu-
1072 3466 1151 3516 tur:
1182 3458 1324 3514 osculetur
1350 3474 1392 3514 me
1420 3459 1509 3513 osculo
1535 3459 1590 3513 aris
1609 3460 1665 3522 sui,
1696 3461 1769 3529 quia
1797 3459 1889 3514 multat

192 3552 269 3608 tione
291 3564 353 3620 sua,
380 3550 536 3605 humanum
564 3560 654 3619 genas
678 3546 832 3601 instauras.
851 3544 940 3612 Cujus
963 3541 1017 3611 piae
1071 3551 1136 3602 sunt
1155 3547 1240 3602 ubera
1264 3552 1312 3602 tua
1336 3549 1410 3613 uina,
1438 3548 1599 3615 fragrantia
1627 3550 1889 3618 unguentisoptr'nir

191 3639 366 3698 confessioni
383 3637 458 3694 nilril
469 3637 548 3708 addi,
564 3636 640 3692 nibil
654 3635 746 3690 minui
764 3639 864 3705 potest.
885 3634 936 3687 l‘er
952 3644 1017 3687 om-
1071 3637 1160 3706 (cant.
1175 3650 1195 3705 r,
1211 3633 1236 3704 l,
1252 3634 1270 3691 3
1280 3645 1306 3706 l,
1322 3641 1351 3692 et
1365 3641 1465 3692 cetera
1478 3649 1540 3706 quae
1556 3634 1632 3691 liber
1643 3635 1696 3692 ille
1708 3637 1888 3707 divinusmp·

192 3743 241 3785 nes
257 3730 363 3800 quippe
384 3727 518 3797 psalmos,
538 3740 587 3796 per
610 3725 708 3782 omnia
729 3725 852 3788 cantica,
876 3720 1016 3792 preconia
1071 3726 1142 3782 stica
1158 3725 1359 3795 predicatione
1374 3724 1584 3794 complectitur.

191 3822 296 3873 sanctae
310 3816 464 3872 Trinitatis
484 3815 645 3883 interseris,
668 3819 709 3881 ut,
728 3813 813 3879 cujus
824 3817 893 3866 sunt
907 3813 1017 3865 sacrata
1105 3811 1291 3883 Quapropter,
1306 3811 1391 3868 factis
1405 3812 1590 3869 auditoribus
1606 3827 1656 3883 per
1672 3816 1831 3884 quamdam
1845 3816 1887 3870 ise

192 3905 275 3961 verba
293 3918 356 3975 quae
369 3903 525 3975 loquimur,
542 3903 569 3958 ei
596 3902 659 3957 laus
681 3912 791 3969 semper
803 3904 831 3954 et
847 3898 1049 3955 dulcissima‘
1071 3915 1160 3974 gagen
1173 3899 1246 3972 (qnae
1261 3908 1304 3957 est
1318 3902 1466 3971 sequentis
1487 3902 1584 3972 operis
1602 3902 1805 3975 introductio,
1822 3904 1887 3959 iader

192 3993 285 4063 gloria
304 3993 480 4049 redderetur.
498 3990 566 4058 Quae
583 3988 676 4045 solum
691 3988 790 4044 saculi
804 3987 901 4057 bajus,
917 3992 944 4041 et
957 3986 1018 4041 bas·
1070 3991 1231 4048 caelestium
1247 3991 1447 4061 mysteriorum
1460 3997 1490 4047 et
1503 4003 1591 4047 sacres
1606 3993 1778 4060 praenuntia
1798 3993 1888 4049 dictio

195 4081 347 4136 reticorum
368 4079 542 4134 saevissimas
561 4077 702 4147 procellas
723 4077 752 4131 in
774 4090 846 4132 arcae
863 4075 946 4131 illius
960 4077 1017 4130 Nae
1072 4080 1137 4153 nis),
1163 4085 1196 4136 ut
1213 4079 1325 4149 opinor,
1351 4077 1525 4136 sufficienter
1544 4081 1683 4148 attentis3
1708 4087 1737 4136 et
1761 4081 1889 4139 desiderio

193 4166 1015 4238 similitudine,quaetuamevidenterportaritimaginem3
1072 4182 1195 4240 superno
1223 4168 1322 4225 diuina
1348 4167 1480 4240 largitate
1504 4169 1671 4240 flammatis,
1689 4184 1770 4226 nunc
1785 4171 1821 4241 ad
1843 4169 1889 4226 sol·

193 4256 254 4313 sola
266 4255 402 4312 inoffensa
418 4256 483 4312 fidei
498 4270 596 4324 cursu,
614 4257 677 4312 sine
693 4253 821 4326 periculo
833 4254 938 4310 diluvii
955 4267 1020 4309 eon·
1071 4260 1230 4329 validaque
1239 4256 1889 4330 promissasunt,Christojuvante,reniamas.

193 4350 303 4403 stanter
325 4347 468 4418 enavigas,
497 4359 547 4402 nec
576 4345 648 4402 allis
677 4343 828 4401 erroribus
845 4344 1016 4414 acquiescis,
1032 4347 1058 4408 D
1075 4349 1187 4418 Praesta,
1209 4347 1339 4415 Domine,
1359 4347 1442 4416 cnjus
1464 4353 1507 4403 est
1526 4360 1609 4402 ontne
1627 4349 1707 4418 quod
1722 4349 1851 4422 expedit,
1868 4356 1891 4404 at

193 4436 324 4509 quamvis
336 4437 430 4493 adbuc
442 4437 518 4492 luter
533 4435 687 4506 pravitates
702 4434 789 4504 hujus
802 4432 900 4488 saeculi
913 4433 1016 4503 gravis
1073 4436 1277 4507 intelligenter,
1291 4440 1325 4492 ut
1336 4434 1468 4506 libenter,
1484 4440 1515 4492 ut
1531 4435 1658 4505 proficue
1676 4450 1842 4496 mereamur
1855 4452 1893 4494 au

192 4526 267 4583 sima
282 4525 450 4582 necessitate
465 4524 597 4580 verseris.
618 4521 765 4592 Quidquid
784 4522 860 4577 enim
876 4523 1019 4591 reperitur
1072 4525 1141 4581 diri.
1153 4525 1222 4581 Tuis
1236 4525 1313 4582 enirn
1325 4525 1480 4594 adjutoriis
1489 4525 1666 4582 omnimodis
1679 4528 1856 4600 indigemus,
1869 4536 1893 4584 ut

195 4620 295 4686 praeter
316 4614 403 4671 vitale
427 4613 567 4685 gremium
590 4616 671 4668 tuum
702 4609 880 4666 mortiferum
907 4617 1019 4667 canstat
1072 4614 1216 4671 valeamus
1239 4626 1372 4670 concesso
1387 4626 1517 4670 sermone
1536 4612 1726 4685 aliquatenus
1741 4616 1829 4674 rerba
1848 4623 1892 4673 tue

194 4718 256 4761 esse
278 4704 475 4778 naufragium.
497 4704 566 4758 Nam
583 4715 648 4758 cum
673 4699 815 4757 sabellius
838 4701 1019 4757 detestabilis
1073 4702 1230 4774 majestatis
1242 4715 1390 4773 exponere.
1407 4704 1506 4758 nmen.

195 4799 270 4849 erret
287 4794 317 4849 in
341 4796 432 4865 Patre,
460 4793 577 4849 demens
599 4791 687 4846 llrius
707 4789 858 4860 delinquat
882 4791 912 4846 in
931 4790 1016 4860 Filia,
1107 4792 1317 4864 Prolegamena,
1341 4792 1370 4848 id
1388 4796 1441 4862 est,
1457 4790 1648 4862 praedicenda.
1663 4791 1829 4865 Antequam
1844 4808 1894 4851 ote

197 4882 291 4938 lfanes
303 4884 460 4955 sacrilegus
469 4885 551 4953 neget
563 4880 702 4951 Spiritum
717 4885 857 4947 sanctum,
871 4879 922 4935 alii
934 4879 1019 4936 scele-
1072 4883 1153 4939 lestis
1165 4880 1297 4940 Psalterii
1311 4880 1394 4937 mella
1409 4881 1565 4954 degustem,
1581 4886 1611 4938 et
1625 4896 1743 4954 campos
1758 4885 1827 4942 illos
1839 4884 1894 4957 glo

198 4970 251 5026 rati
271 4970 364 5027 Veteri
394 4973 572 5028 Testamenta
598 4969 736 5040 derogent
753 4987 761 5039 3
784 4968 916 5025 nonnulli
945 4968 1016 5024 Novi
1073 4969 1712 5042 riosissimaepassionis,Domiuopraestante,
1725 4976 1893 5047 contingam,

195 5060 316 5135 gratiam
332 5073 388 5115 non
402 5066 568 5131 sequantur,
582 5065 613 5116 tu
636 5063 747 5114 tanturn
762 5058 913 5115 devotione
927 5060 1015 5130 fideli,
1072 5061 1199 5132 quaedam
1220 5059 1291 5115 mibi
1311 5059 1445 5116 ridentur
1466 5059 1571 5117 divisis
1585 5062 1746 5135 capitibus,
1767 5065 1804 5121 de
1826 5070 1892 5120 texta

197 5153 347 5222 praestante
368 5149 498 5213 Domino,
519 5148 656 5205 inoffense
679 5152 781 5204 cuncta
803 5149 1015 5221 complecteris3
1073 5151 1166 5222 ipsius
1181 5149 1319 5206 carminis
1333 5149 1477 5221 intimare,
1495 5155 1527 5207 ut
1543 5155 1573 5207 et
1587 5151 1715 5224 legentes
1730 5154 1892 5212 distinctius

196 5245 305 5299 Patrem
327 5239 434 5311 quippe
455 5236 538 5292 doces
559 5238 729 5308 ingenitum,
758 5237 850 5294 fllium
876 5240 1014 5312 genitum,
1070 5240 1223 5297 debeamus
1233 5239 1359 5308 edocere,
1380 5244 1410 5294 et
1425 5252 1477 5296 nos
1489 5239 1607 5296 ordines
1620 5241 1701 5311 ipsos
1721 5244 1788 5301 sine
1805 5246 1891 5314 aliqm

194 5331 333 5402 spiritum
354 5331 483 5385 sanmurn
507 5327 542 5381 de
563 5327 644 5381 Patre
666 5333 694 5382 et
714 5327 788 5383 Tillo
808 5329 1013 5397 procedentem.
1070 5328 1225 5388 ollensione
1236 5342 1395 5386 curramus.

196 5420 287 5478 tlnum
324 5421 423 5487 Deum,
466 5420 592 5471 sanctam
637 5416 795 5483 predicans
835 5418 1014 5490 Trinitatem,
1107 5420 1136 5475 ln
1154 5418 1889 5491 primaitaqneparte,borninicarnalisritadescri-

90 5521 95 5528 ·
195 5515 361 5568 eoaeurnarn
376 5506 475 5564 sibiet
495 5503 647 5580 equaliter
666 5505 899 5581 omnipotentem,
914 5510 1015 5568 borni-
1072 5511 1161 5568 bitur.
