3876 6090
126 270 197 331 1133

787 234 793 244 ’
831 261 1034 321 summano
1059 262 1126 319 661.

1761 255 1868 347 666

122 403 218 460 Tertia
244 416 318 471 nero,
341 401 409 472 quia
435 404 504 456 tuac
516 396 719 466 judicaverunt
736 392 826 450 16161
847 391 949 448 11661-
960 389 989 448 Α
1002 392 1081 450 Unde
1094 398 1188 450 mouet
1204 392 1358 464 Apostolus
1373 393 1509 450 mulieres
1525 393 1555 449 iu
1572 393 1692 451 ecclesia
1705 392 1831 449 6616666

124 506 203 561 num,
226 490 494 562 quandodixerunt
516 485 674 541 :Christus
697 481 893 553 crucifigatur.
916 481 950 536 Et

125 583 194 638 bora
208 582 291 636 tertia
308 577 458 636 descendit
471 575 599 650 Spiritus
614 577 730 631 sanctus
745 585 831 642 super
841 573 951 641 aposto·

123 671 178 739 los,
195 669 309 740 666616
319 666 437 723 1666661
452 665 480 721 16
493 678 578 721 6666
589 663 704 719 domum
715 658 890 732 congregati.
903 659 948 730 Et,

123 760 201 817 dixit
215 757 373 814 Dominus:
388 756 510 824 Accipite
530 754 662 824 Spiritum
683 755 818 811 66661661,
835 765 951 819 quorum

123 849 282 904 remiseritis
294 849 417 916 peccatu,
434 845 611 897 remittuntur
623 843 670 895 cis.

158 940 334 999 5616166666,
357 935 400 991 616
426 932 556 989 aseendit
568 929 749 987 Dominusin
764 941 885 984 crucem.
916 928 951 982 Et

124 1029 167 1082 sic
182 1025 304 1082 tenebrae
318 1022 397 1079 iactae
417 1026 485 1078 sunt
502 1033 593 1091 usque
610 1019 639 1074 iu
657 1018 755 1074 boram
774 1017 948 1087 66666111,

126 1124 193 1173 1666
212 1115 322 1170 vocavit
344 1101 483 1167 Dominus
499 1109 631 1176 Paulum,
654 1107 767 1178 quando
786 1109 950 1177 persecutor

125 1211 186 1262 6661
220 1203 465 1266 Christianorum,
498 1203 526 1255 61
558 1198 635 1255 dixit
659 1197 823 1253 Dominus:
855 1195 947 1268 Saule,

125 1295 217 1354 Sinde,
240 1293 309 1363 quid
330 1308 370 1345 mc
396 1290 568 1360 persequeris
583 1291 597 1329 ⁹
612 1287 712 1340 61661161
727 1289 766 1340 est
787 1285 838 1339 tibi
855 1288 949 1339 contro

124 1383 426 1438 61161111666616116666.
442 1380 476 1435 Et
487 1377 708 1434 1666666116611
722 1376 756 1431 ad
772 1374 947 1445 Cornelium,

126 1472 239 1544 6666116
254 1470 331 1527 dixit
344 1468 501 1525 Dominus:
518 1467 635 1531 Corneli,
651 1464 783 1520 66661116
797 1465 949 1535 661616666-

125 1565 267 1617 catiniaco.

159 1653 239 1706 Nona
253 1663 321 1705 6666
336 1649 378 1705 616
393 1648 490 1704 emisit
504 1646 643 1716 Spiritum
659 1641 841 1714 1166166616
854 1654 947 1711 cruce,

1005 499 1091 554 super
1112 488 1198 554 caput
1217 483 1329 553 babere,
1353 490 1468 553 propter
1489 484 1614 557 angelos.
1638 485 1674 540 Et
1690 482 1830 553 Propheta

1005 574 1065 629 ait:
1082 576 1112 630 ln
1128 579 1281 644 conspectu
1297 573 1463 646 angelorum
1485 574 1605 644 psallam
1628 573 1692 628 tibi.
1710 572 1830 628 Necdu-

1005 664 1097 718 bitare
1114 664 1189 719 licet.
1202 661 1711 733 ubieorporisetsanguinisDomini
1732 663 1833 732 myste-

1005 752 1048 808 ria
1065 761 1215 824 generatur,
1229 767 1418 824 supernorum
1433 752 1830 821 616166616666666666166,
1918 767 1921 771 ·

1006 843 1056 913 qui
1073 849 1300 914 monumentum,
1324 859 1380 915 quo
1411 858 1517 913 corpus
1545 842 1643 911 ipsum
1670 838 1832 896 venerabile

1006 934 1131 1003 positum
1146 932 1247 990 luerat.
1260 937 1288 989 et
1302 935 1376 990 undo
1389 929 1759 1004 resurgendoabscesseral‚
1773 933 1831 985 166

1005 1024 1114 1079 sedulis
1136 1029 1249 1081 serrant
1269 1024 1409 1080 excubiis.
1428 1023 1507 1079 Unde
1527 1020 1698 1077 studendum
1712 1020 1833 1076 solerter

1004 1119 1055 1170 est.
1071 1112 1174 1170 tratres
1190 1115 1255 1179 mei,
1279 1117 1320 1178 61,
1345 1126 1409 1169 666
1432 1109 1703 1179 666166166,66161
1725 1109 1833 1165 116166

1004 1204 1100 1259 laudis
1114 1203 1209 1259 debita
1224 1203 1369 1273 solvenda,
1382 1203 1425 1258 sel
1438 1203 1472 1258 ad
1489 1200 1597 1273 agenda
1612 1199 1765 1254 missarum
1782 1211 1832 1255 so⁴

1004 1293 1108 1348 lemnia
1127 1293 1279 1366 intramus,
1298 1306 1408 1363 semper
1429 1290 1564 1363 angelicae
1587 1288 1746 1359 6666661116
1769 1298 1833 1343 66-

1004 1397 1106 1449 mores,
1123 1397 1186 1439 cum
1208 1383 1311 1438 timore
1329 1382 1549 1437 etveneratione
1562 1377 1748 1449 competenti,
1771 1390 1833 1434 coe·

1003 1472 1273 1541 lestecompleamus
1287 1470 1422 1541 officium,
1437 1467 1636 1539 inexemplum
1659 1465 1830 1522 166166666

1002 1563 1058 1616 1166
1074 1562 1251 1631 devotarum,
1269 1576 1331 1633 quae
1346 1559 1554 1631 apparentibus
1564 1558 1598 1613 61
1613 1558 1829 1613 6666666166

1003 1650 1124 1723 augelis,
1141 1650 1275 1707 timuisse
1289 1650 1446 1707 61661166
1461 1649 1623 1705 declinasse
1634 1642 1831 1702 narranturin

126 1740 238 1796 elbora
258 1736 604 1795 666616666611166661
625 1735 652 1790 S.
670 1735 795 1804 Petrum,
816 1731 866 1788 ubi
883 1729 950 1786 166-
965 1719 990 1780 B
1004 1718 1119 1796 ceriam,

127 1833 194 1885 6661
207 1828 302 1884 66616
313 1828 420 1884 munda
430 1832 458 1883 et
470 1825 626 1882 immunda.
666 1851 669 1861 ·

162 1919 282 1987 1666666
296 1921 391 1972 66166
406 1915 450 1971 616
463 1914 586 1970 emacuit
598 1912 731 1968 Christus
746 1909 951 1979 6661166166-

129 2006 256 2076 1166616,
278 2004 391 2076 quando
412 2002 554 2073 16666611
585 2000 775 2072 quadraginta
801 1998 904 2055 diebus
923 2001 952 2054 et

130 2096 318 2168 quadraginta
342 2093 485 2150 noctibus.
503 2094 538 2148 Et
557 2092 600 2147 sic
619 2091 741 2147 cessavit
762 2090 806 2146 lex
821 2095 903 2144 uetus
924 2092 952 2145 et

129 2186 340 2256 ineoepitnova.

161 2274 345 2344 1166166166,
358 2273 400 2330 616
413 2272 542 2329 ascendit
553 2271 693 2328 Dominus
708 2271 736 2326 in
749 2276 871 2327 montem
887 2268 953 2326 Oli-

131 2365 199 2435 6611,
217 2363 408 2431 6616666611,
421 2368 449 2419 61
468 2367 555 2435 guttae
570 2359 723 2432 sanguinis
737 2360 765 2415 in
786 2360 901 2429 salone,
917 2358 952 2415 16

129 2454 222 2511 tronto
232 2455 295 2523 ejus
309 2452 484 2510 ceciderunt.
500 2450 655 2507 111661661
666 2450 811 2522 meritum,
825 2449 899 2520 quod
916 2449 950 2505 ad

127 2545 216 2600 lidum
231 2543 323 2598 dtrtt:
344 2544 378 2597 111
393 2541 490 2596 sudore
502 2541 594 2594 661166
608 2542 659 2602 lui,
674 2541 789 2594 nasceris
798 2554 871 2608 66116
884 2543 929 2594 teto
943 2556 951 2597 ε

128 2637 156 2689 61
170 2647 222 2690 666
239 2635 353 2703 propter
367 2631 421 2687 boc
435 2631 576 2686 liberavit.

189 2725 268 2778 Dicta
289 2722 375 2785 Beda,
392 2736 426 2776 66
440 2721 552 2774 bomilia
571 2718 715 2785 1166666111
727 2719 759 2771 dc
774 2717 887 2773 Pascite.

162 2810 298 2865 Diluculo
311 2811 403 2881 igitur
415 2815 542 2863 aromata
557 2807 591 2862 ad
608 2810 823 2863 monumentum
836 2804 950 2861 Domini

131 2897 261 2964 1661666,
282 2910 347 2952 666
370 2909 508 2950 memores
528 2895 672 2964 passionis
691 2907 724 2947 ac
741 2894 853 2959 mortis,
869 2905 952 2962 6666

130 3000 181 3057 666
194 2985 277 3042 nobis
292 2982 430 3053 66666611,
444 2987 472 3037 61
486 2982 632 3038 66116666
647 2981 797 3049 bonarum,
813 2979 954 3049 proximis

1057 1833 1136 1885 Dicto
1150 1829 1228 1884 lledae
1246 1846 1280 1884 66
1293 1829 1405 1883 16611116
1426 1829 1459 1882 dr
1477 1828 1590 1881 muliere
1610 1824 1775 1892 Cbcnnaaec,

1040 1918 1201 1974 Notandum
1219 1919 1326 1973 interea
1340 1917 1414 1987 quod
1432 1916 1491 1971 11666
1509 1913 1611 1971 orandi
1628 1911 1769 1983 pertinaci
1791 1910 1833 1967 ita

1006 2008 1098 2064 solnm
1117 2012 1241 2063 meretur
1261 2020 1322 2063 esse
1332 2003 1492 2074 fructifera,
1510 2000 1564 2079 [ut]
1576 2002 1601 2058 si
1616 2001 1685 2074 quid
1700 2013 1748 2056 666
1767 2012 1829 2070 666-

1006 2112 1114 2165 camur,
1141 2098 1194 2154 boc
1216 2097 1302 2153 etiam
1335 2100 1427 2151 66616
1449 2095 1642 2151 661116666;
1661 2104 1752 2162 66666
1773 2088 1834 2146 6116

1006 2187 1114 2243 616666
1126 2186 1269 2243 labiorum
1286 2199 1369 2257 6666
1389 2184 1596 2257 cogitationum
1612 2181 1763 2237 scindatur
1782 2178 1835 2235 in-

1007 2277 1110 2332 tuitus.
1135 2276 1207 2333 Sunt
1222 2276 1298 2332 6616
1319 2275 1368 2346 661
1384 2275 1525 2330 intrantes
1546 2270 1707 2338 ecclesiam,
1732 2267 1834 2327 multis
1867 2280 1871 2287 '

1008 2366 1193 2437 psalmodiam
1211 2364 1254 2420 661
1276 2365 1434 2421 666116666
1451 2361 1632 2419 sermonibus
1650 2359 1832 2432 prolongant.

1006 2457 1053 2513 sed
1070 2455 1142 2512 alibi
1156 2455 1240 2511 corde
1253 2453 1436 2523 intendendo,
1451 2466 1502 2509 nec
1514 2451 1568 2521 ipsi
1587 2450 1657 2522 quid
1672 2450 1835 2506 11666166-

1006 2545 1170 2602 661661666
1192 2545 1306 2616 quidem
1330 2549 1454 2600 orantes.
1478 2537 1756 2598 66166616616616
1780 2551 1835 2595 66-

1007 2640 1118 2707 666166
1132 2634 1209 2690 6661
1226 2630 1476 2690 666116616166616
1490 2631 1652 2702 6616661666
1668 2631 1802 2698 putantes
1816 2638 1833 2682 6

1007 2727 1063 2780 1166
1087 2737 1197 2794 precem
1213 2723 1356 2785 exaudiri,
1375 2735 1458 2793 quam
1477 2734 1527 2777 nec
1544 2719 1611 2790 ipsi,
1629 2719 1678 2788 qui
1696 2716 1832 2786 tundunt,

1008 2814 1152 2870 audiunt:
1171 2813 1246 2884 quod
1262 2811 1377 2883 antiqui
1395 2811 1488 2868 hostis
1500 2810 1641 2865 instinctu
1664 2807 1835 2873 barbarano

1007 2901 1114 2970 estqui
1131 2902 1356 2957 6616616661666
1369 2902 1501 2970 6666661.
1516 2898 1614 2953 Sciens
1629 2896 1705 2952 enim
1726 2893 1837 2951 utilita-

1009 2993 1063 3044 tem
1079 2988 1192 3057 orandi,
1205 2992 1234 3043 et
1250 2988 1382 3044 16611666
1404 2986 1573 3043 bominibus
1592 2985 1713 3057 gratiam
1741 2983 1837 3055 1666-

131 3070 218 3131 souts'
229 3074 320 3130 luwm
342 3076 536 3128 1101811111ὓὸ
551 3089 557 3124 2
574 3073 601 3124 0¹
617 3069 758 3125 3111111111
779 3083 856 3137 laura
873 3080 954 3124 com·
969 3064 993 3129 C
1009 3076 1115 3146 166611,
1131 3074 1423 3131 immittitorantibus
1435 3074 1604 3130 multimoda
1626 3072 1835 3145 cogitationum

134 3164 312 3234 punctionis,
328 3163 408 3218 intus
422 3161 450 3215 16
467 3160 550 3215 66616
562 3157 703 3214 terremus
714 3177 721 3229 3
732 3156 806 3228 6661
822 3156 955 3212 616661-

131 3253 185 3309 bus
199 3253 289 3321 boris,
307 3256 335 3308 61
350 3256 419 3306 1666
433 3249 554 3306 manime
565 3248 625 3304 1661
640 3252 759 3317 oportet,
779 3260 843 3303 cum
861 3244 955 3302 66616-

131 3344 202 3398 6166
219 3342 330 3399 6661661
345 3340 544 3411 1666611666
558 3352 622 3395 666
638 3337 841 3408 appropiamus
856 3336 953 3405 altari,

131 3431 275 3486 Dominici
296 3429 427 3500 corporis
438 3436 466 3485 61
479 3428 631 3500 sanguinis
649 3427 783 3498 mysteria
798 3425 952 3496 66661661.

130 3518 159 3573 Si
173 3519 248 3574 enim
261 3518 395 3574 66116666
410 3515 953 3587 1666666666666111661616661666

132 3607 305 3677 qrrurebant,
321 3612 427 3677 666616
445 3606 678 3679 magisoonrenit
693 3604 818 3677 666661
834 3616 897 3673 eum
915 3616 956 3658 66

131 3697 291 3751 surrexisse
305 3701 432 3759 666616,
446 3696 496 3766 qui
510 3695 544 3750 61
561 3695 648 3751 coelos
656 3695 829 3758 ascendisse,
845 3692 895 3763 qui
910 3705 956 3762 po

133 3788 221 3837 166116
248 3782 354 3836 utrina
379 3784 538 3850 majestatis
566 3783 674 3853 ubique
703 3787 868 3853 presentem
894 3794 955 3836 6666

132 3869 328 3941 cognovimus,
342 3882 407 3924 cum
423 3869 501 3924 omni
518 3872 677 3925 reverentia
698 3872 761 3939 ejus
776 3875 870 3927 661666
884 3884 956 3927 666-

132 3958 288 4028 spectibus,
303 3959 366 4027 ejus
383 3956 517 4028 mysteria
532 3957 675 4013 celebrare
691 3954 858 4033 [6161166661.
885 3961 956 4016 Bene

131 4054 225 4103 autem
243 4047 364 4118 (licitur,
380 4051 534 4117 portantes,
558 4062 620 4117 666
635 4052 805 4116 66666666111
817 4055 953 4104 aromata.

131 4138 265 4193 1666616
285 4150 417 4207 namque,
442 4150 504 4207 qua
519 4137 553 4193 61
570 4135 741 4207 obsequium
757 4137 871 4193 Domini
887 4152 957 4207 por-

133 4231 235 4297 16666,
257 4226 339 4295 661116
356 4239 470 4295 parasse
492 4232 536 4282 est
548 4225 678 4291 Domino,
703 4239 752 4281 666
767 4232 832 4281 6616
845 4231 958 4297 tempus

132 4315 274 4371 orationis
284 4327 298 4367 a
310 4314 496 4382 supervacuis
505 4327 663 4385 expurgare
673 4313 910 4385 cogitationibus,
926 4319 958 4370 ut

1009 3167 1126 3237 leuium,
1149 3169 1176 3221 et
1197 3164 1353 3236 aliquando
1378 3164 1464 3220 61166
1490 3162 1620 3233 1666166
1652 3161 1837 3217 nocentium-

1009 3269 1064 3328 que
1098 3255 1306 3325 phantasmata,
1347 3252 1455 3325 6611166
1494 3251 1653 3308 orationem
1688 3248 1835 3320 impediat,

1008 3344 1078 3400 6166
1099 3347 1131 3400 61
1160 3355 1366 3412 6666666666
1395 3341 1465 3397 16166
1488 3343 1640 3409 tantosque
1665 3337 1838 3394 discurren-

1009 3433 1082 3489 tium
1104 3431 1313 3504 cogitationum
1340 3431 1455 3499 lluctus,
1486 3427 1624 3499 prostrati
1650 3427 1679 3483 16
1707 3424 1838 3483 oratione

1009 3522 1173 3578 toleremus.
1201 3519 1279 3575 Unde
1307 3532 1422 3575 necesse
1444 3523 1497 3587 est,
1527 3514 1630 3572 1661666
1659 3512 1836 3585 charissimi,

1011 3615 1042 3666 ut
1066 3610 1192 3683 agnitam
1218 3607 1328 3665 diaboli
1348 3621 1482 3664 6666666
1508 3619 1645 3676 superare
1670 3603 1835 3673 malitiam

1009 3706 1037 3755 et
1063 3700 1120 3770 ipsi
1147 3697 1281 3755 videlicet
1304 3698 1432 3753 animum
1461 3695 1497 3752 ab
1521 3694 1690 3764 nujusmout
1723 3691 1838 3750 nebulis

1011 3803 1082 3860 6666
1103 3787 1197 3844 hostis
1216 3799 1365 3859 aspergere
1384 3785 1498 3857 gautlet,
1523 3785 1552 3839 in
1571 3789 1714 3855 quantum
1731 3795 1838 3853 possa·

1011 3893 1084 3949 mus,
1122 3877 1290 3938 serenando,
1319 3881 1347 3932 et
1383 3875 1425 3946 pii
1459 3873 1619 3931 defensoris
1667 3878 1837 3943 perpetuum

1011 3967 1166 4040 flagitando
1179 3964 1420 4036 666611166661
1435 3969 1534 4035 661666
1548 3968 1601 4031 661,
1618 3961 1777 4033 quamlibet
1787 3961 1837 4018 in-

1011 4055 1109 4125 dignis
1133 4054 1340 4124 precatoribus,
1364 4057 1391 4109 et
1419 4067 1518 4124 puram
1538 4051 1639 4108 orandi
1665 4055 1694 4107 61
1715 4048 1838 4120 perfecte

1012 4143 1184 4215 impetrandi
1196 4143 1349 4199 concedere
1368 4143 1500 4214 gratiam.
1513 4141 1632 4198 blultum
1648 4143 1743 4196 autem
1756 4139 1839 4210 Juvat
1892 4170 1895 4175 ,

1011 4233 1153 4292 orationis
1166 4232 1329 4303 puritatem,
1345 4232 1369 4287 si
1392 4232 1472 4287 omni
1496 4229 1615 4287 1666661
1638 4235 1763 4301 tempore
1784 4242 1838 4288 nos

1011 4323 1047 4380 ab
1061 4322 1175 4379 actibus
1194 4326 1384 4391 temperemus
1400 4320 1533 4376 illicitis:
1551 4320 1576 4374 61
1588 4333 1699 4389 666666
1710 4318 1746 4373 ab
1758 4319 1838 4376 otlo-

134 4406 237 4475 inipso
253 4403 504 4474 1111101101111116
519 4404 560 4458 11ῑῖ
570 4403 695 4458 8011111111
706 4409 798 4459 menie
811 4405 953 4477 recinam
970 4422 998 4483 D
1013 4413 1054 4468 sis
1067 4410 1360 4468 sermocinationibus
1381 4408 1514 4465 auditum
1535 4407 1643 4478 pariter
1662 4406 1852 4479 castigemus

133 4510 195 4565 666
209 4500 342 4564 precatur
354 4498 382 4548 et
403 4493 496 4562 ipsum
523 4493 686 4548 meminisse
707 4493 859 4551 norimus:
874 4494 957 4563 juxta

133 4579 954 4659 nilrerumlabentiumcogitarecnultapraeterea[quam]

132 4672 291 4742 exemplum
307 4672 380 4741 ejus,
398 4672 447 4743 qui
465 4672 506 4726 611
523 4690 529 4725 :
548 4673 678 4726 l’aratum
704 4683 872 4740 cormeum,
893 4684 956 4727 cau·

134 4762 198 4816 tabo
212 4768 239 4817 61
261 4762 398 4832 psalmum
415 4761 649 4817 116661166166.
667 4762 746 4830 Nam,
764 4761 813 4831 qui
830 4762 864 4817 ad
876 4775 957 4818 oran·

133 4851 199 4905 dum
216 4851 363 4906 ecclesiam
381 4850 538 4921 ingressus,
557 4850 632 4905 16166
647 4849 731 4905 verba
748 4850 957 4907 obsecrationis

133 4939 368 4994 consuetudinem
385 4939 536 5009 superlluae
550 4937 735 5010 cogitationis
745 4938 780 4994 ab
793 4940 889 4995 altimo
909 4953 957 4996 re-

134 5027 238 5096 pellere
253 5028 787 5100 6661161166661116616666666666,
805 5030 901 5086 61666
912 5043 957 5100 66-

135 5122 194 5170 6616
208 5130 301 5173 66666
312 5123 438 5174 aromata
452 5118 567 5174 detulit.
584 5118 705 5174 Maxime
717 5124 810 5174 tamen
832 5120 956 5191 angelici

135 5205 218 5261 nobis
229 5206 351 5275 spiritus
362 5207 464 5263 adesse
474 5207 608 5263 credendi
618 5215 685 5263 sunt
696 5222 761 5263 cum
774 5209 885 5265 divinis
898 5225 959 5281 spc-

132 5295 248 5350 61611166
270 5296 395 5352 6661611
424 5296 583 5366 obsequiis,
605 5297 633 5351 id
652 5300 704 5365 est,
720 5311 784 5354 cum
808 5299 956 5355 ecclesiam

133 5384 257 5455 ingressi
274 5383 315 5438 vel
329 5383 505 5442 lectionibus
519 5376 717 5442 sacrisaurcm
728 5388 955 5457 accomodamus,

131 5474 174 5529 661
193 5472 612 5545 66616611666666616666,
633 5476 675 5532 661
696 5477 821 5533 66611661
840 5478 954 5534 16666-

1011 4506 1039 4557 61
1052 4500 1190 4573 liuguam,
1203 4499 1228 4555 si
1248 4499 1278 4554 16
1294 4498 1354 4570 lege
1365 4497 1480 4553 Domini
1495 4494 1642 4552 ambulare
1656 4499 1684 4551 ot
1703 4494 1838 4551 testimo-

1011 4591 1059 4647 nia
1074 4590 1137 4660 eius
1150 4601 1349 4646 assuescamus
1363 4591 1424 4644 toto
1439 4586 1524 4642 corde
1537 4585 1672 4641 scrutari.
1692 4584 1838 4653 Quaena-

1011 4693 1066 4750 que
1088 4678 1164 4734 enim
1183 4677 1290 4747 666166
1309 4689 1401 4747 agore,
1418 4674 1499 4746 16661
1520 4671 1835 4740 6616611666616666,

1009 4770 1105 4825 66166
1123 4781 1235 4823 neccsse
1248 4769 1291 4822 661
1300 4765 1407 4834 sapius
1417 4764 1451 4820 ad
1469 4763 1609 4826 661666,
1621 4761 1703 4833 66661
1720 4761 1835 4818 6611166

1010 4857 1214 4928 propriamque
1227 4858 1376 4911 recurrant
1396 4853 1549 4909 adsedem.
1568 4853 1600 4908 Et
1623 4851 1700 4907 sicut
1720 4850 1837 4907 voluu-

1011 4947 1061 5002 1166
1072 4959 1138 5002 6666
1150 4943 1301 5015 palustria,
1314 4941 1454 4998 columbas
1469 4941 1589 5010 limpida
1601 4939 1694 4996 661661
1705 4938 1837 5010 trequen-

1011 5038 1072 5090 tare
1096 5034 1211 5102 nuouta,
1243 5032 1282 5088 116
1317 5029 1508 5103 cogitationes
1536 5028 1676 5100 impuram
1715 5031 1834 5083 mentem

1012 5122 1167 5179 immundae
1186 5119 1362 5192 perturbant,
1375 5122 1481 5174 castam
1496 5117 1629 5187 spiritale
1644 5116 1833 5174 sanctificant.

1011 5213 1093 5280 Saue,
1105 5211 1129 5266 si
1143 5211 1177 5266 ad
1189 5209 1348 5279 exemplum
1361 5207 1526 5263 chananaea
1538 5206 1669 5263 mulieris
1683 5205 1711 5260 16
1727 5204 1836 5262 666616

1013 5306 1173 5372 perstamus
1192 5298 1299 5369 tixiqne
1315 5309 1473 5365 manemus,
1489 5292 1835 5366 aderitgratiacondito-

1012 5392 1054 5448 ris
1078 5389 1180 5458 nostri,
1201 5401 1264 5458 qua.
1279 5390 1382 5443 cuncta
1403 5386 1433 5441 iu
1456 5385 1540 5442 uobis
1560 5385 1655 5440 errata
1677 5383 1836 5457 recorrigat

1011 5478 1159 5537 immunda
1188 5476 1357 5544 6666111661,
1388 5473 1553 5533 turbulenta
1579 5476 1699 5528 6666661.
1727 5471 1836 5531 Fidelis

133 5561 238 5633 bimus,
255 5562 298 5618 661
320 5563 407 5619 61166
431 5563 584 5623 missarum
607 5566 745 5624 66166616
759 5565 950 5625 celebramus.
1006 5581 1129 5641 666666
1140 5568 1275 5638 etjustus
1291 5569 1345 5637 661,
1361 5568 1394 5621 61
1408 5561 1536 5619 remittat
1549 5559 1634 5618 uobis
1649 5565 1763 5633 peccata
1778 5575 1836 5620 no-
