3876 6090
52 279 124 340 tobi

427 278 561 333 auxilli
581 278 626 333 DE
645 279 763 335 chniu.
784 280 807 335 Α
826 280 989 336 l‘oltlloso
1008 280 1059 335 l’t’.
1081 280 1197 335 illitus
1217 282 1305 336 llbltl
1325 281 1403 336 DUt).

1693 277 1762 336 toea

53 400 258 472 nunquidnam
277 400 305 455 in
318 413 351 455 eo
366 399 441 471 quod
460 406 503 456 εει
524 401 669 472 presbyter
685 402 788 457 iterum
813 401 927 460 con-A
939 402 1002 457 Cir.
1020 404 1124 458 XXlX.
1140 434 1177 443 -
1191 408 1228 458 br
1254 404 1366 457 concilio
1385 404 1457 471 qood
1473 405 1503 457 in
1523 405 1675 458 benennon·
1696 403 1763 457 urbe

51 496 196 556 secratur,
208 495 236 545 et
254 504 311 544 non
327 489 423 559 potius
439 489 468 544 in
490 491 617 559 ejusdem
646 505 747 547 manus
762 492 880 562 imposi-

52 581 134 636 tione
146 585 332 651 augmentum
348 578 523 647 episcopalis
543 580 699 636 rrrinisterii
718 575 882 652 [mysterii]

51 670 131 739 quod
148 682 204 724 non
228 666 313 722 habet
330 668 446 737 accipit.
472 668 519 723 Sic
544 669 641 740 itaque
665 670 707 725 sic
732 671 884 725 Formosus

53 759 84 813 in
104 758 155 814 illa
180 770 283 812 manus
309 757 506 829 impositione,
533 773 588 814 non
614 760 643 814 id
671 760 746 829 quod
768 759 884 829 episco-

54 863 110 917 pus
119 854 180 902 erat
193 845 328 916 perdidit,
341 846 389 901 sed
404 854 590 918 augmentum
604 848 768 917 apostolicae
780 848 883 918 diani-

51 936 135 998 tatis,
150 935 225 1006 quod
241 948 298 989 non
318 933 447 1004 hahebat,
463 937 582 1006 accepit.
607 938 670 992 llaec
686 937 777 1008 igitur
798 937 833 991 ad
848 950 879 991 ca

51 1037 119 1094 rquae
134 1023 197 1094 ipse
212 1022 248 1077 de
263 1035 364 1077 manus
386 1022 570 1092 impositione
584 1023 737 1093 objeceras,
759 1038 882 1095 respon-

50 1113 134 1168 disse
149 1111 281 1168 sufficiat.
297 1111 434 1167 Caeterum
455 1119 549 1168 antem
572 1114 811 1183 interrogavimus
832 1129 880 1171 cos

52 1205 108 1273 qui
125 1208 277 1271 praesentes
292 1197 410 1256 luerunt
427 1202 540 1271 quando
556 1204 707 1259 Formosus
732 1203 880 1259 inthroni-

52 1296 138 1347 zatus
147 1294 208 1361 est3
227 1290 275 1346 sed
299 1289 452 1345 dixerunt:
469 1290 570 1346 Procul
586 1290 676 1348 dubio
691 1291 881 1348 falsissimum

52 1388 99 1434 est
121 1379 199 1449 quod
216 1381 368 1434 Formosus
380 1378 409 1434 in
426 1379 476 1434 illa
500 1380 690 1436 translatione
705 1395 807 1436 manus
824 1381 882 1434 im-

54 1469 229 1539 positionem
245 1469 402 1538 acceperit,
415 1469 462 1524 sed
479 1470 717 1540 quemadmodum
732 1470 761 1524 in
779 1470 882 1525 itinere

51 1557 237 1613 ambulantes
261 1557 395 1628 precibus
419 1557 518 1614 effusis
544 1561 632 1614 Deum
646 1564 774 1628 exorant,
796 1558 836 1613 ita
854 1563 883 1613 et

55 1661 111 1702 nos
133 1645 352 1718 gubernatorem
371 1648 500 1703 omnium
524 1654 684 1714 exorantes,
709 1647 882 1705 deduximus

989 491 1040 543 pro
1063 477 1186 528 Formoso
1207 475 1321 544 ejusque
1342 475 1514 528 ordinatione
1530 478 1636 541 frictum
1659 479 1706 529 cst.

974 581 1149 637 temlerum
1167 582 1196 636 in
1213 581 1368 636 ltavcnnati
1387 579 1456 636 urbe
1477 585 1646 651 congregata
1657 580 1764 650 synodo

939 671 1080 727 sancitum
1092 677 1145 741 est,
1159 677 1190 728 ut
1207 678 1262 726 mm
1277 671 1432 726 Formosus
1444 682 1529 740 quam
1539 670 1601 738 ejus
1619 668 1765 726 ordinatio

939 759 969 814 in
983 774 1035 814 suo
1052 760 1149 831 vigore
1161 760 1290 816 stabilita
1306 764 1513 830 permanerent.
1529 758 1609 827 Quod
1630 771 1685 813 non
1701 758 1767 814 sin-

938 862 1001 903 cera
1017 849 1181 918 concordia,
1197 849 1245 903 sed
1259 849 1323 905 anri
1337 849 1419 917 copia
1436 848 1603 902 institutum
1615 851 1668 917 est,
1683 846 1767 901 ideo-

938 950 992 1006 que
1006 950 1056 1005 pro
1075 937 1168 992 nihilo
1184 937 1346 992 ducendum
1358 942 1409 992 cst.
1426 936 1491 989 Des.
1511 934 1544 990 Ut
1561 935 1673 1005 opinor,
1691 931 1764 989 illud

936 1023 991 1078 tibi
1006 1026 1130 1097 contigit
1145 1026 1220 1096 quod
1232 1025 1273 1081 ait
1289 1025 1434 1081 Psalmus:
1452 1045 1465 1077 e
1481 1024 1700 1081 Foderuntante
1719 1026 1766 1077 ta-

934 1115 1006 1170 ciem
1022 1129 1109 1169 meam
1128 1114 1246 1185 lorcam,
1261 1122 1290 1170 et
1301 1115 1357 1185 ipsi
1372 1114 1536 1170 inciderunt
1553 1113 1583 1168 in
1596 1125 1657 1167 eam
1672 1111 1765 1180 (Psal-

936 1218 980 1259 ιιι
987 1204 1039 1273 )·”
1063 1206 1132 1260 Nam
1158 1205 1233 1274 quod
1254 1204 1359 1260 delatis
1374 1202 1543 1259 muneribus
1568 1201 1625 1257 tale
1639 1199 1709 1271 quid
1733 1200 1763 1255 in

937 1293 988 1348 illa
999 1295 1256 1363 synodostatutum
1273 1290 1371 1361 luerit,
1388 1289 1634 1362 probareminime
1645 1288 1763 1358 poteris,

936 1384 993 1437 Nos
1008 1387 1102 1436 autem
1122 1387 1150 1437 et
1173 1381 1293 1452 plurimi
1307 1380 1456 1437 nobiscum
1470 1380 1533 1436 luce
1552 1378 1662 1434 clarius
1683 1389 1763 1432 com·

938 1469 1463 1542 pcrtnmhabemus,quodnonsolnm
1473 1466 1763 1528 Romuleaeivitatis,

938 1561 985 1616 sed
999 1574 1097 1615 omnes
1113 1573 1182 1629 pene
1195 1560 1284 1615 ltaliae
1298 1558 1434 1629 presules
1445 1564 1598 1614 memorato
1610 1552 1766 1612 interfuere

937 1649 1072 1705 concilio.
1087 1648 1266 1719 Quapropter
1274 1649 1310 1719 si,
1323 1646 1433 1704 iareute
1445 1649 1512 1717 beo,
1526 1645 1632 1717 regalis
1643 1648 1768 1714 potestas

52 1749 122 1791 cnm
137 1734 172 1790 ad
188 1734 374 1805 apostolicam
388 1737 491 1804 sedem,
510 1736 608 1807 ibique
623 1728 923 1792 inthronizavimusB
941 1738 1101 1795 universale
1129 1737 1229 1794 lecerit
1253 1736 1419 1805 concilium,
1443 1736 1512 1808 quid
1533 1737 1568 1792 de
1587 1734 1669 1790 robis
1696 1745 1767 1788 cen-

54 1837 134 1895 enm,
147 1824 248 1880 dantes
258 1838 414 1896 congruam
427 1826 594 1881 orationem.

53 1932 121 1986 Cae.
137 1932 249 1986 teitu.
262 1962 299 1972 -
315 1934 348 1987 Ut
360 1936 408 2002 qai
433 1935 585 1988 simultates
599 1939 625 1988 ct
638 1935 697 1989 lites
708 1937 778 1989 irater·
790 1949 818 1988 sc
828 1933 884 1986 ltu-

94 2003 167 2064 bent,
183 2004 253 2057 alter
262 2019 353 2058 cortun
369 2005 498 2059 reclamatis
511 2007 627 2060 ulterarrn
639 2022 693 2060 raon
702 2008 791 2076 possit
803 2006 884 2058 testi-

92 2075 215 2128 monium
225 2078 358 2145 proferre.

92 2184 150 2237 lae.
167 2181 268 2238 hdhuc
278 2183 448 2253 superstites
460 2184 631 2241 suntidouei
646 2190 741 2253 testea,
754 2183 804 2255 qni
821 2185 885 2239 For-

57 2283 173 2326 mosum
187 2284 242 2328 non
259 2271 314 2328 ritc
326 2272 552 2329 inthronizatum
565 2273 666 2345 inisse,
680 2274 729 2330 sed
746 2274 775 2328 in
785 2273 883 2328 codem

57 2359 162 2416 ordine
176 2374 259 2432 quem
277 2361 398 2417 habebat
413 2361 517 2418 iterum
531 2363 588 2419 sibi
602 2378 703 2418 manus
718 2361 885 2432 impositio-

58 2462 124 2503 nem
138 2448 230 2506 trlbui
244 2448 347 2506 iecisse
363 2450 563 2507 testificantur.
580 2454 646 2506 Der.
661 2453 723 2506 llaec
738 2449 885 2506 accusatio

60 2539 177 2607 penitus
191 2538 314 2596 absurda
329 2554 390 2596 csse
402 2541 637 2610 deprehenditur,
658 2540 789 2611 alioquin
802 2539 886 2608 juxta

58 2633 138 2684 tuam
150 2629 321 2684 sententiam
338 2643 393 2685 non
407 2628 524 2686 inerunt
539 2630 678 2700 episcopi,
694 2629 744 2700 qui
760 2642 824 2684 eum
837 2627 888 2681 in-

59 2717 306 2787 thronizaverunt,
317 2720 364 2775 sed
377 2719 473 2789 potius
486 2720 569 2775 bruta
579 2719 727 2775 animalia.
738 2720 796 2789 Ego
809 2715 885 2772 enim

58 2811 87 2860 ct
103 2819 160 2862 non
173 2807 257 2878 pauci
273 2821 394 2879 mecum,
410 2815 487 2865 certo
500 2809 608 2865 certius
617 2815 793 2879 compertum
806 2804 887 2860 habe·

61 2909 136 2966 inas,
162 2895 231 2967 qnia
246 2896 304 2951 haec
317 2897 352 2953 dc
374 2898 507 2954 Formosa
523 2912 579 2954 non
592 2897 644 2953 alii
666 2895 802 2965 referunt,
829 2893 886 2948 nisi

60 2983 111 3053 ιμιί
137 2983 300 3040 simultates
319 2991 347 3041 et
362 2985 521 3041 inimicitas
542 3000 606 3042 cum
620 3000 652 3041 eo
669 2984 838 3040 habuerunt.
852 2984 887 3037 Et

938 1828 1057 1884 sendum
1074 1828 1139 1896 erit,
1156 1827 1206 1898 qui
1221 1832 1263 1883 tot
1277 1827 1476 1898 episcoporum
1493 1824 1656 1880 sanctiones
1667 1821 1767 1878 irritas

938 1914 1040 1985 iacere,
1053 1929 1108 2003 uor‘r
1119 1915 1204 1971 veriti
1220 1916 1299 1971 estis.

936 2024 1000 2080 Cae.
1025 2024 1118 2078 XXX.
1136 2054 1174 2064 -
1195 2027 1231 2079 lle
1251 2025 1346 2079 scelere
1359 2024 1432 2092 qood
1448 2025 1478 2077 in
1489 2022 1606 2076 eamcam
1616 2034 1696 2090 pape
1705 2020 1768 2073 Fon

1177 2097 1246 2150 mosi
1261 2100 1450 2166 perpetratum
1468 2098 1518 2148 est.

973 2187 1030 2240 lua.
1056 2185 1217 2255 Stephanus
1238 2185 1288 2255 qui
1316 2183 1420 2241 tertius
1445 2196 1462 2238 a
1488 2183 1621 2238 For-moso
1653 2177 1766 2235 exstitit

939 2289 1010 2344 papa
1025 2275 1156 2330 eumdem
1172 2275 1339 2331 Formosam
1355 2274 1425 2329 adeo
1441 2269 1593 2342 reprobum
1603 2282 1666 2325 esse
1677 2265 1763 2337 jadi-

939 2364 1024 2426 carit,
1037 2369 1064 2418 ct
1074 2364 1193 2419 cadaver
1204 2363 1267 2431 ejus
1288 2362 1323 2418 de
1346 2360 1458 2418 tumulo
1473 2359 1585 2416 extrahi
1601 2362 1629 2414 ct
1656 2357 1686 2411 in
1701 2368 1768 2411 con·

940 2452 1041 2509 cilium
1065 2453 1191 2522 pertrahi
1212 2452 1326 2520 laceret,
1345 2451 1444 2523 ibique
1456 2464 1520 2507 eum
1533 2446 1668 2520 pristinis
1682 2443 1768 2500 vesti·

941 2543 995 2599 bus
1013 2543 1201 2610 denudantes,
1223 2543 1296 2598 laico
1321 2541 1428 2598 amictu
1453 2540 1627 2607 velaverunt,
1643 2539 1671 2591 ει
1689 2532 1767 2589 ferro

940 2631 1054 2688 duobus
1068 2631 1174 2687 dextrae
1187 2632 1292 2703 digitis
1310 2629 1477 2701 amputatis,
1495 2630 1524 2685 in
1539 2625 1660 2697 quodam
1683 2634 1767 2693 pere-

941 2722 1090 2791 grinorum
1116 2721 1227 2777 tumulo
1254 2720 1439 2791 sepelierunt,
1465 2733 1515 2775 uec
1533 2717 1623 2773 multo
1647 2719 1711 2785 post
1736 2711 1766 2768 in

940 2811 1106 2867 Tiberinum
1117 2811 1236 2867 lluviam
1248 2810 1473 2881 precipitarunt.
1485 2810 1550 2863 Dar.
1561 2805 1653 2863 Sicuti
1663 2802 1766 2860 belluae

943 2899 1133 2955 humanitatis
1150 2901 1330 2956 immemores
1340 2898 1483 2970 quomodo
1499 2896 1712 2962 intellexerunt,
1726 2892 1767 2949 ita

941 2992 969 3041 ct
983 2987 1092 3056 operati
1109 2995 1186 3042 siant.
1206 2987 1361 3042 hliserrrmi
1376 2986 1425 3042 ubi
1440 2985 1493 3041 hoc
1504 2982 1692 3040 didicerunt?
1701 2994 1771 3051 prae·

59 3085 159 3128 revera
169 3086 224 3128 non
239 3073 331 3129 solnm
345 3074 453 3143 divina,
468 3075 616 3130 sedetiam
629 3075 752 3130 humana
763 3073 806 3128 lex
821 3085 888 3142 pue
902 3052 926 3115 C
942 3076 1040 3131 sertim
1055 3090 1119 3132 cam
1141 3076 1281 3131 Dominus
1294 3089 1350 3131 nou
1374 3074 1492 3143 dixerit,
1505 3073 1689 3142 Quaecunque
1699 3068 1771 3139 liga·

59 3161 135 3231 cipit
151 3162 240 3232 utqui
253 3162 351 3235 iurgia
362 3171 389 3220 et
403 3164 509 3220 litcsad
520 3164 641 3219 invicem
659 3162 889 3217 haberenoscun-

61 3256 119 3319 tur,
134 3249 207 3306 alter
221 3263 319 3307 eorum
332 3252 469 3308 adversus
481 3252 604 3310 altcrmu
614 3249 810 3307 testimonium
828 3261 889 3318 pro

61 3341 136 3397 icrre
151 3339 270 3396 minime
294 3341 394 3410 possit.
412 3341 484 3398 llinc
498 3347 541 3397 est
554 3341 628 3411 quod
641 3339 795 3395 hnacletus
818 3351 888 3407 papa

60 3427 152 3484 dicit:
168 3429 355 3486 Accusatores
368 3437 462 3487 antem
477 3438 505 3486 et
519 3436 605 3486 testes
615 3443 677 3485 esse
688 3443 743 3485 non
758 3430 887 3498 possunt,

63 3517 112 3587 qni
128 3523 196 3573 ante
211 3517 375 3576 hesternum
391 3526 442 3576 aut
457 3519 757 3577 nudiustertiusdicm
774 3515 888 3572 inimici

62 3607 199 3675 luerunt3
220 3623 254 3665 ne
265 3609 332 3666 irati
349 3624 450 3667 nocere
473 3611 601 3680 cupiant,
618 3623 651 3664 ne
662 3609 722 3664 laesi
737 3607 890 3664 ulciscive·

61 3696 887 3770 lint.llincetiametSixtuspapascripsitzNon,inquiens,

60 3788 281 3845 accusatoribus
299 3789 452 3859 suspectis,
477 3788 520 3844 vel
535 3789 570 3844 de
596 3788 779 3843 inimicorum
806 3786 891 3841 domo

62 3878 284 3948 prodeuntibus,
294 3878 526 3934 esteredendum.
540 3879 613 3946 Papa
623 3874 893 3947 quoquelelespho-

62 3982 127 4024 rus:
145 3968 181 4023 lli
196 3981 262 4023 vero
273 3968 323 4037 qui
340 3967 453 4022 inimici
469 3971 618 4022 morantur
632 3972 683 4021 aut
698 3965 748 4036 qni
765 3960 891 4033 suspecti

62 4056 216 4127 habentur,
229 4057 346 4113 minime
355 4057 541 4127 recipiantur,
552 4056 621 4127 qnia
631 4069 730 4111 eorum
747 4050 892 4109 aemulatio

62 4147 172 4203 lacerat
185 4147 360 4202 innocentes.

61 4255 128 4311 Cae.
148 4255 276 4310 XXt'lll.
290 4284 327 4294 -
346 4254 423 4320 Quod
446 4256 595 4308 locutorium
610 4254 750 4322 judicium
775 4255 893 4320 quatuo-r

222 4327 347 4395 personis
360 4327 513 4394 justissime
540 4326 739 4395 comprobatur.

942 3165 1043 3219 veritis
1053 3163 1106 3219 sub
1118 3169 1203 3231 terra,
1215 3163 1256 3220 vel
1271 3163 1325 3219 sub
1340 3162 1467 3232 llumine,
1481 3160 1529 3217 sed
1539 3160 1596 3215 ait:
1611 3157 1771 3227 «Quaecun-

943 3267 998 3323 que
1012 3252 1174 3324 ligaveritis
1184 3267 1270 3322 super
1282 3258 1397 3321 terram,
1411 3256 1496 3306 erunt
1512 3249 1599 3320 ligata
1611 3251 1640 3303 et
1653 3245 1683 3300 in
1698 3242 1770 3300 coelo

920 3369 922 3373 ·
943 3341 1194 3409 (alenconensis
1219 3344 1259 3398 be
1272 3341 1380 3397 talibus
1401 3340 1478 3396 enim
1504 3336 1660 3409 Apostolus
1681 3333 1766 3402 dicit,

942 3431 1064 3501 Quidam
1084 3431 1175 3486 zelum
1201 3451 1214 3483 ι
1240 3431 1291 3486 Dei
1316 3428 1430 3498 habent,
1457 3428 1505 3483 sed
1532 3440 1587 3482 non
1609 3422 1766 3481 secundum

944 3520 1093 3576 scientiam
1120 3521 1212 3590 (liora.
1225 3533 1244 3575 x
1249 3522 1272 3591 l.
1291 3538 1304 3569 ι
1328 3519 1400 3575 Proh
1423 3516 1534 3573 scelusl
1550 3514 1650 3572 saltem
1673 3509 1769 3584 poeti-

944 3622 1005 3664 cam
1020 3610 1164 3665 attendere
1174 3609 1336 3665 debuerunt
1346 3607 1536 3664 sententiam:

1007 3708 1090 3757 Parce
1104 3710 1159 3770 pias
1179 3709 1302 3757 scelerare
1319 3705 1482 3768 manns,jam
1497 3718 1573 3767 parce
1588 3702 1704 3766 sepulto!

981 3799 1179 3855 Verumtamen
1188 3798 1213 3854 si
1228 3797 1392 3868 huiusmodi
1403 3797 1438 3853 de
1450 3796 1516 3851 sede
1527 3795 1562 3850 ad
1573 3794 1666 3851 sedem
1679 3795 1772 3848 trans·

947 3881 1769 3957 latioquodammodoillicitalnisset,nonaeecclesiastica

947 3976 1051 4046 pietate
1075 3976 1195 4031 tolerare
1225 3981 1255 4029 et
1288 3989 1344 4030 non
1381 3973 1523 4030 inauditis
1546 3968 1770 4027 crudelitatibus

946 4077 1115 4135 exaggerare
1127 4062 1293 4121 debuerant.
1311 4070 1340 4118 et
1362 4064 1404 4119 sic
1419 4061 1533 4118 demum
1559 4061 1695 4116 advocata
1709 4057 1773 4115 nni·

946 4150 1050 4207 versali
1074 4152 1180 4221 synodo
1207 4151 1378 4222 generaliter
1399 4156 1557 4221 censerent,
1586 4155 1617 4205 ut
1634 4147 1772 4216 deinceps

947 4241 1072 4296 Romana
1082 4240 1185 4296 civitas
1195 4241 1251 4295 talc
1262 4241 1331 4311 quid
1348 4240 1526 4295 committere
1537 4251 1592 4292 non
1605 4237 1731 4293 auderet.

946 4349 1012 4403 Car.
1029 4348 1133 4408 XXXl,
1158 4379 1195 4390 -
1222 4347 1298 4413 Quod
1318 4347 1356 4400 od
1379 4346 1578 4415 testificandum
1611 4359 1671 4412 quac
1697 4343 1770 4394 rectu

99 4433 157 4488 lar.
174 4431 319 4487 Fortassis
329 4445 425 4487 coram
438 4432 589 4500 jndicibus
605 4445 655 4501 pro
672 4432 805 4486 Formoso
819 4441 891 4483 cau·
904 4424 931 4485 D
1036 4427 1101 4474 tutti
1122 4421 1227 4474 nullius
1242 4421 1329 4488 ortilis
1342 4419 1418 4472 borrw
1429 4416 1616 4487 prohibendus
1635 4415 1680 4468 sii·

63 4534 124 4578 sam
137 4520 234 4576 dicere
255 4520 337 4591 velis,
353 4526 532 4576 accusatores
548 4524 649 4590 praesro
669 4521 755 4576 sunt:
779 4516 890 4586 accede,

64 4617 97 4666 at
123 4608 201 4680 quod
216 4609 304 4679 hujus
326 4609 525 4666 altercationis
549 4623 646 4665 verum
668 4613 720 4677 cst,
749 4605 894 4663 luculento

62 4698 198 4754 examine
209 4699 357 4754 clarescat.
377 4700 443 4753 Der.
459 4701 519 4755 Non
537 4695 823 4768 possumusjustitia
839 4692 896 4763 pal-

63 4801 139 4844 mam
153 4787 283 4844 obtinere
297 4788 373 4858 apud
386 4802 435 4844 eos
451 4787 503 4859 qni
518 4791 605 4844 testes
621 4787 707 4842 iidem
724 4784 853 4856 suntqui
867 4788 896 4839 et

59 4877 180 4947 jndices
202 4876 367 4948 pariterque
388 4883 587 4933 accusatores:
609 4876 752 4946 siquidem
771 4877 895 4944 quatuor

59 4966 199 5037 ,personis
213 4980 296 5023 omne
301 4966 498 5036 justissimum
514 4963 893 5034 consummaturJ'udicium,

62 5056 194 5113 accusati
205 5056 340 5111 videlicet
352 5056 574 5124 etaccnsatoris,
587 5055 703 5111 testium
721 5052 808 5109 simul
819 5053 897 5120 etja-

62 5145 173 5203 dicum.
199 5147 294 5216 Neque
310 5147 386 5202 enim
412 5146 447 5201 dc
468 5144 626 5201 levioribus
647 5144 744 5199 causis
775 5141 896 5213 quaestio

63 5234 240 5293 veritilatur:
257 5236 376 5305 proinde
391 5250 504 5291 neccsse
519 5239 562 5290 est
585 5240 616 5290 ιιι
627 5240 743 5289 auctore
758 5234 814 5287 Deo
825 5244 897 5287 con-

64 5329 201 5398 gregetur
215 5325 375 5381 universale
390 5325 560 5393 concilium,
576 5331 614 5390 et,
628 5322 662 5377 ad
688 5322 780 5375 instar
802 5319 896 5391 magni

63 5415 262 5484 Constantini,
276 5413 391 5469 intersit
403 5414 479 5485 regis
492 5411 653 5483 praesentia,
664 5416 692 5465 et
709 5415 777 5465 tunc
792 5408 898 5463 istius-

65 5504 145 5560 modi
155 5502 323 5559 scaudalum
337 5501 495 5574 sedabitur,
508 5509 536 5558 et
545 5499 679 5557 Ecclesia
693 5511 746 5568 pax
758 5497 898 5553 instanra-

65 5592 158 5649 bitur.

264 5692 384 5747 Parnoi..
412 5689 538 5747 CXXIX.

984 4513 1037 4566 lus.
1054 4510 1177 4565 Tandem
1189 4508 1345 4579 aliquando
1359 4509 1394 4564 ad
1410 4512 1437 4563 tc
1451 4509 1582 4562 revertar.
1598 4504 1686 4559 Porro
1704 4513 1769 4558 cum

948 4601 990 4656 sis
1004 4602 1087 4655 homo
1101 4605 1204 4655 exterae
1225 4599 1329 4671 gentis,
1345 4603 1373 4653 ει
1394 4596 1468 4668 apud
1490 4610 1541 4653 nos
1563 4596 1694 4651 hnmanae
1706 4591 1772 4647 ritae

949 4689 1092 4745 subsidiis
1104 4688 1244 4760 indigeas,
1261 4688 1331 4759 quid
1352 4688 1387 4743 ad
1404 4693 1431 4743 te
1446 4687 1570 4757 pertinet
1586 4680 1774 4740 nostrisresi-

949 4783 1024 4833 stere
1035 4776 1295 4847 disceptationibus
1302 4775 1316 4829 ⁶?
1323 4776 1390 4831 Dar.
1406 4778 1510 4832 Notum
1522 4774 1625 4832 tibisit
1635 4770 1772 4844 quoniam

951 4868 1033 4924 illius
1052 4867 1164 4940 generis
1177 4882 1240 4923 sum
1258 4867 1332 4936 quod
1347 4865 1495 4935 apostolus
1517 4865 1619 4920 Petrus
1642 4862 1688 4918 his
1714 4860 1774 4917 lau·

949 4958 1036 5015 dibus
1059 4956 1189 5012 extollit:
1221 4955 1276 5011 Vos
1301 4955 1394 5011 estis«
1410 4968 1500 5026 genus
1520 4954 1652 5021 electum,
1679 4951 1777 5023 regale

950 5045 1153 5116 sacerdotium,
1177 5059 1246 5116 gens
1267 5050 1375 5116 sancta,
1410 5043 1535 5114 populus
1566 5038 1772 5113 acquisitionis

952 5136 984 5204 (l
995 5137 1067 5189 Pctr.
1084 5134 1132 5206 ιι).
1152 5152 1165 5184 a
1181 5135 1215 5189 Et
1231 5134 1299 5204 quia
1323 5134 1376 5189 istc
1389 5132 1512 5203 populus
1539 5146 1588 5202 per
1607 5132 1773 5187 universum

951 5223 1046 5279 orbem
1076 5231 1215 5280 terrarum
1242 5223 1388 5278 Christum
1416 5222 1517 5278 adorat
1545 5225 1574 5277 et
1601 5219 1680 5285 colit,
1712 5228 1774 5284 pro

953 5319 1047 5382 pterea
1061 5314 1136 5369 inter
1149 5327 1198 5370 cos
1211 5313 1476 5384 recipiendassnm,
1490 5319 1519 5367 et
1534 5324 1550 5365 a
1562 5309 1681 5365 veritate
1695 5301 1775 5357 testi·

953 5401 1061 5458 ilcanda
1078 5416 1218 5473 nusquam
1245 5401 1450 5458 excludendus.
1466 5399 1537 5469 Quis
1561 5395 1636 5451 enim
1667 5388 1776 5446 nesciat

952 5511 986 5552 ex
1001 5492 1127 5548 llebraeis
1141 5489 1231 5549 luisse
1252 5490 1406 5560 apostolos,
1429 5488 1479 5558 qui
1504 5488 1632 5540 sanctum
1653 5480 1777 5549 Evange-

954 5585 1025 5640 lium
1050 5594 1102 5637 sua
1129 5580 1332 5651 predicatione
1358 5578 1388 5632 ln
1413 5581 1472 5631 toto
1493 5571 1599 5628 mundo
1624 5578 1776 5625 coruscare

1598 5666 1634 5727 es
