<?xml version="1.0" encoding="UTF-8"?>
<!DOCTYPE html PUBLIC "-//W3C//DTD XHTML 1.0 Transitional//EN"
    "http://www.w3.org/TR/xhtml1/DTD/xhtml1-transitional.dtd">
<html xmlns="http://www.w3.org/1999/xhtml" xml:lang="en" lang="en">
 <head>
  <title>
</title>
<meta http-equiv="Content-Type" content="text/html;charset=utf-8" />
  <meta name='ocr-system' content='tesseract 3.04.00' />
  <meta name='ocr-capabilities' content='ocr_page ocr_carea ocr_par ocr_line ocrx_word'/>
</head>
<body>
  <div class='ocr_page' id='page_1' title='image "./patrologiaecurs06migngoog_0702.png"; bbox 0 0 3876 6090; ppageno 0'>
   <div class='ocr_carea' id='block_1_1' title="bbox 111 235 183 299">
    <p class='ocr_par' dir='ltr' id='par_1_1' title="bbox 111 235 183 299">
     <span class='ocr_line' id='line_1_1' title="bbox 111 235 183 299; baseline -0.069 0"><span class='ocrx_word' id='word_1_1' title='bbox 111 235 183 299; x_wconf 78' lang='lat' dir='ltr'><strong>l393</strong></span> 
     </span>
    </p>
   </div>
   <div class='ocr_carea' id='block_1_2' title="bbox 773 247 1156 312">
    <p class='ocr_par' dir='ltr' id='par_1_2' title="bbox 773 247 1156 312">
     <span class='ocr_line' id='line_1_2' title="bbox 773 247 1156 312; baseline 0.021 -10"><span class='ocrx_word' id='word_1_2' title='bbox 773 247 945 306; x_wconf 76' lang='lat' dir='ltr'><strong>EPISTOLAE</strong></span> <span class='ocrx_word' id='word_1_3' title='bbox 974 251 1156 312; x_wconf 72' lang='lat' dir='ltr'><strong>bonitate.</strong></span> 
     </span>
    </p>
   </div>
   <div class='ocr_carea' id='block_1_3' title="bbox 1745 254 1816 317">
    <p class='ocr_par' dir='ltr' id='par_1_3' title="bbox 1745 254 1816 317">
     <span class='ocr_line' id='line_1_3' title="bbox 1745 254 1816 317; baseline 0.028 -2"><span class='ocrx_word' id='word_1_4' title='bbox 1745 254 1816 317; x_wconf 58' lang='grc' dir='ltr'><strong>ΜΕ</strong></span> 
     </span>
    </p>
   </div>
   <div class='ocr_carea' id='block_1_4' title="bbox 112 363 1812 455">
    <p class='ocr_par' dir='ltr' id='par_1_4' title="bbox 112 363 1812 455">
     <span class='ocr_line' id='line_1_4' title="bbox 112 363 1812 455; baseline 0.01 -35"><span class='ocrx_word' id='word_1_5' title='bbox 112 363 279 420; x_wconf 82' lang='lat' dir='ltr'><strong>memoriam</strong></span> <span class='ocrx_word' id='word_1_6' title='bbox 296 377 391 422; x_wconf 91' lang='lat' dir='ltr'><strong>coram</strong></span> <span class='ocrx_word' id='word_1_7' title='bbox 407 373 504 424; x_wconf 92' lang='lat' dir='ltr'><strong>sancto</strong></span> <span class='ocrx_word' id='word_1_8' title='bbox 519 367 604 424; x_wconf 89' lang='lat' dir='ltr'><strong>altari</strong></span> <span class='ocrx_word' id='word_1_9' title='bbox 637 366 740 426; x_wconf 89' lang='lat' dir='ltr'><strong>habere</strong></span> <span class='ocrx_word' id='word_1_10' title='bbox 765 368 936 442; x_wconf 78' lang='lat' dir='ltr'><strong>dignemini,</strong></span> <span class='ocrx_word' id='word_1_11' title='bbox 952 365 977 425; x_wconf 74' lang='lat' dir='ltr'>A</span> <span class='ocrx_word' id='word_1_12' title='bbox 995 375 1115 434; x_wconf 82' lang='lat' dir='ltr'><strong>territas</strong></span> <span class='ocrx_word' id='word_1_13' title='bbox 1129 380 1292 452; x_wconf 81' lang='lat' dir='ltr'><strong>acolythum</strong></span> <span class='ocrx_word' id='word_1_14' title='bbox 1314 384 1469 441; x_wconf 86' lang='lat' dir='ltr'><strong>ordinavit.</strong></span> <span class='ocrx_word' id='word_1_15' title='bbox 1494 385 1654 455; x_wconf 74' lang='lat' dir='ltr'><strong>Propterea,</strong></span> <span class='ocrx_word' id='word_1_16' title='bbox 1677 381 1812 453; x_wconf 88' lang='lat' dir='ltr'><strong>quonlam</strong></span> 
     </span>
    </p>
   </div>
   <div class='ocr_carea' id='block_1_5' title="bbox 110 457 939 1679">
    <p class='ocr_par' dir='ltr' id='par_1_5' title="bbox 110 457 939 1679">
     <span class='ocr_line' id='line_1_5' title="bbox 111 457 939 532; baseline 0.011 -27"><span class='ocrx_word' id='word_1_17' title='bbox 111 457 270 525; x_wconf 78' lang='lat' dir='ltr'><strong>vestraque</strong></span> <span class='ocrx_word' id='word_1_18' title='bbox 291 469 335 512; x_wconf 90' lang='lat' dir='ltr'><strong>me</strong></span> <span class='ocrx_word' id='word_1_19' title='bbox 350 459 547 515; x_wconf 90' lang='lat' dir='ltr'><strong>commendare</strong></span> <span class='ocrx_word' id='word_1_20' title='bbox 573 459 714 532; x_wconf 78' lang='lat' dir='ltr'><strong>Ecclesia,</strong></span> <span class='ocrx_word' id='word_1_21' title='bbox 730 460 865 531; x_wconf 92' lang='lat' dir='ltr'><strong>quoniam</strong></span> <span class='ocrx_word' id='word_1_22' title='bbox 889 472 939 514; x_wconf 90' lang='lat' dir='ltr'><strong>ve-</strong></span> 
     </span>
     <span class='ocr_line' id='line_1_6' title="bbox 112 543 939 621; baseline 0.006 -25"><span class='ocrx_word' id='word_1_23' title='bbox 112 547 202 597; x_wconf 90' lang='lat' dir='ltr'><strong>stram</strong></span> <span class='ocrx_word' id='word_1_24' title='bbox 227 543 396 601; x_wconf 89' lang='lat' dir='ltr'><strong>charitatem</strong></span> <span class='ocrx_word' id='word_1_25' title='bbox 411 547 468 617; x_wconf 75' lang='lat' dir='ltr'><strong>ianr</strong></span> <span class='ocrx_word' id='word_1_26' title='bbox 493 547 523 603; x_wconf 94' lang='lat' dir='ltr'><strong>in</strong></span> <span class='ocrx_word' id='word_1_27' title='bbox 547 549 655 621; x_wconf 80' lang='lat' dir='ltr'><strong>premio</strong></span> <span class='ocrx_word' id='word_1_28' title='bbox 680 548 814 606; x_wconf 76' lang='lat' dir='ltr'><strong>Ecclesiae</strong></span> <span class='ocrx_word' id='word_1_29' title='bbox 835 551 939 604; x_wconf 79' lang='lat' dir='ltr'><strong>nostra</strong></span> 
     </span>
     <span class='ocr_line' id='line_1_7' title="bbox 112 630 936 708; baseline 0.006 -23"><span class='ocrx_word' id='word_1_30' title='bbox 112 630 285 701; x_wconf 76' lang='lat' dir='ltr'><strong>recepimus,</strong></span> <span class='ocrx_word' id='word_1_31' title='bbox 296 638 326 688; x_wconf 91' lang='lat' dir='ltr'><strong>et</strong></span> <span class='ocrx_word' id='word_1_32' title='bbox 346 647 397 703; x_wconf 89' lang='lat' dir='ltr'><strong>pro</strong></span> <span class='ocrx_word' id='word_1_33' title='bbox 411 634 494 691; x_wconf 86' lang='lat' dir='ltr'><strong>vobis</strong></span> <span class='ocrx_word' id='word_1_34' title='bbox 506 637 687 708; x_wconf 73' lang='lat' dir='ltr'><strong>quotidianis</strong></span> <span class='ocrx_word' id='word_1_35' title='bbox 704 636 838 707; x_wconf 90' lang='lat' dir='ltr'><strong>precibus</strong></span> <span class='ocrx_word' id='word_1_36' title='bbox 849 637 936 692; x_wconf 90' lang='lat' dir='ltr'><strong>Deum</strong></span> 
     </span>
     <span class='ocr_line' id='line_1_8' title="bbox 111 722 936 795; baseline 0.007 -22"><span class='ocrx_word' id='word_1_37' title='bbox 111 730 275 776; x_wconf 79' lang='lat' dir='ltr'><strong>exoramus.</strong></span> <span class='ocrx_word' id='word_1_38' title='bbox 310 722 448 779; x_wconf 86' lang='lat' dir='ltr'><strong>caeterum</strong></span> <span class='ocrx_word' id='word_1_39' title='bbox 484 726 640 795; x_wconf 88' lang='lat' dir='ltr'><strong>comperiat</strong></span> <span class='ocrx_word' id='word_1_40' title='bbox 670 726 808 782; x_wconf 88' lang='lat' dir='ltr'><strong>sanctitas</strong></span> <span class='ocrx_word' id='word_1_41' title='bbox 844 729 936 780; x_wconf 85' lang='lat' dir='ltr'><strong>vestra</strong></span> 
     </span>
     <span class='ocr_line' id='line_1_9' title="bbox 112 810 935 885; baseline 0.005 -21"><span class='ocrx_word' id='word_1_42' title='bbox 112 810 263 876; x_wconf 90' lang='lat' dir='ltr'><strong>quemdam</strong></span> <span class='ocrx_word' id='word_1_43' title='bbox 298 810 414 868; x_wconf 81' lang='lat' dir='ltr'><strong>tratrem</strong></span> <span class='ocrx_word' id='word_1_44' title='bbox 453 819 593 885; x_wconf 92' lang='lat' dir='ltr'><strong>nostrum,</strong></span> <span class='ocrx_word' id='word_1_45' title='bbox 618 818 648 871; x_wconf 93' lang='lat' dir='ltr'><strong>et</strong></span> <span class='ocrx_word' id='word_1_46' title='bbox 679 814 772 872; x_wconf 91' lang='lat' dir='ltr'><strong>lilium</strong></span> <span class='ocrx_word' id='word_1_47' title='bbox 802 812 935 869; x_wconf 78' lang='lat' dir='ltr'><strong>Ecclesia</strong></span> 
     </span>
     <span class='ocr_line' id='line_1_10' title="bbox 112 900 936 973; baseline 0.006 -22"><span class='ocrx_word' id='word_1_48' title='bbox 112 903 228 967; x_wconf 77' lang='lat' dir='ltr'><strong>nostrae,</strong></span> <span class='ocrx_word' id='word_1_49' title='bbox 244 901 359 956; x_wconf 88' lang='lat' dir='ltr'><strong>nominc</strong></span> <span class='ocrx_word' id='word_1_50' title='bbox 371 900 529 973; x_wconf 90' lang='lat' dir='ltr'><strong>Wliadum,</strong></span> <span class='ocrx_word' id='word_1_51' title='bbox 546 902 753 960; x_wconf 82' lang='lat' dir='ltr'><strong>subdiaconum</strong></span> <span class='ocrx_word' id='word_1_52' title='bbox 767 916 810 958; x_wconf 90' lang='lat' dir='ltr'><strong>me</strong></span> <span class='ocrx_word' id='word_1_53' title='bbox 826 905 936 972; x_wconf 88' lang='lat' dir='ltr'><strong>petente</strong></span> 
     </span>
     <span class='ocr_line' id='line_1_11' title="bbox 113 985 937 1064; baseline 0.007 -25"><span class='ocrx_word' id='word_1_54' title='bbox 113 985 253 1043; x_wconf 88' lang='lat' dir='ltr'><strong>traditum</strong></span> <span class='ocrx_word' id='word_1_55' title='bbox 276 989 347 1044; x_wconf 87' lang='lat' dir='ltr'><strong>mihi</strong></span> <span class='ocrx_word' id='word_1_56' title='bbox 369 1004 419 1059; x_wconf 90' lang='lat' dir='ltr'><strong>per</strong></span> <span class='ocrx_word' id='word_1_57' title='bbox 433 991 555 1064; x_wconf 88' lang='lat' dir='ltr'><strong>litteras,</strong></span> <span class='ocrx_word' id='word_1_58' title='bbox 572 1006 644 1064; x_wconf 92' lang='lat' dir='ltr'><strong>quas</strong></span> <span class='ocrx_word' id='word_1_59' title='bbox 657 991 849 1049; x_wconf 90' lang='lat' dir='ltr'><strong>ecclesiastica</strong></span> <span class='ocrx_word' id='word_1_60' title='bbox 864 1003 937 1046; x_wconf 95' lang='lat' dir='ltr'><strong>con-</strong></span> 
     </span>
     <span class='ocr_line' id='line_1_12' title="bbox 112 1075 935 1152; baseline 0.006 -24"><span class='ocrx_word' id='word_1_61' title='bbox 112 1076 237 1131; x_wconf 90' lang='lat' dir='ltr'><strong>suetudo</strong></span> <span class='ocrx_word' id='word_1_62' title='bbox 261 1075 398 1134; x_wconf 81' lang='lat' dir='ltr'><strong>formatas</strong></span> <span class='ocrx_word' id='word_1_63' title='bbox 424 1081 558 1152; x_wconf 90' lang='lat' dir='ltr'><strong>appellat,</strong></span> <span class='ocrx_word' id='word_1_64' title='bbox 585 1095 601 1137; x_wconf 93' lang='lat' dir='ltr'><strong>a</strong></span> <span class='ocrx_word' id='word_1_65' title='bbox 633 1081 790 1138; x_wconf 79' lang='lat' dir='ltr'><strong>venerabili</strong></span> <span class='ocrx_word' id='word_1_66' title='bbox 822 1078 935 1135; x_wconf 76' lang='lat' dir='ltr'><strong>libbone</strong></span> 
     </span>
     <span class='ocr_line' id='line_1_13' title="bbox 111 1165 936 1241; baseline 0.007 -24"><span class='ocrx_word' id='word_1_67' title='bbox 111 1165 256 1232; x_wconf 75' lang='lat' dir='ltr'><strong>‹puoridam</strong></span> <span class='ocrx_word' id='word_1_68' title='bbox 281 1167 433 1224; x_wconf 85' lang='lat' dir='ltr'><strong>Rhemensi</strong></span> <span class='ocrx_word' id='word_1_69' title='bbox 446 1170 674 1241; x_wconf 77' lang='lat' dir='ltr'><strong>archiepiscopo.</strong></span> <span class='ocrx_word' id='word_1_70' title='bbox 689 1172 725 1226; x_wconf 83' lang='lat' dir='ltr'><strong>lit</strong></span> <span class='ocrx_word' id='word_1_71' title='bbox 738 1170 807 1241; x_wconf 90' lang='lat' dir='ltr'><strong>quia</strong></span> <span class='ocrx_word' id='word_1_72' title='bbox 822 1169 936 1238; x_wconf 92' lang='lat' dir='ltr'><strong>impen-</strong></span> 
     </span>
     <span class='ocr_line' id='line_1_14' title="bbox 110 1252 936 1330; baseline 0.007 -25"><span class='ocrx_word' id='word_1_73' title='bbox 110 1252 250 1310; x_wconf 78' lang='lat' dir='ltr'><strong>dentibus</strong></span> <span class='ocrx_word' id='word_1_74' title='bbox 260 1254 432 1324; x_wconf 90' lang='lat' dir='ltr'><strong>quibusdam</strong></span> <span class='ocrx_word' id='word_1_75' title='bbox 443 1260 549 1328; x_wconf 91' lang='lat' dir='ltr'><strong>causis,</strong></span> <span class='ocrx_word' id='word_1_76' title='bbox 563 1265 713 1330; x_wconf 85' lang='lat' dir='ltr'><strong>postquam</strong></span> <span class='ocrx_word' id='word_1_77' title='bbox 728 1257 800 1314; x_wconf 89' lang='lat' dir='ltr'><strong>mihi</strong></span> <span class='ocrx_word' id='word_1_78' title='bbox 810 1253 936 1313; x_wconf 89' lang='lat' dir='ltr'><strong>traditus</strong></span> 
     </span>
     <span class='ocr_line' id='line_1_15' title="bbox 111 1342 937 1418; baseline 0.007 -25"><span class='ocrx_word' id='word_1_79' title='bbox 111 1347 183 1406; x_wconf 90' lang='lat' dir='ltr'><strong>erat,</strong></span> <span class='ocrx_word' id='word_1_80' title='bbox 200 1342 229 1397; x_wconf 92' lang='lat' dir='ltr'><strong>in</strong></span> <span class='ocrx_word' id='word_1_81' title='bbox 250 1345 364 1413; x_wconf 91' lang='lat' dir='ltr'><strong>propria</strong></span> <span class='ocrx_word' id='word_1_82' title='bbox 388 1348 526 1403; x_wconf 83' lang='lat' dir='ltr'><strong>remansit</strong></span> <span class='ocrx_word' id='word_1_83' title='bbox 545 1347 681 1418; x_wconf 83' lang='lat' dir='ltr'><strong>Ecclesia,</strong></span> <span class='ocrx_word' id='word_1_84' title='bbox 698 1361 742 1403; x_wconf 92' lang='lat' dir='ltr'><strong>me</strong></span> <span class='ocrx_word' id='word_1_85' title='bbox 768 1351 937 1418; x_wconf 80' lang='lat' dir='ltr'><strong>suggerente</strong></span> 
     </span>
     <span class='ocr_line' id='line_1_16' title="bbox 110 1431 936 1509; baseline 0.006 -26"><span class='ocrx_word' id='word_1_86' title='bbox 110 1431 331 1488; x_wconf 84' lang='lat' dir='ltr'><strong>ordinaviteum</strong></span> <span class='ocrx_word' id='word_1_87' title='bbox 345 1434 417 1490; x_wconf 89' lang='lat' dir='ltr'><strong>idem</strong></span> <span class='ocrx_word' id='word_1_88' title='bbox 433 1436 509 1492; x_wconf 88' lang='lat' dir='ltr'><strong>Ehbo</strong></span> <span class='ocrx_word' id='word_1_89' title='bbox 520 1437 548 1491; x_wconf 93' lang='lat' dir='ltr'><strong>in</strong></span> <span class='ocrx_word' id='word_1_90' title='bbox 560 1437 838 1509; x_wconf 79' lang='lat' dir='ltr'><strong>gradudiaconatus.</strong></span> <span class='ocrx_word' id='word_1_91' title='bbox 856 1437 936 1490; x_wconf 88' lang='lat' dir='ltr'><strong>Nunc</strong></span> 
     </span>
     <span class='ocr_line' id='line_1_17' title="bbox 110 1523 937 1596; baseline 0.005 -22"><span class='ocrx_word' id='word_1_92' title='bbox 110 1526 219 1586; x_wconf 88' lang='lat' dir='ltr'><strong>autern,</strong></span> <span class='ocrx_word' id='word_1_93' title='bbox 235 1523 304 1592; x_wconf 89' lang='lat' dir='ltr'><strong>qnia</strong></span> <span class='ocrx_word' id='word_1_94' title='bbox 320 1524 403 1579; x_wconf 91' lang='lat' dir='ltr'><strong>scitis</strong></span> <span class='ocrx_word' id='word_1_95' title='bbox 424 1539 488 1581; x_wconf 90' lang='lat' dir='ltr'><strong>euru</strong></span> <span class='ocrx_word' id='word_1_96' title='bbox 511 1533 628 1596; x_wconf 90' lang='lat' dir='ltr'><strong>propter</strong></span> <span class='ocrx_word' id='word_1_97' title='bbox 641 1540 743 1583; x_wconf 91' lang='lat' dir='ltr'><strong>causas</strong></span> <span class='ocrx_word' id='word_1_98' title='bbox 763 1524 937 1581; x_wconf 90' lang='lat' dir='ltr'><strong>necessarias</strong></span> 
     </span>
     <span class='ocr_line' id='line_1_18' title="bbox 111 1610 937 1679; baseline 0.005 -16"><span class='ocrx_word' id='word_1_99' title='bbox 111 1610 143 1664; x_wconf 92' lang='lat' dir='ltr'><strong>in</strong></span> <span class='ocrx_word' id='word_1_100' title='bbox 159 1611 289 1679; x_wconf 89' lang='lat' dir='ltr'><strong>partibus</strong></span> <span class='ocrx_word' id='word_1_101' title='bbox 302 1614 403 1669; x_wconf 85' lang='lat' dir='ltr'><strong>vestris</strong></span> <span class='ocrx_word' id='word_1_102' title='bbox 414 1615 528 1670; x_wconf 90' lang='lat' dir='ltr'><strong>morari.</strong></span> <span class='ocrx_word' id='word_1_103' title='bbox 545 1616 621 1671; x_wconf 90' lang='lat' dir='ltr'><strong>sicut</strong></span> <span class='ocrx_word' id='word_1_104' title='bbox 637 1615 708 1670; x_wconf 89' lang='lat' dir='ltr'><strong>mihi</strong></span> <span class='ocrx_word' id='word_1_105' title='bbox 723 1614 937 1671; x_wconf 85' lang='lat' dir='ltr'><strong>commendatus</strong></span> 
     </span>
    </p>
   </div>
   <div class='ocr_carea' id='block_1_6' title="bbox 990 463 1815 1697">
    <p class='ocr_par' dir='ltr' id='par_1_6' title="bbox 991 463 1815 880">
     <span class='ocr_line' id='line_1_19' title="bbox 993 463 1814 529; baseline 0.005 -8"><span class='ocrx_word' id='word_1_106' title='bbox 993 463 1056 521; x_wconf 84' lang='lat' dir='ltr'><strong>aine</strong></span> <span class='ocrx_word' id='word_1_107' title='bbox 1066 471 1159 524; x_wconf 86' lang='lat' dir='ltr'><strong>vestra</strong></span> <span class='ocrx_word' id='word_1_108' title='bbox 1179 469 1296 528; x_wconf 90' lang='lat' dir='ltr'><strong>licentia</strong></span> <span class='ocrx_word' id='word_1_109' title='bbox 1307 485 1372 528; x_wconf 91' lang='lat' dir='ltr'><strong>eum</strong></span> <span class='ocrx_word' id='word_1_110' title='bbox 1392 472 1566 529; x_wconf 91' lang='lat' dir='ltr'><strong>nolumusin</strong></span> <span class='ocrx_word' id='word_1_111' title='bbox 1583 475 1679 529; x_wconf 88' lang='lat' dir='ltr'><strong>nostra</strong></span> <span class='ocrx_word' id='word_1_112' title='bbox 1693 469 1814 527; x_wconf 90' lang='lat' dir='ltr'><strong>ecclesia</strong></span> 
     </span>
     <span class='ocr_line' id='line_1_20' title="bbox 992 550 1815 630; baseline 0.011 -26"><span class='ocrx_word' id='word_1_113' title='bbox 992 550 1108 610; x_wconf 91' lang='lat' dir='ltr'><strong>diutino</strong></span> <span class='ocrx_word' id='word_1_114' title='bbox 1123 561 1248 628; x_wconf 89' lang='lat' dir='ltr'><strong>tempore</strong></span> <span class='ocrx_word' id='word_1_115' title='bbox 1260 559 1418 630; x_wconf 87' lang='lat' dir='ltr'><strong>immorari,</strong></span> <span class='ocrx_word' id='word_1_116' title='bbox 1439 562 1562 630; x_wconf 88' lang='lat' dir='ltr'><strong>petimus</strong></span> <span class='ocrx_word' id='word_1_117' title='bbox 1575 560 1759 617; x_wconf 89' lang='lat' dir='ltr'><strong>dilectionem</strong></span> <span class='ocrx_word' id='word_1_118' title='bbox 1771 571 1815 614; x_wconf 88' lang='grc' dir='ltr'><strong>νο-</strong></span> 
     </span>
     <span class='ocr_line' id='line_1_21' title="bbox 992 645 1810 715; baseline 0.009 -21"><span class='ocrx_word' id='word_1_119' title='bbox 992 645 1091 712; x_wconf 89' lang='lat' dir='ltr'><strong>stram,</strong></span> <span class='ocrx_word' id='word_1_120' title='bbox 1109 646 1187 701; x_wconf 90' lang='lat' dir='ltr'><strong>atde</strong></span> <span class='ocrx_word' id='word_1_121' title='bbox 1202 647 1253 703; x_wconf 92' lang='lat' dir='ltr'><strong>illo</strong></span> <span class='ocrx_word' id='word_1_122' title='bbox 1277 647 1361 705; x_wconf 93' lang='lat' dir='ltr'><strong>nobis</strong></span> <span class='ocrx_word' id='word_1_123' title='bbox 1374 649 1487 705; x_wconf 88' lang='lat' dir='ltr'><strong>litteras</strong></span> <span class='ocrx_word' id='word_1_124' title='bbox 1507 649 1660 706; x_wconf 89' lang='lat' dir='ltr'><strong>canonicas</strong></span> <span class='ocrx_word' id='word_1_125' title='bbox 1685 647 1810 715; x_wconf 83' lang='lat' dir='ltr'><strong>faciatis,</strong></span> 
     </span>
     <span class='ocr_line' id='line_1_22' title="bbox 992 734 1813 809; baseline 0.009 -26"><span class='ocrx_word' id='word_1_126' title='bbox 992 736 1133 799; x_wconf 89' lang='lat' dir='ltr'><strong>quatenus</strong></span> <span class='ocrx_word' id='word_1_127' title='bbox 1149 747 1214 791; x_wconf 92' lang='lat' dir='ltr'><strong>eum</strong></span> <span class='ocrx_word' id='word_1_128' title='bbox 1229 735 1258 791; x_wconf 90' lang='lat' dir='ltr'><strong>in</strong></span> <span class='ocrx_word' id='word_1_129' title='bbox 1279 736 1406 793; x_wconf 87' lang='lat' dir='ltr'><strong>Ecclesia</strong></span> <span class='ocrx_word' id='word_1_130' title='bbox 1427 745 1524 794; x_wconf 91' lang='lat' dir='ltr'><strong>nostra</strong></span> <span class='ocrx_word' id='word_1_131' title='bbox 1539 737 1683 808; x_wconf 90' lang='lat' dir='ltr'><strong>possimus</strong></span> <span class='ocrx_word' id='word_1_132' title='bbox 1695 734 1813 809; x_wconf 76' lang='lat' dir='ltr'><strong>regula·</strong></span> 
     </span>
     <span class='ocr_line' id='line_1_23' title="bbox 991 818 1220 880; baseline 0.026 -8"><span class='ocrx_word' id='word_1_133' title='bbox 991 818 1014 873; x_wconf 95' lang='lat' dir='ltr'><strong>ri</strong></span> <span class='ocrx_word' id='word_1_134' title='bbox 1021 824 1063 874; x_wconf 89' lang='lat' dir='ltr'><strong>ter</strong></span> <span class='ocrx_word' id='word_1_135' title='bbox 1077 822 1220 880; x_wconf 93' lang='lat' dir='ltr'><strong>ordinare.</strong></span> 
     </span>
    </p>

    <p class='ocr_par' dir='ltr' id='par_1_7' title="bbox 990 909 1814 1162">
     <span class='ocr_line' id='line_1_24' title="bbox 1023 909 1814 983; baseline 0.009 -21"><span class='ocrx_word' id='word_1_136' title='bbox 1023 909 1321 971; x_wconf 87' lang='lat' dir='ltr'><strong>llincmarnsnomine</strong></span> <span class='ocrx_word' id='word_1_137' title='bbox 1341 929 1397 972; x_wconf 92' lang='lat' dir='ltr'><strong>non</strong></span> <span class='ocrx_word' id='word_1_138' title='bbox 1425 915 1526 972; x_wconf 89' lang='lat' dir='ltr'><strong>merito</strong></span> <span class='ocrx_word' id='word_1_139' title='bbox 1549 915 1722 976; x_wconf 84' lang='lat' dir='ltr'><strong>Rhemorum</strong></span> <span class='ocrx_word' id='word_1_140' title='bbox 1747 911 1814 983; x_wconf 91' lang='lat' dir='ltr'><strong>epi·</strong></span> 
     </span>
     <span class='ocr_line' id='line_1_25' title="bbox 990 1003 1813 1072; baseline 0.007 -20"><span class='ocrx_word' id='word_1_141' title='bbox 990 1010 1103 1071; x_wconf 85' lang='lat' dir='ltr'><strong>seopus,</strong></span> <span class='ocrx_word' id='word_1_142' title='bbox 1117 1014 1150 1058; x_wconf 94' lang='lat' dir='ltr'><strong>ac</strong></span> <span class='ocrx_word' id='word_1_143' title='bbox 1161 1003 1253 1072; x_wconf 88' lang='lat' dir='ltr'><strong>plebis</strong></span> <span class='ocrx_word' id='word_1_144' title='bbox 1265 1005 1314 1060; x_wconf 87' lang='lat' dir='ltr'><strong>Dei</strong></span> <span class='ocrx_word' id='word_1_145' title='bbox 1328 1003 1454 1061; x_wconf 83' lang='lat' dir='ltr'><strong>famulus</strong></span> <span class='ocrx_word' id='word_1_146' title='bbox 1466 1005 1571 1062; x_wconf 90' lang='lat' dir='ltr'><strong>dilecto</strong></span> <span class='ocrx_word' id='word_1_147' title='bbox 1587 1003 1670 1061; x_wconf 88' lang='lat' dir='ltr'><strong>iratri</strong></span> <span class='ocrx_word' id='word_1_148' title='bbox 1685 1009 1713 1060; x_wconf 91' lang='grc' dir='ltr'><strong>οῖ</strong></span> <span class='ocrx_word' id='word_1_149' title='bbox 1724 1014 1813 1060; x_wconf 84' lang='grc' dir='ltr'><strong>τοτο-</strong></span> 
     </span>
     <span class='ocr_line' id='line_1_26' title="bbox 991 1088 1472 1162; baseline 0.017 -21"><span class='ocrx_word' id='word_1_150' title='bbox 991 1088 1076 1144; x_wconf 88' lang='lat' dir='ltr'><strong>rabili</strong></span> <span class='ocrx_word' id='word_1_151' title='bbox 1087 1090 1221 1162; x_wconf 89' lang='lat' dir='ltr'><strong>episcopo</strong></span> <span class='ocrx_word' id='word_1_152' title='bbox 1235 1094 1328 1149; x_wconf 83' lang='lat' dir='ltr'><strong>AEneae</strong></span> <span class='ocrx_word' id='word_1_153' title='bbox 1342 1095 1472 1151; x_wconf 86' lang='lat' dir='ltr'><strong>salutem.</strong></span> 
     </span>
    </p>

    <p class='ocr_par' dir='ltr' id='par_1_8' title="bbox 991 1177 1814 1697">
     <span class='ocr_line' id='line_1_27' title="bbox 1025 1177 1814 1252; baseline 0.004 -20"><span class='ocrx_word' id='word_1_154' title='bbox 1025 1177 1167 1236; x_wconf 83' lang='lat' dir='ltr'><strong>canonica</strong></span> <span class='ocrx_word' id='word_1_155' title='bbox 1188 1186 1274 1252; x_wconf 90' lang='lat' dir='ltr'><strong>atque</strong></span> <span class='ocrx_word' id='word_1_156' title='bbox 1287 1183 1481 1240; x_wconf 84' lang='lat' dir='ltr'><strong>ecclesiastica</strong></span> <span class='ocrx_word' id='word_1_157' title='bbox 1497 1183 1590 1240; x_wconf 91' lang='lat' dir='ltr'><strong>sancit</strong></span> <span class='ocrx_word' id='word_1_158' title='bbox 1603 1180 1761 1238; x_wconf 86' lang='lat' dir='ltr'><strong>auctoritas</strong></span> <span class='ocrx_word' id='word_1_159' title='bbox 1780 1184 1814 1235; x_wconf 88' lang='lat' dir='ltr'><strong>ut</strong></span> 
     </span>
     <span class='ocr_line' id='line_1_28' title="bbox 992 1267 1814 1339; baseline 0.002 -20"><span class='ocrx_word' id='word_1_160' title='bbox 992 1278 1073 1322; x_wconf 89' lang='lat' dir='ltr'><strong>nemo</strong></span> <span class='ocrx_word' id='word_1_161' title='bbox 1083 1267 1282 1339; x_wconf 90' lang='lat' dir='ltr'><strong>episcoporum</strong></span> <span class='ocrx_word' id='word_1_162' title='bbox 1293 1271 1415 1328; x_wconf 89' lang='lat' dir='ltr'><strong>alterius</strong></span> <span class='ocrx_word' id='word_1_163' title='bbox 1426 1270 1740 1339; x_wconf 84' lang='lat' dir='ltr'><strong>Ecclesiaeordinatum,</strong></span> <span class='ocrx_word' id='word_1_164' title='bbox 1750 1267 1814 1323; x_wconf 90' lang='lat' dir='ltr'><strong>sine</strong></span> 
     </span>
     <span class='ocr_line' id='line_1_29' title="bbox 991 1353 1811 1426; baseline -0.001 -17"><span class='ocrx_word' id='word_1_165' title='bbox 991 1367 1142 1426; x_wconf 89' lang='lat' dir='ltr'><strong>consensu,</strong></span> <span class='ocrx_word' id='word_1_166' title='bbox 1159 1356 1201 1412; x_wconf 89' lang='lat' dir='ltr'><strong>vel</strong></span> <span class='ocrx_word' id='word_1_167' title='bbox 1229 1358 1337 1416; x_wconf 89' lang='lat' dir='ltr'><strong>litteris</strong></span> <span class='ocrx_word' id='word_1_168' title='bbox 1354 1360 1534 1417; x_wconf 89' lang='lat' dir='ltr'><strong>dimissoriis</strong></span> <span class='ocrx_word' id='word_1_169' title='bbox 1563 1358 1644 1415; x_wconf 92' lang='lat' dir='ltr'><strong>illius</strong></span> <span class='ocrx_word' id='word_1_170' title='bbox 1671 1353 1811 1426; x_wconf 85' lang='lat' dir='ltr'><strong>episcopi,</strong></span> 
     </span>
     <span class='ocr_line' id='line_1_30' title="bbox 992 1444 1813 1521; baseline -0.004 -23"><span class='ocrx_word' id='word_1_171' title='bbox 992 1444 1075 1512; x_wconf 87' lang='lat' dir='ltr'><strong>cujus</strong></span> <span class='ocrx_word' id='word_1_172' title='bbox 1087 1444 1238 1503; x_wconf 89' lang='lat' dir='ltr'><strong>ordinatus</strong></span> <span class='ocrx_word' id='word_1_173' title='bbox 1255 1445 1357 1519; x_wconf 88' lang='lat' dir='ltr'><strong>iuerat,</strong></span> <span class='ocrx_word' id='word_1_174' title='bbox 1371 1449 1401 1505; x_wconf 93' lang='lat' dir='ltr'><strong>in</strong></span> <span class='ocrx_word' id='word_1_175' title='bbox 1415 1449 1532 1521; x_wconf 93' lang='lat' dir='ltr'><strong>propria</strong></span> <span class='ocrx_word' id='word_1_176' title='bbox 1543 1447 1679 1518; x_wconf 89' lang='lat' dir='ltr'><strong>parochia</strong></span> <span class='ocrx_word' id='word_1_177' title='bbox 1690 1444 1813 1501; x_wconf 90' lang='lat' dir='ltr'><strong>retinere</strong></span> 
     </span>
     <span class='ocr_line' id='line_1_31' title="bbox 991 1533 1812 1608; baseline 0 -22"><span class='ocrx_word' id='word_1_178' title='bbox 991 1537 1042 1587; x_wconf 94' lang='lat' dir='ltr'><strong>aut</strong></span> <span class='ocrx_word' id='word_1_179' title='bbox 1055 1535 1189 1590; x_wconf 89' lang='lat' dir='ltr'><strong>ordinare</strong></span> <span class='ocrx_word' id='word_1_180' title='bbox 1205 1543 1367 1606; x_wconf 77' lang='lat' dir='ltr'><strong>presumat.</strong></span> <span class='ocrx_word' id='word_1_181' title='bbox 1381 1538 1589 1608; x_wconf 87' lang='lat' dir='ltr'><strong>liancdenique</strong></span> <span class='ocrx_word' id='word_1_182' title='bbox 1599 1533 1812 1591; x_wconf 88' lang='lat' dir='ltr'><strong>institutionem</strong></span> 
     </span>
     <span class='ocr_line' id='line_1_32' title="bbox 992 1618 1814 1697; baseline -0.006 -19"><span class='ocrx_word' id='word_1_183' title='bbox 992 1627 1155 1679; x_wconf 90' lang='lat' dir='ltr'><strong>sanctorum</strong></span> <span class='ocrx_word' id='word_1_184' title='bbox 1183 1626 1296 1680; x_wconf 86' lang='lat' dir='ltr'><strong>Patrum</strong></span> <span class='ocrx_word' id='word_1_185' title='bbox 1327 1625 1493 1697; x_wconf 89' lang='lat' dir='ltr'><strong>plenissime</strong></span> <span class='ocrx_word' id='word_1_186' title='bbox 1516 1625 1682 1692; x_wconf 88' lang='lat' dir='ltr'><strong>retinentes,</strong></span> <span class='ocrx_word' id='word_1_187' title='bbox 1706 1618 1814 1691; x_wconf 79' lang='lat' dir='ltr'><strong>rogasti</strong></span> 
     </span>
    </p>
   </div>
   <div class='ocr_carea' id='block_1_7' title="bbox 110 1700 1893 2130">
    <p class='ocr_par' dir='ltr' id='par_1_9' title="bbox 110 1700 1893 2130">
     <span class='ocr_line' id='line_1_33' title="bbox 110 1700 1815 1781; baseline 0.009 -28"><span class='ocrx_word' id='word_1_188' title='bbox 110 1704 184 1769; x_wconf 83' lang='lat' dir='ltr'><strong>crat,</strong></span> <span class='ocrx_word' id='word_1_189' title='bbox 205 1700 286 1755; x_wconf 84' lang='lat' dir='ltr'><strong>vohis</strong></span> <span class='ocrx_word' id='word_1_190' title='bbox 310 1715 372 1758; x_wconf 91' lang='lat' dir='ltr'><strong>cum</strong></span> <span class='ocrx_word' id='word_1_191' title='bbox 396 1704 554 1776; x_wconf 89' lang='lat' dir='ltr'><strong>committo,</strong></span> <span class='ocrx_word' id='word_1_192' title='bbox 579 1710 736 1775; x_wconf 74' lang='lat' dir='ltr'><strong>vestraeque</strong></span> <span class='ocrx_word' id='word_1_193' title='bbox 757 1703 895 1760; x_wconf 84' lang='lat' dir='ltr'><strong>custodiae</strong></span> <span class='ocrx_word' id='word_1_194' title='bbox 909 1708 938 1757; x_wconf 89' lang='lat' dir='ltr'><strong>et</strong></span> <span class='ocrx_word' id='word_1_195' title='bbox 953 1703 974 1763; x_wconf 87' lang='grc' dir='ltr'>Β</span> <span class='ocrx_word' id='word_1_196' title='bbox 992 1710 1075 1766; x_wconf 90' lang='lat' dir='ltr'><strong>uobis</strong></span> <span class='ocrx_word' id='word_1_197' title='bbox 1088 1713 1238 1781; x_wconf 89' lang='lat' dir='ltr'><strong>quemdam</strong></span> <span class='ocrx_word' id='word_1_198' title='bbox 1259 1713 1386 1770; x_wconf 75' lang='lat' dir='ltr'><strong>ecclesiae</strong></span> <span class='ocrx_word' id='word_1_199' title='bbox 1408 1718 1512 1770; x_wconf 76' lang='lat' dir='ltr'><strong>nostre</strong></span> <span class='ocrx_word' id='word_1_200' title='bbox 1537 1711 1641 1781; x_wconf 90' lang='lat' dir='ltr'><strong>iillum,</strong></span> <span class='ocrx_word' id='word_1_201' title='bbox 1658 1714 1686 1765; x_wconf 85' lang='lat' dir='ltr'><strong>et</strong></span> <span class='ocrx_word' id='word_1_202' title='bbox 1701 1704 1815 1763; x_wconf 79' lang='lat' dir='ltr'><strong>anobis</strong></span> 
     </span>
     <span class='ocr_line' id='line_1_34' title="bbox 112 1789 1815 1873; baseline 0.004 -31"><span class='ocrx_word' id='word_1_203' title='bbox 112 1789 301 1857; x_wconf 74' lang='lat' dir='ltr'><strong>providentiae</strong></span> <span class='ocrx_word' id='word_1_204' title='bbox 316 1791 425 1862; x_wconf 75' lang='lat' dir='ltr'><strong>delego,</strong></span> <span class='ocrx_word' id='word_1_205' title='bbox 450 1797 477 1848; x_wconf 89' lang='lat' dir='ltr'><strong>ct</strong></span> <span class='ocrx_word' id='word_1_206' title='bbox 502 1799 534 1848; x_wconf 89' lang='lat' dir='ltr'><strong>ui</strong></span> <span class='ocrx_word' id='word_1_207' title='bbox 559 1794 594 1849; x_wconf 91' lang='lat' dir='ltr'><strong>ad</strong></span> <span class='ocrx_word' id='word_1_208' title='bbox 619 1795 739 1863; x_wconf 73' lang='lat' dir='ltr'><strong>maiores</strong></span> <span class='ocrx_word' id='word_1_209' title='bbox 754 1793 860 1864; x_wconf 75' lang='lat' dir='ltr'><strong>gradus</strong></span> <span class='ocrx_word' id='word_1_210' title='bbox 872 1803 936 1847; x_wconf 89' lang='lat' dir='ltr'><strong>eum</strong></span> <span class='ocrx_word' id='word_1_211' title='bbox 991 1812 1082 1869; x_wconf 80' lang='lat' dir='ltr'><strong>nuper</strong></span> <span class='ocrx_word' id='word_1_212' title='bbox 1094 1801 1236 1871; x_wconf 78' lang='lat' dir='ltr'><strong>acolytum</strong></span> <span class='ocrx_word' id='word_1_213' title='bbox 1256 1802 1433 1873; x_wconf 88' lang='lat' dir='ltr'><strong>ordinatum,</strong></span> <span class='ocrx_word' id='word_1_214' title='bbox 1448 1802 1564 1858; x_wconf 90' lang='lat' dir='ltr'><strong>nomine</strong></span> <span class='ocrx_word' id='word_1_215' title='bbox 1580 1801 1746 1866; x_wconf 82' lang='lat' dir='ltr'><strong>bernonem,</strong></span> <span class='ocrx_word' id='word_1_216' title='bbox 1764 1792 1815 1865; x_wconf 91' lang='lat' dir='ltr'><strong>qui</strong></span> 
     </span>
     <span class='ocr_line' id='line_1_35' title="bbox 112 1878 1893 1960; baseline 0.004 -26"><span class='ocrx_word' id='word_1_217' title='bbox 112 1878 279 1947; x_wconf 84' lang='lat' dir='ltr'><strong>provehatis</strong></span> <span class='ocrx_word' id='word_1_218' title='bbox 297 1881 469 1950; x_wconf 88' lang='lat' dir='ltr'><strong>suppliciter</strong></span> <span class='ocrx_word' id='word_1_219' title='bbox 483 1896 579 1939; x_wconf 83' lang='lat' dir='ltr'><strong>exoro.</strong></span> <span class='ocrx_word' id='word_1_220' title='bbox 602 1882 752 1938; x_wconf 86' lang='lat' dir='ltr'><strong>Credimus</strong></span> <span class='ocrx_word' id='word_1_221' title='bbox 766 1881 843 1937; x_wconf 87' lang='lat' dir='ltr'><strong>euin</strong></span> <span class='ocrx_word' id='word_1_222' title='bbox 862 1893 937 1949; x_wconf 81' lang='lat' dir='ltr'><strong>quo·</strong></span> <span class='ocrx_word' id='word_1_223' title='bbox 990 1899 1076 1943; x_wconf 91' lang='lat' dir='ltr'><strong>causa</strong></span> <span class='ocrx_word' id='word_1_224' title='bbox 1090 1887 1221 1945; x_wconf 86' lang='lat' dir='ltr'><strong>discendi</strong></span> <span class='ocrx_word' id='word_1_225' title='bbox 1236 1894 1323 1960; x_wconf 91' lang='lat' dir='ltr'><strong>atque</strong></span> <span class='ocrx_word' id='word_1_226' title='bbox 1340 1889 1482 1946; x_wconf 87' lang='lat' dir='ltr'><strong>educandi</strong></span> <span class='ocrx_word' id='word_1_227' title='bbox 1504 1888 1612 1945; x_wconf 85' lang='lat' dir='ltr'><strong>restris</strong></span> <span class='ocrx_word' id='word_1_228' title='bbox 1639 1883 1817 1957; x_wconf 86' lang='lat' dir='ltr'><strong>inpartibus</strong></span> <span class='ocrx_word' id='word_1_229' title='bbox 1890 1936 1893 1941; x_wconf 22' lang='lat'><em>4</em></span> 
     </span>
     <span class='ocr_line' id='line_1_36' title="bbox 113 1965 1595 2049; baseline 0.005 -29"><span class='ocrx_word' id='word_1_230' title='bbox 113 1965 192 2021; x_wconf 89' lang='lat' dir='ltr'><strong>niam</strong></span> <span class='ocrx_word' id='word_1_231' title='bbox 208 1973 235 2022; x_wconf 91' lang='lat' dir='ltr'><strong>ct</strong></span> <span class='ocrx_word' id='word_1_232' title='bbox 250 1969 391 2038; x_wconf 86' lang='lat' dir='ltr'><strong>sapientia</strong></span> <span class='ocrx_word' id='word_1_233' title='bbox 406 1974 434 2026; x_wconf 89' lang='lat' dir='ltr'><strong>et</strong></span> <span class='ocrx_word' id='word_1_234' title='bbox 448 1984 539 2027; x_wconf 89' lang='lat' dir='ltr'><strong>mores</strong></span> <span class='ocrx_word' id='word_1_235' title='bbox 553 1972 587 2026; x_wconf 92' lang='lat' dir='ltr'><strong>ad</strong></span> <span class='ocrx_word' id='word_1_236' title='bbox 606 1971 658 2026; x_wconf 94' lang='lat' dir='ltr'><strong>hoc</strong></span> <span class='ocrx_word' id='word_1_237' title='bbox 672 1983 736 2024; x_wconf 90' lang='lat' dir='ltr'><strong>eum</strong></span> <span class='ocrx_word' id='word_1_238' title='bbox 750 1969 870 2040; x_wconf 76' lang='lat' dir='ltr'><strong>dignum</strong></span> <span class='ocrx_word' id='word_1_239' title='bbox 887 1968 937 2022; x_wconf 90' lang='lat' dir='ltr'><strong>in·</strong></span> <span class='ocrx_word' id='word_1_240' title='bbox 991 1977 1134 2047; x_wconf 76' lang='lat' dir='ltr'><strong>quondam</strong></span> <span class='ocrx_word' id='word_1_241' title='bbox 1150 1978 1267 2044; x_wconf 72' lang='lat' dir='ltr'><strong>missus,</strong></span> <span class='ocrx_word' id='word_1_242' title='bbox 1282 1984 1337 2035; x_wconf 74' lang='lat'><strong>010,</strong></span> <span class='ocrx_word' id='word_1_243' title='bbox 1357 1979 1472 2049; x_wconf 60' lang='lat' dir='ltr'><strong>fletque</strong></span> <span class='ocrx_word' id='word_1_244' title='bbox 1484 1978 1595 2034; x_wconf 65' lang='grc' dir='ltr'><strong>αοοτιηῖ.</strong></span> 
     </span>
     <span class='ocr_line' id='line_1_37' title="bbox 111 2053 934 2130; baseline 0.002 -22"><span class='ocrx_word' id='word_1_245' title='bbox 111 2053 223 2111; x_wconf 90' lang='lat' dir='ltr'><strong>dicant.</strong></span> <span class='ocrx_word' id='word_1_246' title='bbox 252 2057 489 2115; x_wconf 82' lang='lat' dir='ltr'><strong>Commendamus</strong></span> <span class='ocrx_word' id='word_1_247' title='bbox 515 2059 605 2130; x_wconf 81' lang='lat' dir='ltr'><strong>igitur</strong></span> <span class='ocrx_word' id='word_1_248' title='bbox 636 2061 735 2114; x_wconf 77' lang='lat' dir='ltr'><strong>vestrae</strong></span> <span class='ocrx_word' id='word_1_249' title='bbox 761 2056 934 2113; x_wconf 86' lang='lat' dir='ltr'><strong>beatitudini</strong></span> 
     </span>
    </p>
   </div>
   <div class='ocr_carea' id='block_1_8' title="bbox 111 2121 1817 2307">
    <p class='ocr_par' dir='ltr' id='par_1_10' title="bbox 111 2121 1817 2307">
     <span class='ocr_line' id='line_1_38' title="bbox 112 2121 1425 2219; baseline 0.001 -22"><span class='ocrx_word' id='word_1_250' title='bbox 112 2142 412 2216; x_wconf 81' lang='lat' dir='ltr'><strong>Ecclesiaquevcstrae</strong></span> <span class='ocrx_word' id='word_1_251' title='bbox 424 2147 572 2219; x_wconf 67' lang='lat' dir='ltr'><strong>praefatum</strong></span> <span class='ocrx_word' id='word_1_252' title='bbox 583 2148 699 2204; x_wconf 82' lang='lat' dir='ltr'><strong>tratrem</strong></span> <span class='ocrx_word' id='word_1_253' title='bbox 711 2151 840 2202; x_wconf 92' lang='lat' dir='ltr'><strong>nostrum</strong></span> <span class='ocrx_word' id='word_1_254' title='bbox 848 2143 936 2201; x_wconf 88' lang='lat' dir='ltr'><strong>Wlia-</strong></span> <span class='ocrx_word' id='word_1_255' title='bbox 1379 2121 1425 2175; x_wconf 70' lang='lat' dir='ltr'><strong>VH</strong></span> 
     </span>
     <span class='ocr_line' id='line_1_39' title="bbox 111 2218 1817 2307; baseline 0 -20"><span class='ocrx_word' id='word_1_256' title='bbox 111 2231 182 2287; x_wconf 90' lang='lat' dir='ltr'><strong>dum</strong></span> <span class='ocrx_word' id='word_1_257' title='bbox 193 2235 263 2290; x_wconf 90' lang='lat' dir='ltr'><strong>etde</strong></span> <span class='ocrx_word' id='word_1_258' title='bbox 280 2235 406 2306; x_wconf 88' lang='lat' dir='ltr'><strong>proiectu</strong></span> <span class='ocrx_word' id='word_1_259' title='bbox 418 2238 481 2306; x_wconf 85' lang='lat' dir='ltr'><strong>ojus</strong></span> <span class='ocrx_word' id='word_1_260' title='bbox 504 2237 628 2307; x_wconf 90' lang='lat' dir='ltr'><strong>petimus</strong></span> <span class='ocrx_word' id='word_1_261' title='bbox 640 2250 689 2292; x_wconf 81' lang='lat' dir='ltr'><strong>ros</strong></span> <span class='ocrx_word' id='word_1_262' title='bbox 701 2235 792 2292; x_wconf 85' lang='lat' dir='ltr'><strong>laetari</strong></span> <span class='ocrx_word' id='word_1_263' title='bbox 812 2235 841 2290; x_wconf 94' lang='lat' dir='ltr'><strong>in</strong></span> <span class='ocrx_word' id='word_1_264' title='bbox 852 2238 938 2290; x_wconf 85' lang='lat' dir='ltr'><strong>aeter·</strong></span> <span class='ocrx_word' id='word_1_265' title='bbox 990 2227 1133 2282; x_wconf 70' lang='lat' dir='ltr'><strong>Hedilont&#39;e</strong></span> <span class='ocrx_word' id='word_1_266' title='bbox 1149 2228 1267 2297; x_wconf 73' lang='lat' dir='ltr'><strong>episcopi</strong></span> <span class='ocrx_word' id='word_1_267' title='bbox 1286 2227 1470 2283; x_wconf 75' lang='lat' dir='ltr'><strong>Neviemeneis</strong></span> <span class='ocrx_word' id='word_1_268' title='bbox 1489 2225 1528 2280; x_wconf 73' lang='lat' dir='ltr'><strong>ad</strong></span> <span class='ocrx_word' id='word_1_269' title='bbox 1546 2223 1680 2279; x_wconf 70' lang='lat' dir='ltr'><strong>Didonem</strong></span> <span class='ocrx_word' id='word_1_270' title='bbox 1698 2218 1817 2276; x_wconf 61' lang='lat' dir='ltr'><strong>Mudu-</strong></span> 
     </span>
    </p>
   </div>
   <div class='ocr_carea' id='block_1_9' title="bbox 111 2298 1828 3102">
    <p class='ocr_par' dir='ltr' id='par_1_11' title="bbox 111 2298 1815 2483">
     <span class='ocr_line' id='line_1_40' title="bbox 111 2298 1815 2395; baseline 0.002 -21"><span class='ocrx_word' id='word_1_271' title='bbox 111 2333 195 2378; x_wconf 89' lang='lat' dir='ltr'><strong>nnm.</strong></span> <span class='ocrx_word' id='word_1_272' title='bbox 210 2321 249 2378; x_wconf 84' lang='lat' dir='ltr'><strong>hc</strong></span> <span class='ocrx_word' id='word_1_273' title='bbox 274 2323 350 2379; x_wconf 91' lang='lat' dir='ltr'><strong>sicut</strong></span> <span class='ocrx_word' id='word_1_274' title='bbox 372 2338 432 2380; x_wconf 90' lang='lat' dir='ltr'><strong>mos</strong></span> <span class='ocrx_word' id='word_1_275' title='bbox 453 2324 666 2380; x_wconf 88' lang='lat' dir='ltr'><strong>ecclesiasticus</strong></span> <span class='ocrx_word' id='word_1_276' title='bbox 682 2328 734 2395; x_wconf 88' lang='lat' dir='ltr'><strong>est,</strong></span> <span class='ocrx_word' id='word_1_277' title='bbox 751 2328 778 2379; x_wconf 90' lang='lat' dir='ltr'><strong>et</strong></span> <span class='ocrx_word' id='word_1_278' title='bbox 792 2322 937 2379; x_wconf 89' lang='lat' dir='ltr'><strong>inventum</strong></span> <span class='ocrx_word' id='word_1_279' title='bbox 1027 2313 1135 2382; x_wconf 56' lang='lat' dir='ltr'><strong>”eim</strong></span> <span class='ocrx_word' id='word_1_280' title='bbox 1146 2313 1198 2382; x_wconf 62' lang='lat' dir='ltr'><em>W</em></span> <span class='ocrx_word' id='word_1_281' title='bbox 1213 2298 1348 2382; x_wconf 55' lang='grc' dir='ltr'><strong>Αῃέθθῗω</strong></span> <span class='ocrx_word' id='word_1_282' title='bbox 1365 2298 1535 2381; x_wconf 48' lang='grc' dir='ltr'><strong>ΡΓΒΨΨΨΨ</strong></span> <span class='ocrx_word' id='word_1_283' title='bbox 1558 2301 1589 2350; x_wconf 60' lang='lat'><strong>¹⁴³</strong></span> <span class='ocrx_word' id='word_1_284' title='bbox 1604 2309 1635 2349; x_wconf 61' lang='grc' dir='ltr'><em>ἠ</em></span> <span class='ocrx_word' id='word_1_285' title='bbox 1649 2306 1709 2362; x_wconf 53' lang='grc' dir='ltr'><em>Μ</em></span> <span class='ocrx_word' id='word_1_286' title='bbox 1732 2304 1815 2361; x_wconf 55' lang='lat' dir='ltr'><strong>&#39;&#39;sm&#39;&#39;</strong></span> 
     </span>
     <span class='ocr_line' id='line_1_41' title="bbox 113 2367 1582 2483; baseline -0.003 -17"><span class='ocrx_word' id='word_1_287' title='bbox 113 2422 148 2466; x_wconf 89' lang='lat' dir='ltr'><strong>ac</strong></span> <span class='ocrx_word' id='word_1_288' title='bbox 162 2412 354 2468; x_wconf 87' lang='lat' dir='ltr'><strong>constitutum</strong></span> <span class='ocrx_word' id='word_1_289' title='bbox 381 2426 397 2468; x_wconf 92' lang='lat' dir='ltr'><strong>a</strong></span> <span class='ocrx_word' id='word_1_290' title='bbox 419 2425 547 2483; x_wconf 83' lang='lat' dir='ltr'><strong>cccxun,</strong></span> <span class='ocrx_word' id='word_1_291' title='bbox 568 2413 599 2468; x_wconf 92' lang='lat' dir='ltr'><strong>in</strong></span> <span class='ocrx_word' id='word_1_292' title='bbox 617 2413 731 2468; x_wconf 87' lang='lat' dir='ltr'><strong>Nicaeaa</strong></span> <span class='ocrx_word' id='word_1_293' title='bbox 752 2412 859 2482; x_wconf 83' lang='lat' dir='ltr'><strong>synodo</strong></span> <span class='ocrx_word' id='word_1_294' title='bbox 873 2409 939 2481; x_wconf 85' lang='lat' dir='ltr'><strong>epi·</strong></span> <span class='ocrx_word' id='word_1_295' title='bbox 1029 2368 1117 2423; x_wconf 60' lang='lat' dir='ltr'><strong>cmm</strong></span> <span class='ocrx_word' id='word_1_296' title='bbox 1126 2384 1245 2437; x_wconf 50' lang='lat' dir='ltr'><strong>mmm</strong></span> <span class='ocrx_word' id='word_1_297' title='bbox 1264 2369 1482 2440; x_wconf 46' lang='lat' dir='ltr'><em>&#39;mmmm</em></span> <span class='ocrx_word' id='word_1_298' title='bbox 1494 2367 1582 2422; x_wconf 55' lang='lat' dir='ltr'><strong><em>‘wem’</em></strong></span> 
     </span>
    </p>

    <p class='ocr_par' dir='ltr' id='par_1_12' title="bbox 112 2485 1828 3102">
     <span class='ocr_line' id='line_1_42' title="bbox 112 2485 1817 2570; baseline -0.01 -14"><span class='ocrx_word' id='word_1_299' title='bbox 112 2499 220 2570; x_wconf 87' lang='lat' dir='ltr'><strong>scopis,</strong></span> <span class='ocrx_word' id='word_1_300' title='bbox 241 2499 390 2556; x_wconf 82' lang='lat' dir='ltr'><strong>formatam</strong></span> <span class='ocrx_word' id='word_1_301' title='bbox 402 2501 551 2570; x_wconf 91' lang='lat' dir='ltr'><strong>epistolam</strong></span> <span class='ocrx_word' id='word_1_302' title='bbox 566 2499 712 2565; x_wconf 80' lang='lat' dir='ltr'><strong>iacientes,</strong></span> <span class='ocrx_word' id='word_1_303' title='bbox 726 2507 758 2558; x_wconf 92' lang='lat' dir='ltr'><strong>ut</strong></span> <span class='ocrx_word' id='word_1_304' title='bbox 780 2501 809 2556; x_wconf 93' lang='lat' dir='ltr'><strong>in</strong></span> <span class='ocrx_word' id='word_1_305' title='bbox 826 2498 940 2556; x_wconf 88' lang='lat' dir='ltr'><strong>nornine</strong></span> <span class='ocrx_word' id='word_1_306' title='bbox 1030 2493 1061 2546; x_wconf 94' lang='lat' dir='ltr'><strong>ln</strong></span> <span class='ocrx_word' id='word_1_307' title='bbox 1076 2493 1192 2549; x_wconf 90' lang='lat' dir='ltr'><strong>nomine</strong></span> <span class='ocrx_word' id='word_1_308' title='bbox 1207 2493 1300 2548; x_wconf 83' lang='lat' dir='ltr'><strong>Patris</strong></span> <span class='ocrx_word' id='word_1_309' title='bbox 1313 2492 1353 2561; x_wconf 89' lang='grc' dir='ltr'><strong>Π,</strong></span> <span class='ocrx_word' id='word_1_310' title='bbox 1368 2496 1396 2548; x_wconf 89' lang='grc' dir='ltr'><strong>οῖ</strong></span> <span class='ocrx_word' id='word_1_311' title='bbox 1410 2490 1478 2547; x_wconf 85' lang='lat' dir='ltr'><strong>Filii</strong></span> <span class='ocrx_word' id='word_1_312' title='bbox 1493 2490 1530 2561; x_wconf 88' lang='grc' dir='ltr'><strong>Υ,</strong></span> <span class='ocrx_word' id='word_1_313' title='bbox 1545 2495 1574 2546; x_wconf 88' lang='grc' dir='ltr'><strong>οῖ</strong></span> <span class='ocrx_word' id='word_1_314' title='bbox 1585 2487 1713 2558; x_wconf 84' lang='lat' dir='ltr'><strong>Spiritus</strong></span> <span class='ocrx_word' id='word_1_315' title='bbox 1724 2485 1817 2542; x_wconf 89' lang='lat' dir='ltr'><strong>sancti</strong></span> 
     </span>
     <span class='ocr_line' id='line_1_43' title="bbox 114 2574 1818 2660; baseline -0.008 -17"><span class='ocrx_word' id='word_1_316' title='bbox 114 2593 257 2644; x_wconf 77' lang='lat' dir='ltr'><strong>sanctcect</strong></span> <span class='ocrx_word' id='word_1_317' title='bbox 273 2588 430 2645; x_wconf 77' lang='lat' dir='ltr'><strong>individua</strong></span> <span class='ocrx_word' id='word_1_318' title='bbox 445 2589 599 2646; x_wconf 87' lang='lat' dir='ltr'><strong>Trinitatis</strong></span> <span class='ocrx_word' id='word_1_319' title='bbox 614 2597 742 2647; x_wconf 88' lang='lat' dir='ltr'><strong>nostrum</strong></span> <span class='ocrx_word' id='word_1_320' title='bbox 764 2603 837 2660; x_wconf 93' lang='lat' dir='ltr'><strong>opus</strong></span> <span class='ocrx_word' id='word_1_321' title='bbox 848 2587 941 2660; x_wconf 83' lang='lat' dir='ltr'><strong>largi·</strong></span> <span class='ocrx_word' id='word_1_322' title='bbox 994 2595 1021 2651; x_wconf 82' lang='lat' dir='ltr'><strong>a,</strong></span> <span class='ocrx_word' id='word_1_323' title='bbox 1032 2580 1134 2637; x_wconf 91' lang='lat' dir='ltr'><strong>lledilo</strong></span> <span class='ocrx_word' id='word_1_324' title='bbox 1146 2581 1418 2653; x_wconf 81' lang='lat' dir='ltr'><strong>Noviomagcnsium</strong></span> <span class='ocrx_word' id='word_1_325' title='bbox 1429 2579 1582 2650; x_wconf 89' lang='lat' dir='ltr'><strong>episcopus</strong></span> <span class='ocrx_word' id='word_1_326' title='bbox 1596 2576 1701 2634; x_wconf 84' lang='lat' dir='ltr'><strong>Didoni</strong></span> <span class='ocrx_word' id='word_1_327' title='bbox 1711 2574 1818 2644; x_wconf 78' lang='lat' dir='ltr'><strong>inclyto</strong></span> 
     </span>
     <span class='ocr_line' id='line_1_44' title="bbox 115 2661 1821 2745; baseline -0.007 -14"><span class='ocrx_word' id='word_1_328' title='bbox 115 2675 432 2731; x_wconf 89' lang='lat' dir='ltr'><strong>tionisetdimissionis</strong></span> <span class='ocrx_word' id='word_1_329' title='bbox 444 2677 532 2745; x_wconf 88' lang='lat' dir='ltr'><strong>hujus</strong></span> <span class='ocrx_word' id='word_1_330' title='bbox 544 2677 743 2733; x_wconf 89' lang='lat' dir='ltr'><strong>nostridilecti</strong></span> <span class='ocrx_word' id='word_1_331' title='bbox 754 2675 938 2732; x_wconf 89' lang='lat' dir='ltr'><strong>iratrisrobc·</strong></span> <span class='ocrx_word' id='word_1_332' title='bbox 994 2673 1022 2724; x_wconf 83' lang='lat' dir='ltr'><strong>et</strong></span> <span class='ocrx_word' id='word_1_333' title='bbox 1034 2669 1190 2726; x_wconf 80' lang='lat' dir='ltr'><strong>venerabili</strong></span> <span class='ocrx_word' id='word_1_334' title='bbox 1206 2670 1374 2740; x_wconf 79' lang='lat' dir='ltr'><strong>coepiscopo</strong></span> <span class='ocrx_word' id='word_1_335' title='bbox 1387 2673 1521 2726; x_wconf 78' lang='lat' dir='ltr'><strong>aternam</strong></span> <span class='ocrx_word' id='word_1_336' title='bbox 1538 2667 1568 2723; x_wconf 91' lang='lat' dir='ltr'><strong>iu</strong></span> <span class='ocrx_word' id='word_1_337' title='bbox 1586 2665 1708 2724; x_wconf 85' lang='lat' dir='ltr'><strong>Domino</strong></span> <span class='ocrx_word' id='word_1_338' title='bbox 1729 2661 1821 2720; x_wconf 78' lang='lat' dir='ltr'><strong>felici·</strong></span> 
     </span>
     <span class='ocr_line' id='line_1_45' title="bbox 116 2763 1664 2836; baseline -0.005 -17"><span class='ocrx_word' id='word_1_339' title='bbox 116 2768 222 2833; x_wconf 91' lang='lat' dir='ltr'><strong>ratum,</strong></span> <span class='ocrx_word' id='word_1_340' title='bbox 235 2763 415 2820; x_wconf 81' lang='lat' dir='ltr'><strong>fructuosius</strong></span> <span class='ocrx_word' id='word_1_341' title='bbox 425 2771 453 2820; x_wconf 90' lang='lat' dir='ltr'><strong>ct</strong></span> <span class='ocrx_word' id='word_1_342' title='bbox 468 2764 573 2820; x_wconf 85' lang='lat' dir='ltr'><strong>utilius</strong></span> <span class='ocrx_word' id='word_1_343' title='bbox 589 2765 678 2835; x_wconf 89' lang='lat' dir='ltr'><strong>lieret,</strong></span> <span class='ocrx_word' id='word_1_344' title='bbox 694 2766 723 2820; x_wconf 93' lang='lat' dir='ltr'><strong>iu</strong></span> <span class='ocrx_word' id='word_1_345' title='bbox 735 2765 940 2836; x_wconf 90' lang='lat' dir='ltr'><strong>supputatione</strong></span> <span class='ocrx_word' id='word_1_346' title='bbox 995 2763 1091 2823; x_wconf 81' lang='lat' dir='ltr'><strong>tatem.</strong></span> <span class='ocrx_word' id='word_1_347' title='bbox 1663 2799 1664 2802; x_wconf 63' lang='lat'><strong>,</strong></span> 
     </span>
     <span class='ocr_line' id='line_1_46' title="bbox 115 2840 1828 2924; baseline -0.005 -16"><span class='ocrx_word' id='word_1_348' title='bbox 115 2852 319 2908; x_wconf 87' lang='lat' dir='ltr'><strong>calculationis</strong></span> <span class='ocrx_word' id='word_1_349' title='bbox 342 2855 553 2924; x_wconf 89' lang='lat' dir='ltr'><strong>assumpsimus</strong></span> <span class='ocrx_word' id='word_1_350' title='bbox 574 2854 666 2924; x_wconf 88' lang='lat' dir='ltr'><strong>prima</strong></span> <span class='ocrx_word' id='word_1_351' title='bbox 679 2853 817 2909; x_wconf 90' lang='lat' dir='ltr'><strong>elementa</strong></span> <span class='ocrx_word' id='word_1_352' title='bbox 831 2853 938 2909; x_wconf 85' lang='lat' dir='ltr'><strong>Graeca.</strong></span> <span class='ocrx_word' id='word_1_353' title='bbox 1030 2840 1326 2917; x_wconf 76' lang='lat' dir='ltr'><strong>Comperiat&#39;dileetio</strong></span> <span class='ocrx_word' id='word_1_354' title='bbox 1343 2851 1436 2903; x_wconf 86' lang='lat' dir='ltr'><strong>restra</strong></span> <span class='ocrx_word' id='word_1_355' title='bbox 1451 2847 1526 2917; x_wconf 90' lang='lat' dir='ltr'><strong>quod</strong></span> <span class='ocrx_word' id='word_1_356' title='bbox 1539 2845 1698 2918; x_wconf 76' lang='lat' dir='ltr'><strong>arnegisus</strong></span> <span class='ocrx_word' id='word_1_357' title='bbox 1710 2841 1828 2914; x_wconf 84' lang='lat' dir='ltr'><strong>presby·¹</strong></span> 
     </span>
     <span class='ocr_line' id='line_1_47' title="bbox 117 2931 1823 3012; baseline -0.005 -16"><span class='ocrx_word' id='word_1_358' title='bbox 117 2941 221 3012; x_wconf 85' lang='lat' dir='ltr'><strong>Patris,</strong></span> <span class='ocrx_word' id='word_1_359' title='bbox 246 2949 273 2997; x_wconf 89' lang='lat' dir='ltr'><strong>et</strong></span> <span class='ocrx_word' id='word_1_360' title='bbox 293 2941 385 3011; x_wconf 68' lang='lat' dir='ltr'><strong>Filii*</strong></span> <span class='ocrx_word' id='word_1_361' title='bbox 397 2948 425 2997; x_wconf 89' lang='lat' dir='ltr'><strong>et</strong></span> <span class='ocrx_word' id='word_1_362' title='bbox 450 2942 576 3012; x_wconf 86' lang='lat' dir='ltr'><strong>Spiritus</strong></span> <span class='ocrx_word' id='word_1_363' title='bbox 599 2942 702 3012; x_wconf 92' lang='lat' dir='ltr'><strong>sancti,</strong></span> <span class='ocrx_word' id='word_1_364' title='bbox 727 2941 764 3005; x_wconf 84' lang='grc' dir='ltr'><strong>ΙΙ,</strong></span> <span class='ocrx_word' id='word_1_365' title='bbox 780 2941 816 3003; x_wconf 85' lang='grc' dir='ltr'><strong>Υ,</strong></span> <span class='ocrx_word' id='word_1_366' title='bbox 830 2943 866 3007; x_wconf 68' lang='grc' dir='ltr'><strong>Α,</strong></span> <span class='ocrx_word' id='word_1_367' title='bbox 879 2955 942 3012; x_wconf 78' lang='lat' dir='ltr'><strong>quae</strong></span> <span class='ocrx_word' id='word_1_368' title='bbox 998 2940 1050 3004; x_wconf 90' lang='lat' dir='ltr'><strong>ter,</strong></span> <span class='ocrx_word' id='word_1_369' title='bbox 1065 2933 1153 2992; x_wconf 89' lang='lat' dir='ltr'><strong>irater</strong></span> <span class='ocrx_word' id='word_1_370' title='bbox 1166 2936 1290 2992; x_wconf 81' lang='lat' dir='ltr'><strong>acilius</strong></span> <span class='ocrx_word' id='word_1_371' title='bbox 1303 2941 1408 3004; x_wconf 90' lang='lat' dir='ltr'><strong>noster,</strong></span> <span class='ocrx_word' id='word_1_372' title='bbox 1430 2934 1515 3005; x_wconf 89' lang='lat' dir='ltr'><strong>petiit</strong></span> <span class='ocrx_word' id='word_1_373' title='bbox 1525 2940 1557 2992; x_wconf 89' lang='lat' dir='ltr'><strong>ut</strong></span> <span class='ocrx_word' id='word_1_374' title='bbox 1570 2948 1620 3004; x_wconf 91' lang='lat' dir='ltr'><strong>per</strong></span> <span class='ocrx_word' id='word_1_375' title='bbox 1629 2946 1719 2990; x_wconf 90' lang='lat' dir='ltr'><strong>meam</strong></span> <span class='ocrx_word' id='word_1_376' title='bbox 1728 2931 1823 2989; x_wconf 90' lang='lat' dir='ltr'><strong>liceu-</strong></span> 
     </span>
     <span class='ocr_line' id='line_1_48' title="bbox 115 3022 1825 3102; baseline -0.004 -18"><span class='ocrx_word' id='word_1_377' title='bbox 115 3030 331 3101; x_wconf 83' lang='lat' dir='ltr'><strong>octogcnarium</strong></span> <span class='ocrx_word' id='word_1_378' title='bbox 356 3037 385 3086; x_wconf 91' lang='grc' dir='ltr'><strong>οῖ</strong></span> <span class='ocrx_word' id='word_1_379' title='bbox 414 3030 730 3102; x_wconf 84' lang='lat' dir='ltr'><strong>quadringentesimum</strong></span> <span class='ocrx_word' id='word_1_380' title='bbox 754 3036 783 3085; x_wconf 90' lang='lat' dir='ltr'><strong>et</strong></span> <span class='ocrx_word' id='word_1_381' title='bbox 816 3030 940 3099; x_wconf 86' lang='lat' dir='ltr'><strong>primunr</strong></span> <span class='ocrx_word' id='word_1_382' title='bbox 956 3023 981 3086; x_wconf 87' lang='lat' dir='ltr'><strong>G</strong></span> <span class='ocrx_word' id='word_1_383' title='bbox 997 3024 1078 3093; x_wconf 88' lang='lat' dir='ltr'><strong>tiam,</strong></span> <span class='ocrx_word' id='word_1_384' title='bbox 1092 3028 1146 3078; x_wconf 92' lang='lat' dir='ltr'><strong>eta</strong></span> <span class='ocrx_word' id='word_1_385' title='bbox 1162 3037 1206 3079; x_wconf 89' lang='lat' dir='ltr'><strong>me</strong></span> <span class='ocrx_word' id='word_1_386' title='bbox 1218 3022 1368 3080; x_wconf 76' lang='lat' dir='ltr'><strong>formatam</strong></span> <span class='ocrx_word' id='word_1_387' title='bbox 1377 3023 1539 3094; x_wconf 90' lang='lat' dir='ltr'><strong>epistolam,</strong></span> <span class='ocrx_word' id='word_1_388' title='bbox 1551 3022 1709 3080; x_wconf 90' lang='lat' dir='ltr'><strong>secuudum</strong></span> <span class='ocrx_word' id='word_1_389' title='bbox 1719 3026 1825 3078; x_wconf 89' lang='lat' dir='ltr'><strong>aucto-</strong></span> 
     </span>
    </p>
   </div>
   <div class='ocr_carea' id='block_1_10' title="bbox 116 3117 942 4167">
    <p class='ocr_par' dir='ltr' id='par_1_13' title="bbox 116 3117 942 4167">
     <span class='ocr_line' id='line_1_49' title="bbox 117 3117 941 3190; baseline 0 -17"><span class='ocrx_word' id='word_1_390' title='bbox 117 3117 298 3188; x_wconf 80' lang='lat' dir='ltr'><strong>significant:</strong></span> <span class='ocrx_word' id='word_1_391' title='bbox 316 3125 444 3175; x_wconf 91' lang='lat' dir='ltr'><strong>nostram</strong></span> <span class='ocrx_word' id='word_1_392' title='bbox 457 3132 571 3190; x_wconf 90' lang='lat' dir='ltr'><strong>quoque</strong></span> <span class='ocrx_word' id='word_1_393' title='bbox 585 3119 636 3189; x_wconf 91' lang='lat' dir='ltr'><strong>qui</strong></span> <span class='ocrx_word' id='word_1_394' title='bbox 652 3118 809 3174; x_wconf 89' lang='lat' dir='ltr'><strong>scribimus</strong></span> <span class='ocrx_word' id='word_1_395' title='bbox 819 3119 941 3188; x_wconf 90' lang='lat' dir='ltr'><strong>primaru</strong></span> 
     </span>
     <span class='ocr_line' id='line_1_50' title="bbox 120 3204 942 3279; baseline -0.001 -18"><span class='ocrx_word' id='word_1_396' title='bbox 120 3204 244 3262; x_wconf 88' lang='lat' dir='ltr'><strong>litteram</strong></span> <span class='ocrx_word' id='word_1_397' title='bbox 258 3222 284 3277; x_wconf 85' lang='lat' dir='ltr'><strong>a,</strong></span> <span class='ocrx_word' id='word_1_398' title='bbox 295 3214 475 3279; x_wconf 85' lang='lat' dir='ltr'><strong>vestramque</strong></span> <span class='ocrx_word' id='word_1_399' title='bbox 488 3208 572 3277; x_wconf 86' lang='lat' dir='ltr'><strong>cujus</strong></span> <span class='ocrx_word' id='word_1_400' title='bbox 582 3206 773 3264; x_wconf 90' lang='lat' dir='ltr'><strong>beatitudinis</strong></span> <span class='ocrx_word' id='word_1_401' title='bbox 785 3205 942 3263; x_wconf 88' lang='lat' dir='ltr'><strong>scribimus</strong></span> 
     </span>
     <span class='ocr_line' id='line_1_51' title="bbox 117 3295 941 3368; baseline -0.001 -18"><span class='ocrx_word' id='word_1_402' title='bbox 117 3296 324 3368; x_wconf 78' lang='lat' dir='ltr'><strong>secundam,l‘</strong></span> <span class='ocrx_word' id='word_1_403' title='bbox 334 3297 506 3367; x_wconf 86' lang='lat' dir='ltr'><strong>accipientis</strong></span> <span class='ocrx_word' id='word_1_404' title='bbox 517 3296 617 3353; x_wconf 82' lang='lat' dir='ltr'><strong>fratris</strong></span> <span class='ocrx_word' id='word_1_405' title='bbox 635 3297 747 3353; x_wconf 87' lang='lat' dir='ltr'><strong>tertiam</strong></span> <span class='ocrx_word' id='word_1_406' title='bbox 769 3310 796 3365; x_wconf 84' lang='lat' dir='ltr'><strong>a,</strong></span> <span class='ocrx_word' id='word_1_407' title='bbox 813 3295 941 3352; x_wconf 88' lang='lat' dir='ltr'><strong>civitatis</strong></span> 
     </span>
     <span class='ocr_line' id='line_1_52' title="bbox 117 3384 938 3458; baseline -0.002 -18"><span class='ocrx_word' id='word_1_408' title='bbox 117 3390 232 3451; x_wconf 78' lang='lat' dir='ltr'><strong>nostra,</strong></span> <span class='ocrx_word' id='word_1_409' title='bbox 253 3386 289 3441; x_wconf 92' lang='lat' dir='ltr'><strong>de</strong></span> <span class='ocrx_word' id='word_1_410' title='bbox 304 3400 361 3458; x_wconf 91' lang='lat' dir='ltr'><strong>qua</strong></span> <span class='ocrx_word' id='word_1_411' title='bbox 374 3385 526 3458; x_wconf 87' lang='lat' dir='ltr'><strong>scribitur,</strong></span> <span class='ocrx_word' id='word_1_412' title='bbox 548 3392 677 3456; x_wconf 76' lang='lat' dir='ltr'><strong>rpuartam</strong></span> <span class='ocrx_word' id='word_1_413' title='bbox 698 3386 731 3454; x_wconf 82' lang='grc' dir='ltr'><strong>Σ,</strong></span> <span class='ocrx_word' id='word_1_414' title='bbox 744 3384 903 3442; x_wconf 89' lang='lat' dir='ltr'><strong>indictione</strong></span> <span class='ocrx_word' id='word_1_415' title='bbox 919 3397 938 3452; x_wconf 91' lang='lat'><strong>1,</strong></span> 
     </span>
     <span class='ocr_line' id='line_1_53' title="bbox 116 3471 940 3544; baseline 0.001 -17"><span class='ocrx_word' id='word_1_416' title='bbox 116 3473 288 3529; x_wconf 92' lang='lat' dir='ltr'><strong>canonicum</strong></span> <span class='ocrx_word' id='word_1_417' title='bbox 303 3474 431 3532; x_wconf 89' lang='lat' dir='ltr'><strong>ordinem</strong></span> <span class='ocrx_word' id='word_1_418' title='bbox 449 3481 586 3543; x_wconf 86' lang='lat' dir='ltr'><strong>tenentes,</strong></span> <span class='ocrx_word' id='word_1_419' title='bbox 611 3475 680 3532; x_wconf 92' lang='lat' dir='ltr'><strong>huic</strong></span> <span class='ocrx_word' id='word_1_420' title='bbox 695 3480 798 3532; x_wconf 85' lang='lat' dir='ltr'><strong>nostrae</strong></span> <span class='ocrx_word' id='word_1_421' title='bbox 812 3471 940 3544; x_wconf 84' lang='lat' dir='ltr'><strong>epistolae</strong></span> 
     </span>
     <span class='ocr_line' id='line_1_54' title="bbox 116 3561 939 3635; baseline -0.001 -17"><span class='ocrx_word' id='word_1_422' title='bbox 116 3561 259 3635; x_wconf 81' lang='lat' dir='ltr'><strong>attigimus</strong></span> <span class='ocrx_word' id='word_1_423' title='bbox 273 3582 279 3618; x_wconf 92' lang='lat'>:</span> <span class='ocrx_word' id='word_1_424' title='bbox 292 3570 378 3635; x_wconf 90' lang='lat' dir='ltr'><strong>atque</strong></span> <span class='ocrx_word' id='word_1_425' title='bbox 396 3565 559 3621; x_wconf 77' lang='lat' dir='ltr'><strong>Graecarum</strong></span> <span class='ocrx_word' id='word_1_426' title='bbox 579 3563 740 3621; x_wconf 89' lang='lat' dir='ltr'><strong>litterarum</strong></span> <span class='ocrx_word' id='word_1_427' title='bbox 762 3577 895 3620; x_wconf 89' lang='lat' dir='ltr'><strong>numeros</strong></span> <span class='ocrx_word' id='word_1_428' title='bbox 911 3561 939 3617; x_wconf 94' lang='lat' dir='ltr'><strong>in</strong></span> 
     </span>
     <span class='ocr_line' id='line_1_55' title="bbox 117 3651 940 3724; baseline -0.001 -16"><span class='ocrx_word' id='word_1_429' title='bbox 117 3666 257 3708; x_wconf 89' lang='lat' dir='ltr'><strong>summam</strong></span> <span class='ocrx_word' id='word_1_430' title='bbox 272 3652 407 3710; x_wconf 89' lang='lat' dir='ltr'><strong>collectos</strong></span> <span class='ocrx_word' id='word_1_431' title='bbox 418 3652 570 3724; x_wconf 89' lang='lat' dir='ltr'><strong>epistolam</strong></span> <span class='ocrx_word' id='word_1_432' title='bbox 584 3661 679 3710; x_wconf 89' lang='lat' dir='ltr'><strong>tencre</strong></span> <span class='ocrx_word' id='word_1_433' title='bbox 690 3651 823 3724; x_wconf 90' lang='lat' dir='ltr'><strong>iacimus,</strong></span> <span class='ocrx_word' id='word_1_434' title='bbox 844 3652 940 3720; x_wconf 90' lang='lat' dir='ltr'><strong>idest,</strong></span> 
     </span>
     <span class='ocr_line' id='line_1_56' title="bbox 117 3740 940 3813; baseline 0.002 -19"><span class='ocrx_word' id='word_1_435' title='bbox 117 3753 203 3807; x_wconf 76' lang='lat' dir='ltr'><strong>nasu,</strong></span> <span class='ocrx_word' id='word_1_436' title='bbox 217 3752 285 3809; x_wconf 86' lang='lat' dir='ltr'><strong>cccc,</strong></span> <span class='ocrx_word' id='word_1_437' title='bbox 302 3755 322 3810; x_wconf 93' lang='lat'><strong>1,</strong></span> <span class='ocrx_word' id='word_1_438' title='bbox 349 3755 418 3811; x_wconf 78' lang='lat' dir='ltr'><strong>nux,</strong></span> <span class='ocrx_word' id='word_1_439' title='bbox 441 3755 510 3808; x_wconf 88' lang='lat' dir='ltr'><strong>cccc,</strong></span> <span class='ocrx_word' id='word_1_440' title='bbox 532 3755 601 3812; x_wconf 73' lang='lat' dir='ltr'><strong>aux,</strong></span> <span class='ocrx_word' id='word_1_441' title='bbox 623 3755 662 3813; x_wconf 90' lang='lat' dir='ltr'><strong>cc,</strong></span> <span class='ocrx_word' id='word_1_442' title='bbox 684 3756 704 3811; x_wconf 91' lang='lat' dir='ltr'><strong>r,</strong></span> <span class='ocrx_word' id='word_1_443' title='bbox 725 3747 756 3799; x_wconf 86' lang='lat' dir='ltr'><strong>ut</strong></span> <span class='ocrx_word' id='word_1_444' title='bbox 771 3756 820 3812; x_wconf 90' lang='lat' dir='ltr'><strong>per</strong></span> <span class='ocrx_word' id='word_1_445' title='bbox 843 3740 940 3798; x_wconf 87' lang='lat' dir='ltr'><strong>omnia</strong></span> 
     </span>
     <span class='ocr_line' id='line_1_57' title="bbox 118 3825 942 3901; baseline 0.001 -19"><span class='ocrx_word' id='word_1_446' title='bbox 118 3834 178 3883; x_wconf 88' lang='lat' dir='ltr'><strong>rata</strong></span> <span class='ocrx_word' id='word_1_447' title='bbox 190 3835 217 3883; x_wconf 90' lang='lat' dir='ltr'><strong>et</strong></span> <span class='ocrx_word' id='word_1_448' title='bbox 234 3829 360 3901; x_wconf 73' lang='lat' dir='ltr'><strong>legitima</strong></span> <span class='ocrx_word' id='word_1_449' title='bbox 375 3825 668 3887; x_wconf 81' lang='lat' dir='ltr'><strong>nostrac&#39;dimissoriae</strong></span> <span class='ocrx_word' id='word_1_450' title='bbox 684 3830 942 3901; x_wconf 78' lang='lat' dir='ltr'><strong>auctoritasproee</strong></span> 
     </span>
     <span class='ocr_line' id='line_1_58' title="bbox 116 3917 940 3988; baseline 0.002 -16"><span class='ocrx_word' id='word_1_451' title='bbox 116 3917 206 3973; x_wconf 86' lang='lat' dir='ltr'><strong>deret.</strong></span> <span class='ocrx_word' id='word_1_452' title='bbox 225 3918 380 3987; x_wconf 85' lang='lat' dir='ltr'><strong>separatim</strong></span> <span class='ocrx_word' id='word_1_453' title='bbox 394 3926 500 3988; x_wconf 89' lang='lat' dir='ltr'><strong>autern,</strong></span> <span class='ocrx_word' id='word_1_454' title='bbox 518 3925 550 3975; x_wconf 90' lang='lat' dir='ltr'><strong>ut</strong></span> <span class='ocrx_word' id='word_1_455' title='bbox 565 3918 714 3988; x_wconf 89' lang='lat' dir='ltr'><strong>epistolam</strong></span> <span class='ocrx_word' id='word_1_456' title='bbox 731 3919 940 3987; x_wconf 89' lang='lat' dir='ltr'><strong>clauderamus,</strong></span> 
     </span>
     <span class='ocr_line' id='line_1_59' title="bbox 117 4007 940 4075; baseline 0.001 -14"><span class='ocrx_word' id='word_1_457' title='bbox 117 4007 343 4075; x_wconf 71' lang='lat' dir='ltr'><strong>nonagenarium</strong></span> <span class='ocrx_word' id='word_1_458' title='bbox 363 4014 392 4064; x_wconf 92' lang='lat' dir='ltr'><strong>et</strong></span> <span class='ocrx_word' id='word_1_459' title='bbox 408 4022 514 4064; x_wconf 90' lang='lat' dir='ltr'><strong>nonum</strong></span> <span class='ocrx_word' id='word_1_460' title='bbox 527 4020 677 4064; x_wconf 90' lang='lat' dir='ltr'><strong>numerum</strong></span> <span class='ocrx_word' id='word_1_461' title='bbox 692 4009 800 4065; x_wconf 81' lang='lat' dir='ltr'><strong>Grauis</strong></span> <span class='ocrx_word' id='word_1_462' title='bbox 813 4008 940 4065; x_wconf 89' lang='lat' dir='ltr'><strong>elemen-</strong></span> 
     </span>
     <span class='ocr_line' id='line_1_60' title="bbox 116 4093 885 4167; baseline 0 -19"><span class='ocrx_word' id='word_1_463' title='bbox 116 4093 155 4149; x_wconf 92' lang='lat' dir='ltr'><strong>tis</strong></span> <span class='ocrx_word' id='word_1_464' title='bbox 169 4095 255 4149; x_wconf 87' lang='lat' dir='ltr'><strong>etiam</strong></span> <span class='ocrx_word' id='word_1_465' title='bbox 269 4096 457 4167; x_wconf 78' lang='lat' dir='ltr'><strong>signavimus,</strong></span> <span class='ocrx_word' id='word_1_466' title='bbox 472 4101 501 4151; x_wconf 91' lang='lat' dir='ltr'><strong>et</strong></span> <span class='ocrx_word' id='word_1_467' title='bbox 514 4096 631 4151; x_wconf 93' lang='lat' dir='ltr'><strong>omnino</strong></span> <span class='ocrx_word' id='word_1_468' title='bbox 648 4095 833 4152; x_wconf 81' lang='lat' dir='ltr'><strong>firmavimus.</strong></span> <span class='ocrx_word' id='word_1_469' title='bbox 847 4097 885 4166; x_wconf 73' lang='lat' dir='ltr'><strong>pt.</strong></span> 
     </span>
    </p>
   </div>
   <div class='ocr_carea' id='block_1_11' title="bbox 115 4198 941 4343">
    <p class='ocr_par' dir='ltr' id='par_1_14' title="bbox 115 4198 941 4343">
     <span class='ocr_line' id='line_1_61' title="bbox 151 4198 941 4274; baseline 0.003 -20"><span class='ocrx_word' id='word_1_470' title='bbox 151 4198 313 4268; x_wconf 84' lang='lat' dir='ltr'><strong>(indietior</strong></span> <span class='ocrx_word' id='word_1_471' title='bbox 340 4210 367 4257; x_wconf 92' lang='lat' dir='ltr'><strong>et</strong></span> <span class='ocrx_word' id='word_1_472' title='bbox 389 4201 554 4258; x_wconf 89' lang='lat' dir='ltr'><strong>Weuilonis</strong></span> <span class='ocrx_word' id='word_1_473' title='bbox 577 4202 758 4272; x_wconf 88' lang='lat' dir='ltr'><strong>episcopatus</strong></span> <span class='ocrx_word' id='word_1_474' title='bbox 778 4208 941 4274; x_wconf 79' lang='lat' dir='ltr'><strong>congruunt</strong></span> 
     </span>
     <span class='ocr_line' id='line_1_62' title="bbox 115 4270 938 4343; baseline 0.002 -18"><span class='ocrx_word' id='word_1_475' title='bbox 115 4283 191 4325; x_wconf 90' lang='lat' dir='ltr'><strong>anno</strong></span> <span class='ocrx_word' id='word_1_476' title='bbox 204 4271 313 4327; x_wconf 84' lang='lat' dir='ltr'><strong>Christi</strong></span> <span class='ocrx_word' id='word_1_477' title='bbox 326 4270 388 4328; x_wconf 84' lang='lat'><strong>868.</strong></span> <span class='ocrx_word' id='word_1_478' title='bbox 411 4274 549 4343; x_wconf 90' lang='lat' dir='ltr'><strong>Proprius</strong></span> <span class='ocrx_word' id='word_1_479' title='bbox 562 4271 689 4329; x_wconf 83' lang='lat' dir='ltr'><strong>formatae</strong></span> <span class='ocrx_word' id='word_1_480' title='bbox 703 4287 839 4329; x_wconf 87' lang='lat' dir='ltr'><strong>numerus</strong></span> <span class='ocrx_word' id='word_1_481' title='bbox 849 4285 938 4340; x_wconf 73' lang='grc' dir='ltr'><strong>τοττι,</strong></span> 
     </span>
    </p>
   </div>
   <div class='ocr_carea' id='block_1_12' title="bbox 119 4343 970 4414">
    <p class='ocr_par' dir='ltr' id='par_1_15' title="bbox 119 4343 970 4414">
     <span class='ocr_line' id='line_1_63' title="bbox 119 4343 970 4414; baseline 0.004 -19"><span class='ocrx_word' id='word_1_482' title='bbox 119 4354 201 4411; x_wconf 89' lang='lat' dir='ltr'><strong>quem</strong></span> <span class='ocrx_word' id='word_1_483' title='bbox 215 4343 343 4400; x_wconf 84' lang='lat' dir='ltr'><strong>efficiunt</strong></span> <span class='ocrx_word' id='word_1_484' title='bbox 353 4344 456 4399; x_wconf 86' lang='lat' dir='ltr'><strong>litterae</strong></span> <span class='ocrx_word' id='word_1_485' title='bbox 469 4344 506 4403; x_wconf 83' lang='grc' dir='ltr'><strong>Λ,</strong></span> <span class='ocrx_word' id='word_1_486' title='bbox 518 4344 554 4405; x_wconf 80' lang='grc' dir='ltr'><strong>Υ,</strong></span> <span class='ocrx_word' id='word_1_487' title='bbox 568 4346 599 4404; x_wconf 74' lang='grc' dir='ltr'><strong>Δ,</strong></span> <span class='ocrx_word' id='word_1_488' title='bbox 613 4344 646 4398; x_wconf 79' lang='grc' dir='ltr'><strong>Σ,</strong></span> <span class='ocrx_word' id='word_1_489' title='bbox 659 4350 687 4399; x_wconf 88' lang='grc' dir='ltr'><strong>οῖ</strong></span> <span class='ocrx_word' id='word_1_490' title='bbox 703 4344 824 4399; x_wconf 82' lang='lat' dir='ltr'><strong>indictio</strong></span> <span class='ocrx_word' id='word_1_491' title='bbox 846 4360 865 4414; x_wconf 90' lang='lat' dir='ltr'><strong>r,</strong></span> <span class='ocrx_word' id='word_1_492' title='bbox 882 4358 941 4399; x_wconf 90' lang='lat' dir='ltr'><strong>nu·</strong></span> <span class='ocrx_word' id='word_1_493' title='bbox 964 4392 970 4398; x_wconf 88' lang='lat'>.</span> 
     </span>
    </p>
   </div>
   <div class='ocr_carea' id='block_1_13' title="bbox 116 4415 938 4630">
    <p class='ocr_par' dir='ltr' id='par_1_16' title="bbox 116 4415 938 4630">
     <span class='ocr_line' id='line_1_64' title="bbox 118 4415 938 4483; baseline 0.002 -17"><span class='ocrx_word' id='word_1_494' title='bbox 118 4426 214 4467; x_wconf 90' lang='lat' dir='ltr'><strong>merus</strong></span> <span class='ocrx_word' id='word_1_495' title='bbox 231 4415 402 4482; x_wconf 90' lang='lat' dir='ltr'><strong>communis,</strong></span> <span class='ocrx_word' id='word_1_496' title='bbox 420 4429 476 4471; x_wconf 94' lang='lat' dir='ltr'><strong>non</strong></span> <span class='ocrx_word' id='word_1_497' title='bbox 492 4428 571 4481; x_wconf 82' lang='lat' dir='ltr'><strong>neca,</strong></span> <span class='ocrx_word' id='word_1_498' title='bbox 590 4421 621 4471; x_wconf 91' lang='lat' dir='ltr'><strong>ut</strong></span> <span class='ocrx_word' id='word_1_499' title='bbox 641 4415 670 4470; x_wconf 93' lang='lat' dir='ltr'><strong>in</strong></span> <span class='ocrx_word' id='word_1_500' title='bbox 685 4415 764 4483; x_wconf 88' lang='lat' dir='ltr'><strong>aliis,</strong></span> <span class='ocrx_word' id='word_1_501' title='bbox 786 4416 834 4471; x_wconf 88' lang='lat' dir='ltr'><strong>sed</strong></span> <span class='ocrx_word' id='word_1_502' title='bbox 857 4428 938 4483; x_wconf 80' lang='lat' dir='ltr'><strong>nanc,</strong></span> 
     </span>
     <span class='ocr_line' id='line_1_65' title="bbox 117 4484 938 4556; baseline 0.004 -18"><span class='ocrx_word' id='word_1_503' title='bbox 117 4484 224 4539; x_wconf 89' lang='lat' dir='ltr'><strong>omissa</strong></span> <span class='ocrx_word' id='word_1_504' title='bbox 248 4485 345 4542; x_wconf 85' lang='lat' dir='ltr'><strong>littera</strong></span> <span class='ocrx_word' id='word_1_505' title='bbox 369 4486 406 4555; x_wconf 90' lang='grc' dir='ltr'><strong>Π,</strong></span> <span class='ocrx_word' id='word_1_506' title='bbox 424 4500 487 4556; x_wconf 73' lang='lat' dir='ltr'><strong>quar</strong></span> <span class='ocrx_word' id='word_1_507' title='bbox 506 4487 598 4555; x_wconf 88' lang='lat' dir='ltr'><strong>prima</strong></span> <span class='ocrx_word' id='word_1_508' title='bbox 622 4492 683 4542; x_wconf 90' lang='lat' dir='ltr'><strong>erat</strong></span> <span class='ocrx_word' id='word_1_509' title='bbox 706 4486 833 4543; x_wconf 91' lang='lat' dir='ltr'><strong>nominis</strong></span> <span class='ocrx_word' id='word_1_510' title='bbox 852 4487 938 4542; x_wconf 88' lang='lat' dir='ltr'><strong>Petri.</strong></span> 
     </span>
     <span class='ocr_line' id='line_1_66' title="bbox 116 4554 766 4630; baseline 0.006 -22"><span class='ocrx_word' id='word_1_511' title='bbox 116 4554 232 4611; x_wconf 89' lang='lat' dir='ltr'><strong>Summa</strong></span> <span class='ocrx_word' id='word_1_512' title='bbox 247 4570 314 4628; x_wconf 81' lang='lat' dir='ltr'><strong>ergo</strong></span> <span class='ocrx_word' id='word_1_513' title='bbox 337 4557 490 4627; x_wconf 90' lang='lat' dir='ltr'><strong>uiriusque</strong></span> <span class='ocrx_word' id='word_1_514' title='bbox 506 4558 617 4613; x_wconf 91' lang='lat' dir='ltr'><strong>numeri</strong></span> <span class='ocrx_word' id='word_1_515' title='bbox 642 4556 766 4630; x_wconf 77' lang='lat' dir='ltr'><strong>necati.)</strong></span> 
     </span>
    </p>
   </div>
   <div class='ocr_carea' id='block_1_14' title="bbox 506 4683 548 4737">
    <p class='ocr_par' dir='ltr' id='par_1_17' title="bbox 506 4683 548 4737">
     <span class='ocr_line' id='line_1_67' title="bbox 506 4683 548 4737; baseline -0.071 1"><span class='ocrx_word' id='word_1_516' title='bbox 506 4683 548 4737; x_wconf 91' lang='lat' dir='ltr'><strong>Vl.</strong></span> 
     </span>
    </p>
   </div>
   <div class='ocr_carea' id='block_1_15' title="bbox 113 4786 941 5376">
    <p class='ocr_par' dir='ltr' id='par_1_18' title="bbox 114 4786 941 4987">
     <span class='ocr_line' id='line_1_68' title="bbox 114 4786 941 4859; baseline 0.004 -21"><span class='ocrx_word' id='word_1_517' title='bbox 114 4786 205 4840; x_wconf 78' lang='lat' dir='ltr'><strong>AEucae</strong></span> <span class='ocrx_word' id='word_1_518' title='bbox 228 4788 393 4843; x_wconf 77' lang='lat' dir='ltr'><strong>Purasiensis</strong></span> <span class='ocrx_word' id='word_1_519' title='bbox 412 4790 529 4859; x_wconf 80' lang='lat' dir='ltr'><strong>episcopi</strong></span> <span class='ocrx_word' id='word_1_520' title='bbox 545 4788 582 4842; x_wconf 84' lang='lat' dir='ltr'><strong>act</strong></span> <span class='ocrx_word' id='word_1_521' title='bbox 607 4790 785 4843; x_wconf 75' lang='lat' dir='ltr'><strong>literatorum</strong></span> <span class='ocrx_word' id='word_1_522' title='bbox 807 4789 941 4844; x_wconf 73' lang='lat' dir='ltr'><strong>lidemon-</strong></span> 
     </span>
     <span class='ocr_line' id='line_1_69' title="bbox 150 4860 941 4930; baseline 0.005 -20"><span class='ocrx_word' id='word_1_523' title='bbox 150 4872 215 4918; x_wconf 88' lang='lat' dir='ltr'><strong>scm.</strong></span> <span class='ocrx_word' id='word_1_524' title='bbox 238 4863 268 4913; x_wconf 85' lang='lat' dir='ltr'><strong>ut</strong></span> <span class='ocrx_word' id='word_1_525' title='bbox 289 4862 314 4913; x_wconf 85' lang='lat' dir='ltr'><strong>ei</strong></span> <span class='ocrx_word' id='word_1_526' title='bbox 334 4860 484 4914; x_wconf 76' lang='lat' dir='ltr'><strong>bernonem</strong></span> <span class='ocrx_word' id='word_1_527' title='bbox 508 4860 664 4929; x_wconf 76' lang='lat' dir='ltr'><strong>acolythum</strong></span> <span class='ocrx_word' id='word_1_528' title='bbox 684 4862 714 4915; x_wconf 86' lang='lat' dir='ltr'><strong>iu</strong></span> <span class='ocrx_word' id='word_1_529' title='bbox 734 4860 869 4930; x_wconf 84' lang='lat' dir='ltr'><strong>parochio</strong></span> <span class='ocrx_word' id='word_1_530' title='bbox 889 4876 941 4916; x_wconf 81' lang='lat' dir='ltr'><strong>suci</strong></span> 
     </span>
     <span class='ocr_line' id='line_1_70' title="bbox 149 4930 543 4987; baseline 0.01 -6"><span class='ocrx_word' id='word_1_531' title='bbox 149 4930 266 4984; x_wconf 72' lang='lat' dir='ltr'><strong>reticuere</strong></span> <span class='ocrx_word' id='word_1_532' title='bbox 279 4935 304 4985; x_wconf 85' lang='lat' dir='ltr'><strong>et</strong></span> <span class='ocrx_word' id='word_1_533' title='bbox 313 4931 444 4987; x_wconf 84' lang='lat' dir='ltr'><strong>ordinere</strong></span> <span class='ocrx_word' id='word_1_534' title='bbox 455 4933 543 4986; x_wconf 85' lang='lat' dir='ltr'><strong>liceat.</strong></span> 
     </span>
    </p>

    <p class='ocr_par' dir='ltr' id='par_1_19' title="bbox 113 5034 940 5281">
     <span class='ocr_line' id='line_1_71' title="bbox 149 5034 938 5096; baseline 0.008 -8"><span class='ocrx_word' id='word_1_535' title='bbox 149 5034 312 5092; x_wconf 84' lang='lat' dir='ltr'><strong>Venerabili</strong></span> <span class='ocrx_word' id='word_1_536' title='bbox 335 5036 366 5093; x_wconf 94' lang='lat' dir='ltr'><strong>in</strong></span> <span class='ocrx_word' id='word_1_537' title='bbox 380 5036 494 5092; x_wconf 85' lang='lat' dir='ltr'><strong>Christo</strong></span> <span class='ocrx_word' id='word_1_538' title='bbox 514 5036 590 5093; x_wconf 89' lang='lat' dir='ltr'><strong>Patri</strong></span> <span class='ocrx_word' id='word_1_539' title='bbox 605 5036 938 5096; x_wconf 81' lang='lat' dir='ltr'><strong>iliucmarollhemorum</strong></span> 
     </span>
     <span class='ocr_line' id='line_1_72' title="bbox 113 5121 940 5194; baseline 0.007 -17"><span class='ocrx_word' id='word_1_540' title='bbox 113 5121 342 5194; x_wconf 90' lang='lat' dir='ltr'><strong>archiepiscopo,</strong></span> <span class='ocrx_word' id='word_1_541' title='bbox 359 5126 459 5182; x_wconf 83' lang='lat' dir='ltr'><strong>AEneas</strong></span> <span class='ocrx_word' id='word_1_542' title='bbox 475 5130 579 5181; x_wconf 82' lang='lat' dir='ltr'><strong>sancta</strong></span> <span class='ocrx_word' id='word_1_543' title='bbox 589 5126 796 5183; x_wconf 85' lang='lat' dir='ltr'><strong>Parisiaceusis</strong></span> <span class='ocrx_word' id='word_1_544' title='bbox 807 5126 940 5184; x_wconf 85' lang='lat' dir='ltr'><strong>Ecclesiae</strong></span> 
     </span>
     <span class='ocr_line' id='line_1_73' title="bbox 113 5210 600 5281; baseline 0.004 -16"><span class='ocrx_word' id='word_1_545' title='bbox 113 5210 269 5281; x_wconf 91' lang='lat' dir='ltr'><strong>episcopus</strong></span> <span class='ocrx_word' id='word_1_546' title='bbox 283 5213 314 5271; x_wconf 93' lang='lat' dir='ltr'><strong>iu</strong></span> <span class='ocrx_word' id='word_1_547' title='bbox 328 5215 449 5271; x_wconf 90' lang='lat' dir='ltr'><strong>Domino</strong></span> <span class='ocrx_word' id='word_1_548' title='bbox 469 5213 600 5271; x_wconf 89' lang='lat' dir='ltr'><strong>salutern.</strong></span> 
     </span>
    </p>

    <p class='ocr_par' dir='ltr' id='par_1_20' title="bbox 149 5299 940 5376">
     <span class='ocr_line' id='line_1_74' title="bbox 149 5299 940 5376; baseline 0.01 -22"><span class='ocrx_word' id='word_1_549' title='bbox 149 5300 248 5355; x_wconf 87' lang='lat' dir='ltr'><strong>Nostri</strong></span> <span class='ocrx_word' id='word_1_550' title='bbox 264 5299 366 5359; x_wconf 83' lang='lat' dir='ltr'><strong>iratres</strong></span> <span class='ocrx_word' id='word_1_551' title='bbox 378 5303 414 5358; x_wconf 91' lang='lat' dir='ltr'><strong>de</strong></span> <span class='ocrx_word' id='word_1_552' title='bbox 433 5301 607 5359; x_wconf 89' lang='lat' dir='ltr'><strong>monasterio</strong></span> <span class='ocrx_word' id='word_1_553' title='bbox 625 5302 716 5359; x_wconf 90' lang='lat' dir='ltr'><strong>sancti</strong></span> <span class='ocrx_word' id='word_1_554' title='bbox 731 5302 874 5376; x_wconf 85' lang='lat' dir='ltr'><strong>Dionysii,</strong></span> <span class='ocrx_word' id='word_1_555' title='bbox 890 5319 940 5375; x_wconf 90' lang='lat' dir='ltr'><strong>per</strong></span> 
     </span>
    </p>
   </div>
   <div class='ocr_carea' id='block_1_16' title="bbox 114 5388 944 5461">
    <p class='ocr_par' dir='ltr' id='par_1_21' title="bbox 114 5388 944 5461">
     <span class='ocr_line' id='line_1_75' title="bbox 114 5388 944 5461; baseline 0.008 -18"><span class='ocrx_word' id='word_1_556' title='bbox 114 5388 262 5445; x_wconf 89' lang='lat' dir='ltr'><strong>licentiam</strong></span> <span class='ocrx_word' id='word_1_557' title='bbox 283 5391 383 5453; x_wconf 90' lang='lat' dir='ltr'><strong>domni</strong></span> <span class='ocrx_word' id='word_1_558' title='bbox 406 5390 520 5447; x_wconf 89' lang='lat' dir='ltr'><strong>abbatis</strong></span> <span class='ocrx_word' id='word_1_559' title='bbox 540 5390 689 5461; x_wconf 89' lang='lat' dir='ltr'><strong>Ludovici,</strong></span> <span class='ocrx_word' id='word_1_560' title='bbox 705 5391 740 5446; x_wconf 91' lang='lat' dir='ltr'><strong>ad</strong></span> <span class='ocrx_word' id='word_1_561' title='bbox 760 5391 944 5457; x_wconf 63' lang='lat' dir='ltr'><strong>educandum„</strong></span> 
     </span>
    </p>
   </div>
   <div class='ocr_carea' id='block_1_17' title="bbox 113 5478 941 5638">
    <p class='ocr_par' dir='ltr' id='par_1_22' title="bbox 113 5478 941 5638">
     <span class='ocr_line' id='line_1_76' title="bbox 113 5478 939 5550; baseline 0.007 -18"><span class='ocrx_word' id='word_1_562' title='bbox 113 5484 201 5549; x_wconf 89' lang='lat' dir='ltr'><strong>atque</strong></span> <span class='ocrx_word' id='word_1_563' title='bbox 230 5479 422 5537; x_wconf 90' lang='lat' dir='ltr'><strong>erudiendum</strong></span> <span class='ocrx_word' id='word_1_564' title='bbox 447 5478 655 5536; x_wconf 88' lang='lat' dir='ltr'><strong>commiserunt</strong></span> <span class='ocrx_word' id='word_1_565' title='bbox 688 5478 761 5534; x_wconf 85' lang='lat' dir='ltr'><strong>milri</strong></span> <span class='ocrx_word' id='word_1_566' title='bbox 789 5481 939 5550; x_wconf 88' lang='lat' dir='ltr'><strong>quemdam</strong></span> 
     </span>
     <span class='ocr_line' id='line_1_77' title="bbox 114 5565 941 5638; baseline 0.006 -17"><span class='ocrx_word' id='word_1_567' title='bbox 114 5565 322 5627; x_wconf 87' lang='lat' dir='ltr'><strong>adolescentem</strong></span> <span class='ocrx_word' id='word_1_568' title='bbox 338 5569 455 5627; x_wconf 89' lang='lat' dir='ltr'><strong>nomine</strong></span> <span class='ocrx_word' id='word_1_569' title='bbox 468 5568 634 5637; x_wconf 80' lang='lat' dir='ltr'><strong>bernonem,</strong></span> <span class='ocrx_word' id='word_1_570' title='bbox 656 5580 740 5638; x_wconf 89' lang='lat' dir='ltr'><strong>quern</strong></span> <span class='ocrx_word' id='word_1_571' title='bbox 763 5572 855 5626; x_wconf 86' lang='lat' dir='ltr'><strong>vestra</strong></span> <span class='ocrx_word' id='word_1_572' title='bbox 878 5568 941 5626; x_wconf 87' lang='lat' dir='ltr'><strong>lra-</strong></span> 
     </span>
    </p>
   </div>
   <div class='ocr_carea' id='block_1_18' title="bbox 994 3110 1825 5217">
    <p class='ocr_par' dir='ltr' id='par_1_23' title="bbox 994 3110 1825 5217">
     <span class='ocr_line' id='line_1_78' title="bbox 998 3110 1822 3180; baseline -0.001 -12"><span class='ocrx_word' id='word_1_573' title='bbox 998 3113 1110 3169; x_wconf 89' lang='lat' dir='ltr'><strong>ritatem</strong></span> <span class='ocrx_word' id='word_1_574' title='bbox 1132 3112 1310 3173; x_wconf 76' lang='lat' dir='ltr'><strong>canonicam,</strong></span> <span class='ocrx_word' id='word_1_575' title='bbox 1327 3111 1404 3168; x_wconf 89' lang='lat' dir='ltr'><strong>sicut</strong></span> <span class='ocrx_word' id='word_1_576' title='bbox 1430 3110 1506 3168; x_wconf 89' lang='lat' dir='ltr'><strong>inter</strong></span> <span class='ocrx_word' id='word_1_577' title='bbox 1530 3111 1645 3168; x_wconf 91' lang='lat' dir='ltr'><strong>dantem</strong></span> <span class='ocrx_word' id='word_1_578' title='bbox 1671 3110 1822 3180; x_wconf 88' lang='lat' dir='ltr'><strong>aecipien-</strong></span> 
     </span>
     <span class='ocr_line' id='line_1_79' title="bbox 997 3197 1822 3272; baseline -0.005 -15"><span class='ocrx_word' id='word_1_579' title='bbox 997 3208 1110 3272; x_wconf 90' lang='lat' dir='ltr'><strong>temque</strong></span> <span class='ocrx_word' id='word_1_580' title='bbox 1125 3200 1186 3257; x_wconf 85' lang='lat' dir='ltr'><strong>lieri</strong></span> <span class='ocrx_word' id='word_1_581' title='bbox 1200 3205 1320 3271; x_wconf 87' lang='lat' dir='ltr'><strong>oportet,</strong></span> <span class='ocrx_word' id='word_1_582' title='bbox 1342 3208 1442 3257; x_wconf 78' lang='lat' dir='ltr'><strong>restra</strong></span> <span class='ocrx_word' id='word_1_583' title='bbox 1464 3199 1571 3257; x_wconf 89' lang='lat' dir='ltr'><strong>ditioni</strong></span> <span class='ocrx_word' id='word_1_584' title='bbox 1587 3197 1692 3268; x_wconf 89' lang='lat' dir='ltr'><strong>subjici</strong></span> <span class='ocrx_word' id='word_1_585' title='bbox 1706 3197 1822 3254; x_wconf 86' lang='lat' dir='ltr'><strong>valeret.</strong></span> 
     </span>
     <span class='ocr_line' id='line_1_80' title="bbox 996 3285 1825 3361; baseline -0.006 -14"><span class='ocrx_word' id='word_1_586' title='bbox 996 3291 1205 3361; x_wconf 85' lang='lat' dir='ltr'><strong>blisimusergo</strong></span> <span class='ocrx_word' id='word_1_587' title='bbox 1224 3288 1305 3347; x_wconf 85' lang='lat' dir='ltr'><strong>vobis</strong></span> <span class='ocrx_word' id='word_1_588' title='bbox 1325 3291 1398 3346; x_wconf 94' lang='lat' dir='ltr'><strong>hanc</strong></span> <span class='ocrx_word' id='word_1_589' title='bbox 1410 3288 1561 3360; x_wconf 89' lang='lat' dir='ltr'><strong>epistolam</strong></span> <span class='ocrx_word' id='word_1_590' title='bbox 1579 3287 1718 3343; x_wconf 89' lang='lat' dir='ltr'><strong>canonica</strong></span> <span class='ocrx_word' id='word_1_591' title='bbox 1734 3285 1825 3343; x_wconf 89' lang='lat' dir='ltr'><strong>insti-</strong></span> 
     </span>
     <span class='ocr_line' id='line_1_81' title="bbox 996 3378 1824 3451; baseline -0.005 -15"><span class='ocrx_word' id='word_1_592' title='bbox 996 3379 1107 3436; x_wconf 90' lang='lat' dir='ltr'><strong>tutione</strong></span> <span class='ocrx_word' id='word_1_593' title='bbox 1121 3378 1280 3448; x_wconf 86' lang='lat' dir='ltr'><strong>lormatam,</strong></span> <span class='ocrx_word' id='word_1_594' title='bbox 1304 3383 1336 3436; x_wconf 93' lang='lat' dir='ltr'><strong>ut</strong></span> <span class='ocrx_word' id='word_1_595' title='bbox 1347 3378 1527 3451; x_wconf 79' lang='lat' dir='ltr'><strong>cognoscatis</strong></span> <span class='ocrx_word' id='word_1_596' title='bbox 1543 3378 1651 3447; x_wconf 83' lang='lat' dir='ltr'><strong>justam</strong></span> <span class='ocrx_word' id='word_1_597' title='bbox 1666 3379 1753 3447; x_wconf 91' lang='lat' dir='ltr'><strong>atque</strong></span> <span class='ocrx_word' id='word_1_598' title='bbox 1771 3388 1824 3432; x_wconf 83' lang='lat' dir='ltr'><strong>ca-</strong></span> 
     </span>
     <span class='ocr_line' id='line_1_82' title="bbox 997 3463 1823 3539; baseline -0.006 -14"><span class='ocrx_word' id='word_1_599' title='bbox 997 3469 1127 3525; x_wconf 90' lang='lat' dir='ltr'><strong>nonicam</strong></span> <span class='ocrx_word' id='word_1_600' title='bbox 1143 3482 1208 3524; x_wconf 89' lang='lat' dir='ltr'><strong>eum</strong></span> <span class='ocrx_word' id='word_1_601' title='bbox 1224 3481 1297 3525; x_wconf 90' lang='lat' dir='ltr'><strong>ame</strong></span> <span class='ocrx_word' id='word_1_602' title='bbox 1309 3468 1454 3539; x_wconf 89' lang='lat' dir='ltr'><strong>accepisse</strong></span> <span class='ocrx_word' id='word_1_603' title='bbox 1466 3466 1625 3524; x_wconf 90' lang='lat' dir='ltr'><strong>licentiam.</strong></span> <span class='ocrx_word' id='word_1_604' title='bbox 1640 3464 1708 3522; x_wconf 86' lang='lat' dir='ltr'><strong>Tria</strong></span> <span class='ocrx_word' id='word_1_605' title='bbox 1722 3463 1823 3536; x_wconf 83' lang='lat' dir='ltr'><strong>siqui-</strong></span> 
     </span>
     <span class='ocr_line' id='line_1_83' title="bbox 995 3544 1825 3628; baseline -0.006 -14"><span class='ocrx_word' id='word_1_606' title='bbox 995 3544 1058 3615; x_wconf 90' lang='lat' dir='ltr'><strong>dem</strong></span> <span class='ocrx_word' id='word_1_607' title='bbox 1071 3558 1169 3615; x_wconf 86' lang='lat' dir='ltr'><strong>Graeca</strong></span> <span class='ocrx_word' id='word_1_608' title='bbox 1184 3557 1324 3614; x_wconf 88' lang='lat' dir='ltr'><strong>elementa</strong></span> <span class='ocrx_word' id='word_1_609' title='bbox 1339 3558 1421 3628; x_wconf 90' lang='lat' dir='ltr'><strong>prius</strong></span> <span class='ocrx_word' id='word_1_610' title='bbox 1436 3558 1542 3613; x_wconf 84' lang='lat' dir='ltr'><strong>inserta</strong></span> <span class='ocrx_word' id='word_1_611' title='bbox 1555 3554 1782 3628; x_wconf 80' lang='lat' dir='ltr'><strong>octogenarium,</strong></span> <span class='ocrx_word' id='word_1_612' title='bbox 1793 3560 1825 3609; x_wconf 91' lang='lat' dir='ltr'><strong>et</strong></span> 
     </span>
     <span class='ocr_line' id='line_1_84' title="bbox 996 3645 1818 3718; baseline -0.007 -15"><span class='ocrx_word' id='word_1_613' title='bbox 996 3646 1302 3718; x_wconf 79' lang='lat' dir='ltr'><strong>quadrigentesimum,</strong></span> <span class='ocrx_word' id='word_1_614' title='bbox 1316 3653 1345 3704; x_wconf 91' lang='lat' dir='ltr'><strong>et</strong></span> <span class='ocrx_word' id='word_1_615' title='bbox 1357 3646 1481 3717; x_wconf 91' lang='lat' dir='ltr'><strong>primum</strong></span> <span class='ocrx_word' id='word_1_616' title='bbox 1494 3645 1645 3703; x_wconf 89' lang='lat' dir='ltr'><strong>contineat</strong></span> <span class='ocrx_word' id='word_1_617' title='bbox 1655 3656 1818 3700; x_wconf 88' lang='lat' dir='ltr'><strong>numerum.</strong></span> 
     </span>
     <span class='ocr_line' id='line_1_85' title="bbox 997 3731 1820 3806; baseline -0.006 -14"><span class='ocrx_word' id='word_1_618' title='bbox 997 3737 1037 3792; x_wconf 82' lang='lat' dir='ltr'><strong>Ex</strong></span> <span class='ocrx_word' id='word_1_619' title='bbox 1051 3737 1167 3792; x_wconf 90' lang='lat' dir='ltr'><strong>nomine</strong></span> <span class='ocrx_word' id='word_1_620' title='bbox 1180 3735 1296 3806; x_wconf 90' lang='lat' dir='ltr'><strong>quidem</strong></span> <span class='ocrx_word' id='word_1_621' title='bbox 1309 3735 1384 3792; x_wconf 86' lang='lat' dir='ltr'><strong>Petri</strong></span> <span class='ocrx_word' id='word_1_622' title='bbox 1400 3734 1524 3806; x_wconf 90' lang='lat' dir='ltr'><strong>apostoli</strong></span> <span class='ocrx_word' id='word_1_623' title='bbox 1541 3734 1634 3805; x_wconf 90' lang='lat' dir='ltr'><strong>prima</strong></span> <span class='ocrx_word' id='word_1_624' title='bbox 1658 3732 1764 3801; x_wconf 91' lang='lat' dir='ltr'><strong>littera,</strong></span> <span class='ocrx_word' id='word_1_625' title='bbox 1791 3731 1820 3788; x_wconf 90' lang='lat' dir='ltr'><strong>id</strong></span> 
     </span>
     <span class='ocr_line' id='line_1_86' title="bbox 997 3820 1824 3897; baseline -0.004 -17"><span class='ocrx_word' id='word_1_626' title='bbox 997 3830 1039 3880; x_wconf 91' lang='lat' dir='ltr'><strong>cst</strong></span> <span class='ocrx_word' id='word_1_627' title='bbox 1051 3838 1083 3892; x_wconf 89' lang='lat'><strong>11,</strong></span> <span class='ocrx_word' id='word_1_628' title='bbox 1100 3822 1246 3893; x_wconf 88' lang='lat' dir='ltr'><strong>similiter,</strong></span> <span class='ocrx_word' id='word_1_629' title='bbox 1261 3824 1394 3894; x_wconf 79' lang='lat' dir='ltr'><strong>ueprius,</strong></span> <span class='ocrx_word' id='word_1_630' title='bbox 1406 3824 1550 3897; x_wconf 79' lang='lat' dir='ltr'><strong>octoginta</strong></span> <span class='ocrx_word' id='word_1_631' title='bbox 1560 3820 1710 3892; x_wconf 85' lang='lat' dir='ltr'><strong>exprimit.</strong></span> <span class='ocrx_word' id='word_1_632' title='bbox 1721 3822 1762 3878; x_wconf 83' lang='lat' dir='ltr'><strong>Ex</strong></span> <span class='ocrx_word' id='word_1_633' title='bbox 1775 3833 1824 3877; x_wconf 90' lang='lat' dir='ltr'><strong>ao·</strong></span> 
     </span>
     <span class='ocr_line' id='line_1_87' title="bbox 997 3911 1819 3984; baseline -0.002 -16"><span class='ocrx_word' id='word_1_634' title='bbox 997 3911 1819 3984; x_wconf 82' lang='lat' dir='ltr'><strong>straeparvitatisnominesiuiliterprimalittera,idestn,</strong></span> 
     </span>
     <span class='ocr_line' id='line_1_88' title="bbox 999 3999 1823 4075; baseline -0.005 -16"><span class='ocrx_word' id='word_1_635' title='bbox 999 4004 1101 4074; x_wconf 88' lang='lat' dir='ltr'><strong>quinto</strong></span> <span class='ocrx_word' id='word_1_636' title='bbox 1114 4004 1250 4074; x_wconf 80' lang='lat' dir='ltr'><strong>congruit</strong></span> <span class='ocrx_word' id='word_1_637' title='bbox 1264 4017 1399 4061; x_wconf 88' lang='lat' dir='ltr'><strong>numero:</strong></span> <span class='ocrx_word' id='word_1_638' title='bbox 1416 4009 1516 4061; x_wconf 81' lang='lat' dir='ltr'><strong>restrae</strong></span> <span class='ocrx_word' id='word_1_639' title='bbox 1533 4014 1649 4075; x_wconf 89' lang='lat' dir='ltr'><strong>quoquc</strong></span> <span class='ocrx_word' id='word_1_640' title='bbox 1659 3999 1823 4058; x_wconf 88' lang='lat' dir='ltr'><strong>sanctitatis</strong></span> 
     </span>
     <span class='ocr_line' id='line_1_89' title="bbox 997 4088 1825 4163; baseline -0.001 -17"><span class='ocrx_word' id='word_1_641' title='bbox 997 4092 1122 4147; x_wconf 91' lang='lat' dir='ltr'><strong>secunda</strong></span> <span class='ocrx_word' id='word_1_642' title='bbox 1142 4091 1269 4147; x_wconf 91' lang='lat' dir='ltr'><strong>nominis</strong></span> <span class='ocrx_word' id='word_1_643' title='bbox 1281 4092 1388 4163; x_wconf 89' lang='lat' dir='ltr'><strong>littera,</strong></span> <span class='ocrx_word' id='word_1_644' title='bbox 1406 4093 1434 4149; x_wconf 91' lang='lat' dir='ltr'><strong>id</strong></span> <span class='ocrx_word' id='word_1_645' title='bbox 1455 4099 1498 4149; x_wconf 93' lang='grc' dir='ltr'><strong>οεῖ</strong></span> <span class='ocrx_word' id='word_1_646' title='bbox 1519 4106 1538 4157; x_wconf 84' lang='grc' dir='ltr'><strong>ν,</strong></span> <span class='ocrx_word' id='word_1_647' title='bbox 1564 4088 1755 4162; x_wconf 92' lang='lat' dir='ltr'><strong>proculdubio</strong></span> <span class='ocrx_word' id='word_1_648' title='bbox 1769 4090 1825 4146; x_wconf 89' lang='lat' dir='ltr'><strong>de-</strong></span> 
     </span>
     <span class='ocr_line' id='line_1_90' title="bbox 998 4177 1823 4250; baseline 0.001 -17"><span class='ocrx_word' id='word_1_649' title='bbox 998 4179 1109 4236; x_wconf 91' lang='lat' dir='ltr'><strong>narium</strong></span> <span class='ocrx_word' id='word_1_650' title='bbox 1135 4178 1238 4235; x_wconf 86' lang='lat' dir='ltr'><strong>iormat</strong></span> <span class='ocrx_word' id='word_1_651' title='bbox 1265 4191 1427 4236; x_wconf 88' lang='lat' dir='ltr'><strong>numerum.</strong></span> <span class='ocrx_word' id='word_1_652' title='bbox 1458 4178 1573 4237; x_wconf 82' lang='lat' dir='ltr'><strong>Praelati</strong></span> <span class='ocrx_word' id='word_1_653' title='bbox 1607 4177 1763 4250; x_wconf 74' lang='lat' dir='ltr'><strong>presbyteri</strong></span> <span class='ocrx_word' id='word_1_654' title='bbox 1787 4189 1823 4234; x_wconf 85' lang='lat' dir='ltr'><strong>ex</strong></span> 
     </span>
     <span class='ocr_line' id='line_1_91' title="bbox 997 4265 1823 4338; baseline 0 -17"><span class='ocrx_word' id='word_1_655' title='bbox 997 4266 1091 4337; x_wconf 92' lang='lat' dir='ltr'><strong>ipsius</strong></span> <span class='ocrx_word' id='word_1_656' title='bbox 1115 4268 1231 4324; x_wconf 90' lang='lat' dir='ltr'><strong>nomine</strong></span> <span class='ocrx_word' id='word_1_657' title='bbox 1253 4267 1349 4337; x_wconf 86' lang='lat' dir='ltr'><strong>tertia,</strong></span> <span class='ocrx_word' id='word_1_658' title='bbox 1366 4267 1394 4324; x_wconf 93' lang='lat' dir='ltr'><strong>id</strong></span> <span class='ocrx_word' id='word_1_659' title='bbox 1419 4274 1463 4325; x_wconf 91' lang='lat' dir='ltr'><strong>est</strong></span> <span class='ocrx_word' id='word_1_660' title='bbox 1479 4282 1506 4338; x_wconf 84' lang='lat' dir='ltr'><strong>n,</strong></span> <span class='ocrx_word' id='word_1_661' title='bbox 1530 4281 1680 4325; x_wconf 89' lang='lat' dir='ltr'><strong>numerum</strong></span> <span class='ocrx_word' id='word_1_662' title='bbox 1696 4265 1823 4325; x_wconf 88' lang='lat' dir='ltr'><strong>ostendit</strong></span> 
     </span>
     <span class='ocr_line' id='line_1_92' title="bbox 996 4355 1823 4429; baseline 0.002 -21"><span class='ocrx_word' id='word_1_663' title='bbox 996 4357 1277 4429; x_wconf 84' lang='lat' dir='ltr'><strong>quinquagesimum.</strong></span> <span class='ocrx_word' id='word_1_664' title='bbox 1293 4357 1423 4428; x_wconf 89' lang='lat' dir='ltr'><strong>Denique</strong></span> <span class='ocrx_word' id='word_1_665' title='bbox 1444 4370 1479 4413; x_wconf 85' lang='lat' dir='ltr'><strong>ex</strong></span> <span class='ocrx_word' id='word_1_666' title='bbox 1495 4361 1599 4413; x_wconf 83' lang='lat' dir='ltr'><strong>nostrae</strong></span> <span class='ocrx_word' id='word_1_667' title='bbox 1623 4355 1752 4413; x_wconf 86' lang='lat' dir='ltr'><strong>civitatis</strong></span> <span class='ocrx_word' id='word_1_668' title='bbox 1766 4367 1823 4410; x_wconf 92' lang='lat' dir='ltr'><strong>no-</strong></span> 
     </span>
     <span class='ocr_line' id='line_1_93' title="bbox 998 4441 1821 4518; baseline -0.005 -17"><span class='ocrx_word' id='word_1_669' title='bbox 998 4446 1073 4503; x_wconf 88' lang='lat' dir='ltr'><strong>mine</strong></span> <span class='ocrx_word' id='word_1_670' title='bbox 1085 4454 1197 4517; x_wconf 85' lang='lat' dir='ltr'><strong>quarta,</strong></span> <span class='ocrx_word' id='word_1_671' title='bbox 1213 4447 1298 4504; x_wconf 91' lang='lat' dir='ltr'><strong>idest</strong></span> <span class='ocrx_word' id='word_1_672' title='bbox 1314 4463 1335 4518; x_wconf 91' lang='lat' dir='ltr'><strong>r,</strong></span> <span class='ocrx_word' id='word_1_673' title='bbox 1350 4446 1505 4506; x_wconf 83' lang='lat' dir='ltr'><strong>decimum.</strong></span> <span class='ocrx_word' id='word_1_674' title='bbox 1520 4451 1552 4503; x_wconf 93' lang='lat' dir='ltr'><strong>ut</strong></span> <span class='ocrx_word' id='word_1_675' title='bbox 1570 4459 1667 4516; x_wconf 87' lang='lat' dir='ltr'><strong>supra,</strong></span> <span class='ocrx_word' id='word_1_676' title='bbox 1683 4441 1821 4514; x_wconf 84' lang='lat' dir='ltr'><strong>exprimit</strong></span> 
     </span>
     <span class='ocr_line' id='line_1_94' title="bbox 998 4531 1821 4604; baseline -0.001 -14"><span class='ocrx_word' id='word_1_677' title='bbox 998 4549 1156 4592; x_wconf 91' lang='lat' dir='ltr'><strong>numerum.</strong></span> <span class='ocrx_word' id='word_1_678' title='bbox 1184 4536 1289 4594; x_wconf 90' lang='lat' dir='ltr'><strong>Sedet</strong></span> <span class='ocrx_word' id='word_1_679' title='bbox 1320 4540 1420 4593; x_wconf 86' lang='lat' dir='ltr'><strong>vestrae</strong></span> <span class='ocrx_word' id='word_1_680' title='bbox 1445 4534 1576 4593; x_wconf 82' lang='lat' dir='ltr'><strong>civitatis</strong></span> <span class='ocrx_word' id='word_1_681' title='bbox 1598 4533 1700 4604; x_wconf 83' lang='lat' dir='ltr'><strong>quinta</strong></span> <span class='ocrx_word' id='word_1_682' title='bbox 1724 4531 1821 4590; x_wconf 83' lang='lat' dir='ltr'><strong>littera</strong></span> 
     </span>
     <span class='ocr_line' id='line_1_95' title="bbox 998 4621 1819 4696; baseline -0.004 -17"><span class='ocrx_word' id='word_1_683' title='bbox 998 4623 1091 4694; x_wconf 88' lang='lat' dir='ltr'><strong>ipsius</strong></span> <span class='ocrx_word' id='word_1_684' title='bbox 1112 4624 1248 4695; x_wconf 90' lang='lat' dir='ltr'><strong>nominis,</strong></span> <span class='ocrx_word' id='word_1_685' title='bbox 1264 4625 1349 4685; x_wconf 88' lang='lat' dir='ltr'><strong>idest</strong></span> <span class='ocrx_word' id='word_1_686' title='bbox 1369 4624 1407 4696; x_wconf 86' lang='grc' dir='ltr'><strong>Υ,</strong></span> <span class='ocrx_word' id='word_1_687' title='bbox 1431 4621 1746 4695; x_wconf 79' lang='lat' dir='ltr'><strong>quadringentesimum</strong></span> <span class='ocrx_word' id='word_1_688' title='bbox 1764 4633 1819 4690; x_wconf 91' lang='lat' dir='ltr'><strong>ap-</strong></span> 
     </span>
     <span class='ocr_line' id='line_1_96' title="bbox 998 4708 1820 4782; baseline -0.001 -16"><span class='ocrx_word' id='word_1_689' title='bbox 998 4711 1097 4782; x_wconf 92' lang='lat' dir='ltr'><strong>probat</strong></span> <span class='ocrx_word' id='word_1_690' title='bbox 1110 4727 1269 4770; x_wconf 90' lang='lat' dir='ltr'><strong>numerum.</strong></span> <span class='ocrx_word' id='word_1_691' title='bbox 1281 4715 1330 4771; x_wconf 82' lang='lat' dir='ltr'><strong>list</strong></span> <span class='ocrx_word' id='word_1_692' title='bbox 1347 4713 1435 4770; x_wconf 88' lang='lat' dir='ltr'><strong>etiam</strong></span> <span class='ocrx_word' id='word_1_693' title='bbox 1454 4725 1530 4771; x_wconf 94' lang='lat' dir='ltr'><strong>nunc</strong></span> <span class='ocrx_word' id='word_1_694' title='bbox 1545 4710 1667 4767; x_wconf 91' lang='lat' dir='ltr'><strong>indictio</strong></span> <span class='ocrx_word' id='word_1_695' title='bbox 1681 4723 1720 4767; x_wconf 82' lang='lat' dir='ltr'><strong>xi.</strong></span> <span class='ocrx_word' id='word_1_696' title='bbox 1734 4708 1820 4768; x_wconf 82' lang='lat' dir='ltr'><strong>hodi·</strong></span> 
     </span>
     <span class='ocr_line' id='line_1_97' title="bbox 994 4797 1819 4875; baseline -0.004 -18"><span class='ocrx_word' id='word_1_697' title='bbox 994 4801 1092 4858; x_wconf 88' lang='lat' dir='ltr'><strong>dimus</strong></span> <span class='ocrx_word' id='word_1_698' title='bbox 1106 4803 1224 4874; x_wconf 92' lang='lat' dir='ltr'><strong>insuper</strong></span> <span class='ocrx_word' id='word_1_699' title='bbox 1239 4802 1464 4875; x_wconf 77' lang='lat' dir='ltr'><strong>nonagenarium</strong></span> <span class='ocrx_word' id='word_1_700' title='bbox 1480 4814 1585 4858; x_wconf 90' lang='lat' dir='ltr'><strong>nonum</strong></span> <span class='ocrx_word' id='word_1_701' title='bbox 1597 4797 1819 4870; x_wconf 75' lang='lat' dir='ltr'><strong>numerumqui</strong></span> 
     </span>
     <span class='ocr_line' id='line_1_98' title="bbox 995 4889 1820 4963; baseline -0.002 -16"><span class='ocrx_word' id='word_1_702' title='bbox 995 4893 1151 4949; x_wconf 88' lang='lat' dir='ltr'><strong>secundum</strong></span> <span class='ocrx_word' id='word_1_703' title='bbox 1166 4892 1263 4950; x_wconf 78' lang='lat' dir='ltr'><strong>eruca</strong></span> <span class='ocrx_word' id='word_1_704' title='bbox 1274 4892 1412 4949; x_wconf 88' lang='lat' dir='ltr'><strong>elementa</strong></span> <span class='ocrx_word' id='word_1_705' title='bbox 1434 4889 1580 4963; x_wconf 77' lang='lat' dir='ltr'><strong>siguificat</strong></span> <span class='ocrx_word' id='word_1_706' title='bbox 1603 4902 1689 4947; x_wconf 81' lang='lat' dir='ltr'><strong>auuu.</strong></span> <span class='ocrx_word' id='word_1_707' title='bbox 1703 4889 1820 4947; x_wconf 86' lang='lat' dir='ltr'><strong>Summa</strong></span> 
     </span>
     <span class='ocr_line' id='line_1_99' title="bbox 995 4977 1816 5049; baseline -0.004 -13"><span class='ocrx_word' id='word_1_708' title='bbox 995 4994 1060 5037; x_wconf 85' lang='lat' dir='ltr'><strong>vero</strong></span> <span class='ocrx_word' id='word_1_709' title='bbox 1074 4981 1165 5038; x_wconf 89' lang='lat' dir='ltr'><strong>totius</strong></span> <span class='ocrx_word' id='word_1_710' title='bbox 1178 4981 1289 5038; x_wconf 89' lang='lat' dir='ltr'><strong>numeri</strong></span> <span class='ocrx_word' id='word_1_711' title='bbox 1303 4980 1334 5036; x_wconf 96' lang='lat' dir='ltr'><strong>in</strong></span> <span class='ocrx_word' id='word_1_712' title='bbox 1346 4979 1444 5036; x_wconf 88' lang='lat' dir='ltr'><strong>omnia</strong></span> <span class='ocrx_word' id='word_1_713' title='bbox 1455 4978 1538 5036; x_wconf 90' lang='lat' dir='ltr'><strong>ducti</strong></span> <span class='ocrx_word' id='word_1_714' title='bbox 1560 4977 1683 5049; x_wconf 90' lang='lat' dir='ltr'><strong>complet</strong></span> <span class='ocrx_word' id='word_1_715' title='bbox 1704 4990 1816 5036; x_wconf 65' lang='grc' dir='ltr'><strong>νοοῖτο.</strong></span> 
     </span>
     <span class='ocr_line' id='line_1_100' title="bbox 995 5065 1819 5140; baseline -0.005 -16"><span class='ocrx_word' id='word_1_716' title='bbox 995 5069 1165 5127; x_wconf 82' lang='lat' dir='ltr'><strong>liaecautem</strong></span> <span class='ocrx_word' id='word_1_717' title='bbox 1187 5069 1284 5129; x_wconf 92' lang='lat' dir='ltr'><strong>omnia</strong></span> <span class='ocrx_word' id='word_1_718' title='bbox 1306 5067 1479 5139; x_wconf 90' lang='lat' dir='ltr'><strong>requirenda</strong></span> <span class='ocrx_word' id='word_1_719' title='bbox 1506 5071 1575 5127; x_wconf 90' lang='lat' dir='ltr'><strong>suut</strong></span> <span class='ocrx_word' id='word_1_720' title='bbox 1601 5065 1766 5140; x_wconf 74' lang='lat' dir='ltr'><strong>diligenter,</strong></span> <span class='ocrx_word' id='word_1_721' title='bbox 1789 5068 1819 5121; x_wconf 92' lang='grc' dir='ltr'><strong>οῖ</strong></span> 
     </span>
     <span class='ocr_line' id='line_1_101' title="bbox 994 5154 1762 5217; baseline -0.01 -2"><span class='ocrx_word' id='word_1_722' title='bbox 994 5173 1059 5216; x_wconf 89' lang='lat' dir='ltr'><strong>cum</strong></span> <span class='ocrx_word' id='word_1_723' title='bbox 1075 5160 1153 5217; x_wconf 89' lang='lat' dir='ltr'><strong>omni</strong></span> <span class='ocrx_word' id='word_1_724' title='bbox 1168 5158 1289 5216; x_wconf 88' lang='lat' dir='ltr'><strong>cautela.</strong></span> <span class='ocrx_word' id='word_1_725' title='bbox 1304 5159 1374 5215; x_wconf 84' lang='lat' dir='ltr'><strong>Data</strong></span> <span class='ocrx_word' id='word_1_726' title='bbox 1392 5171 1442 5214; x_wconf 85' lang='lat' dir='ltr'><strong>vu.</strong></span> <span class='ocrx_word' id='word_1_727' title='bbox 1458 5157 1601 5216; x_wconf 84' lang='lat' dir='ltr'><strong>Kalendas</strong></span> <span class='ocrx_word' id='word_1_728' title='bbox 1620 5154 1762 5217; x_wconf 88' lang='lat' dir='ltr'><strong>Octobris.</strong></span> 
     </span>
    </p>
   </div>
   <div class='ocr_carea' id='block_1_19' title="bbox 991 5277 1818 5639">
    <p class='ocr_par' dir='ltr' id='par_1_24' title="bbox 991 5277 1818 5639">
     <span class='ocr_line' id='line_1_102' title="bbox 1029 5277 1816 5357; baseline -0.011 -15"><span class='ocrx_word' id='word_1_729' title='bbox 1029 5284 1162 5357; x_wconf 88' lang='lat' dir='ltr'><strong>(indictio</strong></span> <span class='ocrx_word' id='word_1_730' title='bbox 1172 5296 1214 5351; x_wconf 81' lang='lat' dir='ltr'><strong>ar,</strong></span> <span class='ocrx_word' id='word_1_731' title='bbox 1225 5282 1408 5353; x_wconf 88' lang='lat' dir='ltr'><strong>episcopatus</strong></span> <span class='ocrx_word' id='word_1_732' title='bbox 1418 5281 1580 5340; x_wconf 80' lang='lat' dir='ltr'><strong>heidilonis</strong></span> <span class='ocrx_word' id='word_1_733' title='bbox 1587 5286 1615 5338; x_wconf 92' lang='grc' dir='ltr'><strong>οῖ</strong></span> <span class='ocrx_word' id='word_1_734' title='bbox 1624 5277 1755 5347; x_wconf 83' lang='lat' dir='ltr'><strong>Didonis,</strong></span> <span class='ocrx_word' id='word_1_735' title='bbox 1768 5289 1816 5334; x_wconf 88' lang='lat' dir='ltr'><strong>au·</strong></span> 
     </span>
     <span class='ocr_line' id='line_1_103' title="bbox 996 5351 1818 5434; baseline -0.01 -19"><span class='ocrx_word' id='word_1_736' title='bbox 996 5370 1063 5415; x_wconf 91' lang='lat' dir='ltr'><strong>aum</strong></span> <span class='ocrx_word' id='word_1_737' title='bbox 1075 5355 1182 5412; x_wconf 76' lang='lat' dir='ltr'><strong>Christi</strong></span> <span class='ocrx_word' id='word_1_738' title='bbox 1201 5354 1354 5425; x_wconf 72' lang='lat' dir='ltr'><strong>designant</strong></span> <span class='ocrx_word' id='word_1_739' title='bbox 1367 5351 1429 5412; x_wconf 74' lang='lat'><strong>892.</strong></span> <span class='ocrx_word' id='word_1_740' title='bbox 1452 5356 1568 5412; x_wconf 87' lang='lat' dir='ltr'><strong>Summa</strong></span> <span class='ocrx_word' id='word_1_741' title='bbox 1580 5363 1665 5421; x_wconf 90' lang='lat' dir='ltr'><strong>porro</strong></span> <span class='ocrx_word' id='word_1_742' title='bbox 1680 5361 1818 5434; x_wconf 65' lang='lat' dir='ltr'><strong>aumer07</strong></span> 
     </span>
     <span class='ocr_line' id='line_1_104' title="bbox 996 5425 1817 5498; baseline -0.012 -12"><span class='ocrx_word' id='word_1_743' title='bbox 996 5442 1069 5498; x_wconf 87' lang='lat' dir='ltr'><strong>rum,</strong></span> <span class='ocrx_word' id='word_1_744' title='bbox 1080 5440 1144 5498; x_wconf 83' lang='lat' dir='ltr'><strong>quae</strong></span> <span class='ocrx_word' id='word_1_745' title='bbox 1154 5426 1208 5482; x_wconf 92' lang='lat' dir='ltr'><strong>sub</strong></span> <span class='ocrx_word' id='word_1_746' title='bbox 1222 5425 1305 5482; x_wconf 80' lang='lat' dir='ltr'><strong>inem</strong></span> <span class='ocrx_word' id='word_1_747' title='bbox 1316 5426 1442 5496; x_wconf 88' lang='lat' dir='ltr'><strong>ascripta</strong></span> <span class='ocrx_word' id='word_1_748' title='bbox 1453 5430 1497 5483; x_wconf 89' lang='lat' dir='ltr'><strong>est</strong></span> <span class='ocrx_word' id='word_1_749' title='bbox 1509 5435 1610 5480; x_wconf 77' lang='lat' dir='ltr'><strong>uerum</strong></span> <span class='ocrx_word' id='word_1_750' title='bbox 1626 5433 1662 5478; x_wconf 85' lang='lat' dir='ltr'><strong>cx</strong></span> <span class='ocrx_word' id='word_1_751' title='bbox 1671 5432 1817 5478; x_wconf 87' lang='lat' dir='ltr'><strong>commum</strong></span> 
     </span>
     <span class='ocr_line' id='line_1_105' title="bbox 996 5492 1816 5574; baseline -0.009 -19"><span class='ocrx_word' id='word_1_752' title='bbox 996 5511 1113 5555; x_wconf 92' lang='lat' dir='ltr'><strong>numero</strong></span> <span class='ocrx_word' id='word_1_753' title='bbox 1127 5497 1247 5554; x_wconf 93' lang='lat' dir='ltr'><strong>ducitur</strong></span> <span class='ocrx_word' id='word_1_754' title='bbox 1259 5510 1339 5568; x_wconf 76' lang='lat' dir='ltr'><strong>nux,</strong></span> <span class='ocrx_word' id='word_1_755' title='bbox 1363 5503 1440 5553; x_wconf 85' lang='lat' dir='ltr'><strong>etex</strong></span> <span class='ocrx_word' id='word_1_756' title='bbox 1461 5492 1577 5565; x_wconf 89' lang='lat' dir='ltr'><strong>proprio</strong></span> <span class='ocrx_word' id='word_1_757' title='bbox 1592 5503 1748 5574; x_wconf 58' lang='grc' dir='ltr'><strong>οοτοιςονι,</strong></span> <span class='ocrx_word' id='word_1_758' title='bbox 1764 5505 1816 5562; x_wconf 88' lang='lat' dir='ltr'><strong>qur</strong></span> 
     </span>
     <span class='ocr_line' id='line_1_106' title="bbox 991 5562 1818 5639; baseline -0.01 -12"><span class='ocrx_word' id='word_1_759' title='bbox 991 5567 1239 5638; x_wconf 74' lang='lat' dir='ltr'><strong>elestatensis,</strong></span> <span class='ocrx_word' id='word_1_760' title='bbox 1260 5582 1281 5639; x_wconf 88' lang='lat' dir='ltr'><strong>r,</strong></span> <span class='ocrx_word' id='word_1_761' title='bbox 1307 5581 1336 5639; x_wconf 90' lang='lat' dir='ltr'><strong>u,</strong></span> <span class='ocrx_word' id='word_1_762' title='bbox 1352 5581 1372 5637; x_wconf 90' lang='lat' dir='ltr'><strong>r,</strong></span> <span class='ocrx_word' id='word_1_763' title='bbox 1403 5581 1428 5635; x_wconf 86' lang='grc' dir='ltr'><strong>ν,</strong></span> <span class='ocrx_word' id='word_1_764' title='bbox 1454 5563 1565 5638; x_wconf 76' lang='lat' dir='ltr'><strong>adiecta</strong></span> <span class='ocrx_word' id='word_1_765' title='bbox 1587 5562 1747 5632; x_wconf 74' lang='lat' dir='ltr'><strong>indictione</strong></span> <span class='ocrx_word' id='word_1_766' title='bbox 1761 5562 1818 5635; x_wconf 77' lang='lat' dir='ltr'><strong>xa.)</strong></span> 
     </span>
    </p>
   </div>
   <div class='ocr_carea' id='block_1_20' title="bbox 0 0 1943 6084">
    <p class='ocr_par' dir='ltr' id='par_1_25' title="bbox 0 0 1943 6084">
     <span class='ocr_line' id='line_1_107' title="bbox 0 0 1943 6084; baseline 0 0"><span class='ocrx_word' id='word_1_767' title='bbox 0 0 1943 6084; x_wconf 95' lang='lat' dir='ltr'><strong> </strong></span> 
     </span>
    </p>
   </div>
  </div>
 </body>
</html>
