3876 6090
60 248 140 311 4005
727 250 938 308 uehuntuuus
955 249 1045 308 ΡΔΡΑ
1062 253 1109 309 111.
1697 243 1768 307 1006

61 373 256 447 pupillorum,
269 372 433 444 uiduarum,
444 376 553 430 certum
561 376 605 431 est
618 371 896 430 33333311313313311-
909 374 936 435 Α
949 371 1079 430 exhiberi
1093 371 1200 446 dignis,
1214 370 1291 427 sicut
1302 369 1430 426 Salvator
1443 369 1503 426 ait:
1520 367 1612 425 1133113
1619 369 1773 440 3333313113,

62 467 142 521 nata.
154 462 248 533 Quare
258 460 394 534 quisquis
403 461 494 518 exhis
503 459 615 533 aliquid
628 462 658 519 iu
668 475 736 519 3333
752 460 894 519 utilitates
949 465 1036 533 pratis
1056 461 1241 535 1313111311.
1259 473 1288 532 s,
1301 458 1338 534 81.

61 551 169 624 exigit,
187 550 317 621 rapinam
342 549 478 620 pauperis
494 550 522 606 in
545 550 661 608 domum
685 563 766 607 suam
789 561 896 621 conge·
986 551 1143 609 illectionis
1161 557 1254 608 autem
1278 546 1463 620 priuilegium
1479 549 1511 603 ut
1533 544 1655 602 habeant
1670 542 1774 601 1331333

61 649 139 699 3133
162 639 281 696 detinet.
305 639 338 694 Et
362 639 517 709 Apostolus
536 639 599 697 ait:
623 640 694 707 0313
715 655 829 711 rapaces
848 654 896 694 re·
950 641 1077 712 ejusdem
1090 637 1456 706 monasteriidecernimus,
1473 635 1564 703 idest,
1581 638 1776 704 utquemcun-

61 730 219 799 33331131
237 741 292 782 noa
311 727 492 796 possidebunt
512 726 736 801 (lcor.v1,l0).
763 727 843 784 Unde
860 724 896 782 ab
950 720 1776 802 quodeseipsis,quisitmonachioaeprolessionis,dignus

62 816 280 889 omnibusque
296 816 605 873 monasteriacorbeiae
616 816 735 875 tuerint.
745 816 789 873 vel
799 815 896 873 311313
950 825 1044 876 13333
1058 818 1194 890 pastorali
1211 816 1386 888 3331311333,
1397 812 1544 871 volueriut
1552 810 1658 883 eligere
1669 822 1775 865 secun-

61 906 110 964 uel
124 917 302 977 quocunqne
323 903 454 977 legitimo
467 905 533 976 jure
548 918 688 977 possessa,
706 905 736 962 in
751 905 893 976 pecuniis,
951 908 1019 965 dum
1048 906 1206 980 regularem
1228 905 1440 976 auctoritatem,
1466 904 1632 973 potestatem
1655 897 1777 955 habeant

61 997 96 1054 in
111 995 201 1069 agris,
218 992 898 1068 1333331113,131331133,13331113,33133313-
950 997 1085 1069 eligendi.
1106 998 1141 1052 Et
1162 1008 1248 1066 super
1264 998 1410 1051 monentes
1427 991 1610 1049 obsecramus
1633 987 1776 1061 gloriosos

59 1086 130 1158 3113,
144 1083 219 1141 31111
234 1097 269 1141 ex
285 1083 329 1140 eis
342 1083 400 1140 sibi
425 1090 578 1155 presumat
591 1089 643 1142 aut
657 1084 822 1156 episcopus,
843 1088 896 1139 aut
951 1086 1028 1143 tilios
1047 1085 1347 1153 nostrnsbotharrum,
1364 1081 1550 1151 ludovicum,
1563 1078 1696 1137 carolum
1710 1074 1775 1133 hu·

63 1174 234 1247 quicunque
250 1172 451 1229 ministrorum
464 1173 584 1246 313333
603 1178 702 1231 contra
728 1174 897 1230 nostramet
950 1181 1067 1248 gustum
1079 1185 1099 1246 ·,
1115 1175 1233 1232 utsieut
1256 1171 1454 1229 memorabiles
1465 1168 1599 1241 Augusti,
1619 1166 1733 1240 genitor
1745 1169 1775 1221 et

63 1262 207 1333 majorum
234 1261 434 1318 auctoritatem
450 1259 568 1334 faciens,
591 1275 689 1335 regum
711 1274 826 1334 quoque
842 1261 897 1317 de-
949 1277 1020 1321 3333
1038 1278 1147 1334 33333,
1160 1268 1189 1320 31
1204 1263 1315 1333 priores
1326 1265 1392 1317 3313
1408 1273 1439 1317 se
1452 1272 1531 1332 reges
1541 1258 1715 1314 Francorum
1727 1254 1775 1311 el-

62 1357 145 1408 creta
167 1364 218 1422 pro
233 1363 379 1407 servorum
401 1350 511 1407 Christi
533 1351 630 1422 quiete
643 1351 801 1408 constituta
824 1363 897 1406 con·
949 1353 1014 1410 dem
1037 1352 1168 1411 coenobio
1193 1355 1395 1408 concesserunt
1413 1347 1538 1420 eligendi
1562 1338 1598 1403 de
1611 1343 1775 1414 semetipsis

64 1447 208 1511 1333333,
221 1452 301 1496 3333
321 1452 352 1496 se
366 1440 458 1497 sancti
477 1440 594 1497 concilii
612 1444 641 1498 31
654 1445 797 1513 perpetuae
811 1440 897 1497 133-
948 1431 1187 1513 abbatematque
1201 1441 1257 1512 ipsi
1272 1437 1499 1510 suispraceptis
1514 1438 1567 1501 boc
1582 1435 1657 1491 idem
1677 1445 1775 1490 sanxe-

65 1528 198 1587 natiouis
211 1527 324 1585 3113131.
950 1537 1028 1603 3331,
1051 1532 1091 1588 113
1110 1545 1225 1602 333333
1244 1540 1413 1586 conservare
1430 1526 1495 1584 suis
1520 1523 1697 1594 temporibus
1723 1535 1775 1592 pro

101 1620 137 1676 111
152 1617 288 1690 3333133
303 1616 435 1675 3333311
449 1618 675 1691 tranquillitatis
688 1631 796 1690 pacem,
811 1621 896 1674 etse
948 1621 1057 1681 christi
1070 1633 1166 1678 amore
1178 1619 1346 1693 dignentur,
1368 1620 1397 1673 et
1412 1614 1605 1673 conservanda
1627 1609 1774 1685 perpetuis

61 1705 202 1766 333113113
215 1705 423 1764 otiumhabere
436 1705 549 1777 131331,
564 1713 596 1764 31
606 1709 663 1764 Deo
677 1711 810 1764 vacantes
824 1719 895 1777 pro-
908 1703 934 1765 B
948 1710 1052 1769 diebus
1072 1708 1244 1767 aeternitatis
1260 1722 1320 1766 333
1334 1705 1447 1779 legibus
1457 1704 1648 1773 constituant,
1659 1704 1692 1759 ut
1704 1700 1774 1757 dum

62 1794 205 1854 fessionis
216 1809 276 1852 333
289 1795 416 1866 regulam
426 1795 538 1852 3313331
548 1795 707 1863 observare,
722 1809 773 1853 nec
786 1796 896 1868 331333-
948 1798 1066 1857 tumulis
1077 1798 1184 1855 Christi
1198 1797 1358 1854 libertatem
1368 1793 1520 1852 electionis
1529 1790 1733 1860 concesserint,
1745 1796 1775 1847 31

63 1900 132 1958 pus,
153 1898 205 1942 nec
224 1883 448 1941 archidiaconus
464 1885 527 1955 3133
540 1886 677 1943 accedant
690 1886 725 1943 ad
744 1884 893 1956 prelatum
948 1902 1110 1948 concessam
1128 1901 1241 1945 3333333
1254 1886 1430 1955 studuerint,
1443 1891 1471 1941 ec
1490 1883 1639 1955 praesentis
1653 1881 1719 1937 rita
1732 1895 1773 1938 re·

62 1973 285 2045 monasterium,
301 1987 353 2031 nec
367 1986 513 2030 33333333
522 1975 572 2030 Dei
588 1975 713 2048 quietem
726 1973 894 2046 perturbare
948 1993 1046 2051 gnum,
1063 1984 1092 2035 et
1102 1977 1283 2047 sempiternae
1293 1973 1484 2031 beatitudinis
1493 1972 1614 2044 gloriam
1626 1969 1772 2027 abontno

63 2068 250 2137 presumant,
262 2063 320 2120 nisi
334 2062 572 2137 1331333131133,
584 2070 635 2122 aut
644 2063 758 2137 tratres,
767 2064 894 2133 31133133
949 2067 1004 2139 ipsi
1019 2067 1165 2139 percipere
1177 2071 1347 2122 mereantur.
1361 2065 1455 2134 Atque
1468 2061 1542 2135 3331
1564 2064 1671 2117 estant
1693 2058 1772 2130 regio

63 2152 207 2211 utilitatis
229 2152 322 2224 gratia
336 2165 402 2209 eum
423 2165 523 2209 333333
539 2153 694 2224 voluerint,
711 2154 786 2210 alias
798 2167 849 2210 nee
863 2152 893 2209 in
949 2169 1075 2227 munere,
1095 2160 1145 2212 aut
1162 2146 1772 2211 113113313331133331113333331133

62 2240 208 2314 abbatem,
229 2254 280 2297 uec
304 2240 333 2297 io
356 2240 482 2313 aliquem
509 2241 545 2299 de
565 2241 706 2301 tratribus
734 2243 893 2315 quidquam
947 2242 1407 2316 beolamulisqueejusoblatum,
1424 2254 1473 2298 nec
1493 2240 1548 2311 ipsi
1561 2238 1704 2308 33133331,
1721 2249 1773 2292 nec

63 2330 218 2403 potestatis
239 2329 377 2401 obtineat,
400 2343 491 2401 neque
511 2344 561 2401 per
583 2331 771 2403 episcopalem
788 2331 893 2389 tastum
946 2335 1021 2392 alios
1044 2334 1157 2392 auterre
1183 2332 1359 2404 permittant.
1388 2330 1528 2401 Quoniam
1557 2327 1638 2385 valde
1660 2326 1771 2396 133133

63 2419 181 2491 3113311
205 2419 235 2476 13
258 2418 355 2475 cosei
379 2418 483 2490 liceat,
504 2434 603 2477 verum
627 2421 715 2478 31133
736 2421 892 2478 secundum
947 2430 1060 2481 3333131
1071 2422 1348 2495 atquereligiosium
1362 2427 1403 2492 ut,
1424 2419 1507 2491 quia
1526 2417 1647 2475 Domino
1664 2428 1773 2471 333333

64 2508 195 2582 η1111110
207 2507 234 2563 S·
254 2507 399 2565 38110010ῑὶ
418 2505 488 2579 (111)·
500 2509 565 2582 111)
582 2509 702 2566 liberam
724 2508 892 2567 monasterii
948 2520 1017 2573 runt
1040 2514 1185 2584 percipere
1200 2512 1281 2584 regni
1305 2512 1451 2580 honorem,
1468 2507 1524 2579 ipsi
1538 2509 1772 2564 beoconserveut

63 2598 113 2656 sni
130 2595 233 2654 habeat
243 2601 420 2668 potestatem,
436 2602 465 2653 et
485 2599 892 2671 33333113131331333333
948 2603 1025 2677 3331
1039 2603 1065 2659 31
1079 2602 1215 2659 collatum
1229 2604 1273 2657 est
1285 2600 1332 2671 pia
1354 2598 1532 2656 crerlentium
1551 2595 1719 2665 devotione,
1733 2597 1771 2663 et,

63 2685 891 2763 adpastorissuisolummodnrespiciantguberuationem,
948 2692 999 2765 331
1012 2705 1028 2749 3
1042 2689 1252 2762 Christoregali
1269 2684 1776 2761 33331133313333131133313313·

66 2788 119 2832 uec
139 2773 303 2846 episcopale
317 2774 513 2832 ministerium
535 2775 647 2848 aliquid
669 2777 792 2835 ditionis
807 2793 895 2850 super
949 2782 1002 2852 ris,
1016 2781 1072 2851 ipsi
1086 2778 1204 2836 lamulis
1218 2777 1326 2835 Christi
1342 2775 1469 2850 eligendi
1485 2773 1544 2831 sibi
1562 2778 1701 2844 pastorem
1715 2781 1771 2827 unu

64 2877 116 2922 333
129 2862 269 2921 obtineat.
284 2862 425 2933 Quoniam
445 2878 510 2921 cum
531 2864 619 2922 abbas
637 2866 713 2923 31333
729 2867 837 2924 Christi
863 2869 892 2925 in
948 2868 1080 2927 auferant
1094 2867 1266 2925 libertatem.
1282 2869 1352 2922 Nam
1368 2867 1435 2937 quis
1451 2865 1564 2938 ignorat
1578 2857 1774 2933 1113333331-

65 2952 242 3011 monasterio
260 2952 390 3009 creditur
411 2966 504 3027 agere,
524 2955 648 3025 pastoris
667 2954 792 3013 3113133
807 2971 894 3028 super
949 2957 1084 3014 latasuut
1097 2958 1155 3012 Deo
1166 2969 1215 3025 per
1227 2954 1354 3011 bdelium
1372 2967 1483 3025 33333,
1505 2953 1654 3010 1131311311
1675 2951 1773 3024 possi-

65 3042 195 3101 creditas
207 3040 264 3099 sibi
280 3055 346 3099 oves
361 3041 464 3100 babere
474 3045 667 3117 cognoscitur,
680 3051 768 3119 utque
780 3046 893 3117 dispen·
908 3030 932 3094 C
947 3045 1040 3104 denda
1051 3043 1227 3117 consignari,
1237 3041 1311 3099 3131
1323 3043 1447 3100 133333
1457 3043 1523 3112 1333
1538 3042 1772 3112 131331131333

64 3128 194 3189 sationis
206 3142 267 3187 333
286 3129 480 3189 ministerium
500 3145 631 3189 exercere
644 3133 794 3203 prevaleat
806 3133 895 3206 digne
947 3127 1065 3193 concedi
1075 3130 1592 3206 ,necetiauahominumdominatinni
1606 3134 1773 3200 pessetrau-

64 3218 181 3277 nullius
194 3217 279 3276 debet
287 3218 451 3290 perturbari
470 3225 609 3292 potestate
624 3220 780 3292 subjectus,
794 3222 843 3279 sed
858 3222 894 3278 ab
948 3224 1048 3293 scribi,
1069 3223 1144 3294 quod
1168 3225 1279 3278 constat
1298 3218 1464 3277 divinitatis
1481 3219 1661 3289 possessione
1684 3215 1770 3275 semel

62 3307 147 3366 omui
168 3307 326 3378 episcopali
341 3306 415 3375 liber
433 3309 631 3366 dominatione
653 3310 801 3367 Christum
825 3315 895 3366 tan-
949 3313 1010 3370 tore
1022 3307 1473 3379 3331331113311131333133313
1485 3320 1518 3362 ca
1532 3306 1669 3377 33113313
1682 3307 1774 3364 dorni·

63 3396 356 3469 13333131311333
377 3399 529 3470 sustineat,
545 3399 592 3457 cui
611 3400 778 3457 redditurus
798 3406 841 3458 est
859 3401 895 3457 de
949 3401 1061 3459 nationi
1076 3408 1197 3458 conatur
1208 3398 1374 3471 adjungere,
1387 3395 1556 3467 3113313311
1567 3403 1620 3469 331,
1633 3395 1684 3452 Dei
1695 3395 1773 3466 juris

61 3485 188 3546 creditis
206 3487 264 3545 sibi
285 3487 389 3545 ouibus
415 3488 564 3546 rationem.
592 3490 772 3561 Quapropter
802 3489 894 3548 modis
950 3502 1125 3563 pervasorem
1141 3493 1250 3546 certum
1263 3493 1306 3544 est
1315 3486 1376 3543 1333
1385 3499 1460 3543 333.
1479 3484 1591 3542 Etenim
1606 3486 1632 3542 si
1644 3486 1710 3557 3313
1721 3486 1775 3544 ali·

62 3576 565 3651 omnibusstatuinnsutepiscopns
575 3580 766 3637 adrentussui
775 3593 897 3652 presen-
949 3582 1034 3652 33133
1047 3579 1174 3638 1331313
1186 3577 1395 3651 possessionem
1409 3589 1458 3647 per
1466 3575 1633 3633 uiolentiam
1648 3575 1705 3633 sibi
1721 3590 1775 3634 cn-

63 3666 109 3725 113
123 3665 292 3724 3333313311
308 3666 538 3740 tranquilitatem
550 3682 607 3726 non
617 3668 769 3741 inquietet,
783 3683 834 3727 nec
843 3668 896 3727 sli-
949 3677 1035 3730 uatus
1051 3668 1299 3739 lueritusurpare,
1311 3680 1377 3724 reus
1389 3665 1499 3738 publici
1510 3666 1588 3737 juris
1599 3665 1731 3737 31131133,
1747 3673 1775 3724 31

65 3753 390 3828 quidlueoepiscopali
403 3759 540 3826 potestate
559 3755 650 3813 lacere
669 3763 895 3830 presumatnec
949 3756 1676 3834 133333333313331333333313331113113311333
1688 3756 1772 3831 legali

63 3840 211 3900 tratribus
222 3849 274 3901 aut
288 3842 385 3900 abbati
400 3843 487 3900 31133
501 3845 660 3903 molestiam
675 3851 727 3904 aut
740 3847 895 3920 inquietu-
946 3849 1058 3922 1311313
1075 3847 1239 3921 puniendus
1262 3845 1430 3916 subiicitur,
1449 3845 1539 3903 multo
1564 3846 1656 3919 magis
1670 3846 1772 3919 igitur,

61 3930 148 3991 dinis
163 3931 406 4003 perturbationem
421 3932 542 4007 ingerat.
556 3935 636 4006 Quod
652 3935 677 3992 si
694 3935 802 3994 3131333
817 3950 894 4007 pre-
948 3938 1113 4011 quicunque
1132 3937 1245 3993 3331133
1260 3939 1441 3993 consecratas
1464 3935 1494 3990 in
1516 3935 1566 4005 133
1581 3948 1641 3991 333
1657 3948 1774 4007 posses-

61 4021 234 4095 sumpserit,
246 4034 303 4079 uon
315 4022 439 4093 pastoris
448 4021 799 4096 odicium,sedeversoris
808 4031 895 4097 atque
949 4027 1043 4087 sionis
1066 4023 1265 4096 transfuderit,
1295 4038 1352 4082 uon
1384 4025 1502 4083 humani
1528 4030 1651 4098 133133,
1677 4039 1774 4083 33333

61 4110 282 4169 conturbatoris
301 4112 446 4170 Dominici
469 4114 565 4186 gregis
591 4116 703 4172 nouerit
730 4129 761 4173 se
785 4117 896 4189 agitare
950 4117 1035 4175 etiam
1049 4113 1481 4187 113131133133331331333133,
1502 4120 1531 4172 31
1547 4129 1603 4172 333
1618 4115 1775 4177 solumra-

63 4200 260 4274 tyrannidem,
273 4213 307 4258 33
319 4215 369 4273 per
379 4201 433 4259 boc
452 4215 508 4259 uon
523 4208 554 4259 ut
573 4207 671 4274 pastor
681 4204 895 4277 suscipiendus,
951 4206 1044 4281 ptoris
1058 4211 1109 4262 aut
1122 4203 1283 4276 pervasoris
1297 4203 1429 4276 erimine,
1445 4218 1540 4262 verum
1560 4206 1646 4263 etiam
1661 4207 1780 4265 sacrile-

63 4301 168 4348 33333
187 4295 323 4362 1333333
336 4290 469 4364 lopusab
486 4292 556 4349 ovili
569 4293 677 4350 Christi
698 4294 894 4367 removendus,
951 4298 993 4372 gii
1008 4300 1075 4353 3313
1095 4294 1284 4364 133333133,
1304 4292 1413 4349 coelesti
1425 4294 1539 4364 judicio
1556 4295 1737 4353 multabitur.

63 4378 268 4437 damnationis
282 4393 341 4437 333
359 4393 456 4452 penas
470 4382 661 4439 anathematis
676 4397 811 4440 3333333
828 4387 937 4454 333-1)
988 4387 1067 4444 Unde
1091 4384 1235 4458 magnifici
1250 4383 1397 4454 principes
1414 4383 1543 4455 cogitent
1558 4391 1665 4456 quanto
1678 4400 1708 4442 se
1721 4386 1778 4444 cri·

62 4482 174 4527 cussus
185 4469 320 4540 excipiat.
338 4469 449 4528 1113313
463 4484 530 4529 3333
543 4472 740 4530 333133111333
758 4473 788 4529 13
804 4486 898 4530 mona·
954 4477 1030 4533 mine
1044 4480 1109 4532 ante
1134 4480 1317 4546 conspectum
1337 4473 1443 4530 113133
1455 4473 1612 4544 3313313113
1635 4474 1773 4548 obligent,

64 4558 160 4617 sterio
171 4565 287 4631 rogatus
296 4558 441 4617 31311313
448 4576 499 4632 pro
509 4561 617 4619 Christi
629 4563 898 4621 nominecouseoret
952 4566 1003 4632 qui
1027 4579 1073 4622 res
1095 4566 1153 4621 Deo
1174 4564 1296 4621 traditas
1321 4563 1454 4621 invadere
1468 4571 1497 4619 et
1519 4562 1777 4624 3133313313311313

63 4651 156 4719 31333
177 4645 335 4705 benedicat.
357 4650 490 4708 chrisma
508 4664 633 4724 quoque,
653 4651 713 4709 3133
731 4652 898 4709 333311133-
953 4655 1055 4713 usibus
1070 4655 1100 4710 13
1110 4667 1178 4710 suas
1193 4653 1336 4710 utilitates
1350 4659 1513 4710 3333331333
1523 4666 1579 4711 333
1591 4659 1731 4713 3313331.
1743 4658 1773 4715 Si

65 4735 275 4809 tionisoleum,
291 4737 510 4812 singulisannis
521 4741 654 4812 praebeat.
668 4741 721 4798 Sed
734 4742 798 4799 etsi
812 4756 896 4815 quem
952 4756 1019 4800 nero
1028 4741 1355 4814 privatorum,quamsis
1367 4741 1557 4814 ingenuorum
1568 4742 1729 4818 hominum,
1738 4750 1779 4804 13·

66 4825 189 4900 petierit
209 4824 298 4883 abbas
311 4831 362 4885 aut
386 4828 422 4885 13
437 4830 596 4903 monachis,
623 4836 674 4887 aut
693 4831 730 4888 de
750 4831 899 4888 canonicis
953 4847 1016 4893 333
1031 4830 1224 4904 possessiones
1241 4830 1348 4899 1313313
1363 4833 1548 4904 pervaserint,
1569 4837 1657 4906 atque
1672 4835 1778 4893 violen-

64 4913 136 4973 suls
155 4914 192 4970 31
204 4914 330 4989 aliquem
347 4917 468 4989 gradum
485 4918 712 4977 ecclesiasticum
726 4931 900 4977 consecran-
953 4930 996 4980 ter
1012 4920 1196 4992 abstulerint,
1215 4932 1271 4976 non
1288 4932 1377 4993 reges,
1400 4920 1486 4977 idest
1506 4922 1578 4991 justi
1599 4929 1627 4980 et
1644 4925 1775 4999 3313311,

63 5004 151 5076 133,
174 5002 339 5062 3311313333
361 5007 551 5080 contradicat,
567 5007 625 5065 nisi
641 5007 714 5066 13313
732 5010 758 5067 13
775 5022 899 5082 proquo
953 5013 1001 5069 331
1018 5010 1142 5084 tyranni,
1155 5009 1184 5066 id
1200 5009 1381 5067 estcrudeles
1395 5015 1423 5066 et
1436 5009 1531 5083 iniqui
1546 5019 1721 5072 3333313331
1732 5016 1779 5073 13-

66 5092 182 5167 petitur
194 5092 332 5167 indignus
344 5096 397 5152 tali
414 5097 520 5156 honore
534 5098 667 5157 333113113
678 5099 844 5158 testimonio
853 5100 900 5157 de·
954 5102 1068 5173 bentur,
1088 5113 1146 5173 quo
1166 5100 1291 5171 333133,
1317 5113 1407 5171 33333
1427 5100 1534 5161 133333
1548 5105 1682 5163 censendi
1697 5110 1776 5177 suut,

67 5181 276 5257 prehendatur,
298 5187 434 5257 quoniam
455 5187 533 5245 31331
553 5188 899 5260 diuinae,benedictionis
955 5192 1005 5265 qui
1027 5191 1155 5248 diuinam
1173 5189 1378 5261 hereditatem,
1395 5190 1424 5247 id
1446 5197 1499 5263 est,
1523 5193 1654 5251 Ecclesia
1667 5194 1776 5250 Christi

65 5277 282 5333 sacmmeutum
292 5278 343 5333 331
357 5289 409 5347 pro
422 5276 601 5351 muneribus,
612 5283 664 5336 aut
674 5292 725 5351 pro
735 5280 829 5353 gratia
846 5280 901 5337 lar·
955 5280 1277 5355 possessioneminjuste
1287 5280 1426 5339 13331331
1438 5288 1465 5340 31
1475 5283 1776 5345 violenteranleruutt

66 5361 130 5437 3131
148 5361 287 5437 cuiquam
310 5376 366 5422 nou
385 5365 466 5424 decet
490 5367 620 5441 indigno,
644 5368 685 5426 ita
705 5368 796 5443 gratis
816 5369 900 5427 debet
955 5371 1099 5430 11313133
1110 5371 1330 5445 cogitantestilii
1342 5373 1432 5430 nostri
1445 5374 1658 5446 religiosissimi
1671 5374 1782 5446 princi·

71 5502 266 5639 agiam
281 5506 511 5579 3313333133
533 5510 630 5570 3113111
643 5509 706 5571 loco
721 5512 834 5587 puelia:
854 5516 944 5575 scribi
958 5515 1061 5575 debuit
1079 5518 1240 5576 1311331333
1255 5519 1422 5589 3133331331,
1447 5518 1622 5590 ludovicum,
1639 5516 1778 5591 Cuccium,
