3876 6090
111 252 209 325 4485Ι
293 348 295 352 Α
407 269 410 273 ’
541 255 673 317 rusum
691 255 982 316 tumrunuututu.
1004 261 1049 318 uu
1072 261 1159 321 VIIIS
1180 261 1264 320 uon.
1285 261 1385 322 PONT.
1743 264 1813 327 itit

94 384 177 464 ‚stris
204 382 319 455 provide
343 388 369 439 44
387 384 536 439 salubriter
555 387 620 440 sunt
641 383 759 447 decreta
774 384 937 439 intemerata
948 382 978 446 Α
990 386 1109 441 siasticis
1121 387 1285 453 audiantur,
1304 404 1365 460 oua
1382 391 1487 460 lepibus
1505 409 1559 449 non
1573 396 1756 461 continentur,
1770 393 1814 451 uel

106 477 300 546 maneant.
992 489 1053 544 pure
1061 475 1206 546 probibitio
1226 493 1283 533 esse
1305 485 1465 537 noscuntur.
1485 479 1513 538 8.
1537 483 1568 539 Si
1582 485 1645 555 quis
1660 486 1741 541 aliter
1758 502 1813 543 non

325 561 470 619 XXXVIII
484 592 518 603 -
530 561 558 619 S.
572 561 676 620 FELIX
689 563 722 619 II.
991 566 1168 634 acquieverit,
1189 568 1246 623 nisi
1259 570 1412 639 episcopum
1424 576 1540 635 4444444,
1552 588 1638 644 supra
1659 579 1752 630 lanato
1764 576 1813 632 boc

375 650 469 722 (Anno
483 652 585 709 Gbrisli
600 650 676 724 355.)
991 657 1082 709 tenore
1095 670 1176 723 apere
1192 655 1317 733 debebit;
1334 660 1399 728 quia
1411 661 1548 714 accusatio
1561 662 1643 718 aliter
1657 679 1713 719 non
1725 671 1814 736 polest

147 741 238 810 Felix,
250 740 367 798 natione
381 741 535 813 Romanus,
547 755 582 798 ex
594 747 674 812 patre
685 739 847 811 4444444444,
864 738 938 798 sodil
990 747 1054 798 rata
1074 746 1197 801 matera
1226 748 1301 802 tunc
1314 749 1405 818 primo
1423 751 1545 804 accusati
1562 765 1673 808 causam
1696 754 1734 810 ad
1754 757 1814 826 pri·

109 842 220 888 aunum
237 843 338 902 unum,
351 840 463 887 meuses
471 835 539 902 tres,
548 830 612 888 dics
622 830 705 888 duos.
718 829 769 888 ilic
781 827 939 887 declaravit
990 836 1076 887 matrs
1089 838 1231 889 accusator
1244 838 1371 892 canonico
1392 836 1516 904 deferat:
1537 853 1585 894 nec
1599 855 1617 894 a
1630 845 1813 899 4444444444

108 919 312 978 coustautium
326 918 419 976 tilium
439 919 620 976 constammi
640 932 701 976 csse
717 918 893 989 4444444444,
909 920 938 974 44
986 919 1168 990 prohibeatur
1190 928 1345 991 mausolus,
1376 926 1432 981 nisi
1456 927 1488 981 in
1511 927 1654 985 electorum
1674 929 1813 1000 4444444444

108 1007 239 1069 44444444
253 1007 461 1079 rebaptizatum
478 1006 515 1064 ab
527 1007 651 1064 Eusebio
662 1005 887 1064 Nicomediensi.
902 1007 937 1063 Ei
991 1011 1119 1065 canonice
1133 1017 1257 1069 evocatus
1260 1015 1361 1085 ,infra
1377 1019 1432 1072 tres
1445 1021 1495 1073 aut
1507 1033 1557 1073 sca
1573 1022 1623 1073 aul
1630 1019 1727 1090 piures
1740 1035 1814 1077 men-

110 1098 182 1171 quia
196 1095 424 1168 bocdcciaravit,
441 1097 506 1154 idco
519 1101 617 1167 postea
632 1095 762 1167 praedicti
775 1094 936 1153 Constantii
989 1113 1031 1154 ses
1044 1114 1096 1170 pro
1113 1099 1156 1157 bis
1176 1097 1254 1177 [sais]
1272 1106 1406 1161 rationem
1421 1105 1582 1165 redditurus
1603 1112 1697 1166 uenire
1709 1111 1815 1186 distu-

111 1184 938 1260 prmceutocapitetruncaturiuciritatecoranna111Idus
992 1189 1071 1256 terit,·
1082 1189 1167 1246 sedsi
1184 1194 1277 1248 conire
1294 1199 1490 1266 nonpotucrit‚
1510 1199 1748 1258 nibiteinocebit.
1765 1203 1814 1259 Ille

109 1276 289 1335 Novembris.
309 1277 362 1334 iiic
377 1277 552 1334 consecrarit
565 1277 715 1348 episcopos
733 1275 936 1346 novemdecim,
991 1293 1063 1342 asro,
1079 1281 1128 1349 qui
1146 1285 1195 1335 ant
1217 1278 1255 1356 [oi
1271 1281 1330 1359 ant]
1355 1287 1449 1342 timore
1461 1303 1480 1342 a
1493 1289 1555 1343 sede
1565 1291 1677 1361 pulsus,
1693 1296 1743 1348 aut
1756 1295 1814 1350 suis

111 1365 409 1439 prosbyterosrtgimi
425 1370 453 1421 et
468 1379 568 1437 uuum,
585 1365 723 1423 diaconos
735 1363 937 1436 quinquertio
992 1367 1073 1423 rebus
1092 1370 1180 1436 444444
1193 1374 1372 1441 conspatiatur,
1395 1391 1450 1430 non
1460 1379 1542 1447 prins
1556 1380 1715 1435 coacturad
1728 1395 1815 1450 4444-

111 1457 277 1529 inopinata
291 1469 376 1529 quum
391 1455 547 1513 destinavit
571 1454 739 1524 4444444444,
754 1461 783 1512 44
795 1453 939 1511 uniuersis
993 1456 1069 1526 dnm,
1084 1472 1167 1527 quam
1178 1462 1271 1515 omnia
1280 1461 1385 1530 lepibus
1394 1465 1420 1519 ei
1428 1464 1658 1535 redinteprentnr,
1671 1473 1697 1524 el
1714 1470 1814 1526 tandiu

110 1546 320 1620 Egyptiorum,
340 1544 549 1602 Thebaidorum
570 1558 601 1601 ac
624 1543 778 1616 Librorum
796 1542 941 1614 epimopis
993 1547 1024 1599 in
1033 1545 1096 1601 sede
1107 1550 1224 1617 propria
1229 1552 1343 1620 pacifice
1353 1555 1379 1607 et
1388 1557 1549 1623 potestative
1561 1560 1658 1611 cuncta
1668 1558 1814 1628 disponens

110 1637 205 1710 (epist.
220 1632 260 1706 2),
280 1633 409 1706 quasdam
422 1633 550 1705 capitula
566 1648 583 1691 a
597 1633 705 1690 4444444
720 1632 863 1704 Patribus,
881 1636 938 1689 4444
993 1633 1113 1690 rcsideat
1132 1631 1170 1707 (3,
1189 1652 1217 1708 q.
1237 1635 1265 1703 2,
1288 1653 1314 1696 c.
1330 1642 1461 1714 Tamdiu),
1477 1645 1604 1713 quandiu
1624 1647 1754 1716 expulsus
1773 1648 1816 1702 uel

113 1726 146 1785 iu
166 1725 282 1783 Nicrcua
305 1723 425 1794 syuodo,
452 1737 538 1796 quam
563 1723 706 1780 insaucia
728 1722 852 1780 44444444
874 1722 939 1779 sads
954 1723 977 1785 Β
993 1724 1160 1794 carpotiatus
1174 1742 1266 1783 carere
1279 1730 1355 1785 risus
1366 1734 1405 1786 est
1422 1733 1481 1787 suis
1494 1733 1585 1789 rebus.
1597 1732 1765 1792 Cnmautem
1777 1736 1815 1792 ad

110 1814 271 1874 constituta
284 1812 461 1879 interseruit,
473 1811 581 1884 quibus
592 1812 722 1884 4444444444
734 1810 861 1883 episcopi
871 1808 938 1868 tuln
988 1813 1129 1883 judicium
1141 1818 1254 1881 cenent,
1268 1818 1418 1874 siccinerit
1433 1824 1460 1875 et
1473 1835 1578 1877 necesse
1586 1824 1682 1890 144444,
1697 1825 1816 1883 inducia

112 1904 299 1963 inimicorum
315 1901 554 1960 iusidiasmetius
566 1906 682 1974 possent
695 1903 823 1973 evadere,
834 1914 898 1972 qua
911 1905 940 1957 44
993 1904 1019 1959 si
1043 1906 1146 1974 potenti
1171 1920 1189 1958 a
1208 1906 1346 1972 fratribus
1376 1906 1524 1980 [patribus]
1540 1912 1693 1968 consulatu
1712 1915 1815 1985 absque

112 2008 166 2052 uos
181 1993 251 2051 buic
262 1991 403 2064 opusculo
419 1992 553 2064 inserere,
566 2005 622 2049 444
638 1990 743 2050 4444444
754 1991 878 2048 ridetur.
891 1989 939 2046 844
993 1993 1184 2062 impedimento
1214 1995 1408 2060 concedantur,
1443 2001 1469 2052 el
1492 1998 1603 2067 iudices
1635 2016 1654 2056 a
1685 2017 1714 2057 se
1738 2004 1815 2059 444444

111 2087 209 2141 autom
225 2081 343 2153 incipit:
993 2081 1153 2138 tribuantur
1171 2085 1203 2137 in
1226 2084 1292 2148 loco,
1313 2085 1386 2141 unde
1402 2090 1442 2141 est
1465 2088 1514 2157 qui
1534 2095 1701 2158 accusatur,-
1720 2097 1770 2146 aut
1789 2095 1815 2148 si

150 2168 237 2229 41444
257 2175 348 2227 autem
360 2171 499 2241 corroditis
514 2171 650 2226 4444444444
661 2169 806 2232 institutis,
819 2172 938 2223 444444
992 2171 1116 2240 aliquam
1129 2166 1217 2247 [alibi]
1235 2176 1384 2231 4444444444
1402 2176 1591 2235 multitudinis
1603 2181 1659 2235 cim
1677 2182 1813 2250 metuerit

113 2264 270 2332 episcopam
280 2275 365 2332 penes
380 2262 524 2317 saeculares
536 2260 654 2316 arbitros
673 2264 789 2323 accuset,
803 2257 851 2313 sed
862 2257 939 2328 apud
993 2259 1081 2315 locum
1101 2260 1156 2315 sibi
1169 2276 1319 2329 conpruum
1336 2263 1430 2335 stipat,
1446 2279 1500 2335 ono
1512 2265 1615 2337 absque
1629 2269 1813 2335 timoresuos,

112 2365 232 2408 summus
242 2352 389 2422 primates.
404 2348 431 2406 2.
452 2350 483 2406 Si
495 2352 558 2420 quis
570 2351 701 2405 aduersus
715 2349 869 2419 episcopum
876 2362 939 2404 cau·
991 2350 1017 2403 si
1037 2351 1182 2405 necessitas
1207 2354 1401 2422 expoposcerit,
1425 2357 1504 2409 testes
1530 2354 1638 2425 babere,
1663 2361 1689 2413 ei
1712 2357 1814 2429 absque

111 2456 173 2497 sam
186 2440 323 2504 babuerit,
333 2455 389 2495 non
398 2441 479 2510 prins
493 2440 562 2495 alios
577 2440 713 2510 episcopos
725 2438 817 2503 adeat,
831 2443 863 2494 ut
876 2451 938 2493 eum
991 2439 1183 2509 mpedimmm
1200 2455 1279 2496 snam
1299 2444 1599 2500 canonicesententiam
1612 2447 1691 2516 finire
1711 2447 1813 2514 ualeat,

111 2535 230 2594 44444444,
248 2544 332 2600 quam
345 2529 524 2597 familiariter
536 2529 562 2583 ei
578 2528 681 2584 indicet
697 2541 777 2583 suam
790 2528 937 2598 44444444,
992 2529 1060 2598 cuia
1082 2527 1169 2583 multa
1192 2544 1244 2600 per
1269 2530 1469 2602 subreptionem
1493 2535 1599 2589 euenire
1622 2535 1718 2590 solent.
1740 2531 1766 2590 9.
1782 2537 1815 2592 lit

111 2620 188 2677 stab
202 2635 232 2677 eo
249 2619 418 2688 autjmlam
439 2618 662 2682 emendationem,
681 2622 730 2674 aut
746 2617 939 2673 rationabilem
993 2617 1157 2686 testificandi
1177 2617 1289 2673 licentia
1326 2619 1472 2690 denepetur
1498 2621 1551 2685 444,
1580 2623 1631 2692 qui
1655 2622 1816 2681 Gbristianoe

111 2712 249 2783 percipiat
266 2711 478 2773 4444444444,
491 2710 611 2779 ipsanos
630 2708 782 2764 instruente
798 2708 937 2764 Veritate:
992 2706 1134 2774 relipionis
1148 2711 1174 2762 el
1187 2710 1305 2763 nominis
1326 2709 1470 2777 dipnitate,
1495 2713 1520 2765 44
1541 2711 1619 2780 bois,
1638 2711 1681 2767 444
1693 2715 1817 2784 suipra-

116 2800 172 2856 484
181 2801 334 2871 manuscrit
346 2800 377 2854 in
394 2803 419 2854 te
436 2802 526 2868 frater
546 2802 620 2862 tuns,
634 2797 705 2853 onds
718 2802 744 2853 44
757 2798 861 2869 corripe
879 2813 940 2853 eum
989 2796 1076 2867 positi
1097 2810 1231 2860 nonnam,
1246 2797 1289 2852 444
1303 2798 1470 2867 repulariter
1480 2799 1623 2871 prohibita
1634 2802 1814 2870 neplscerint.

113 2892 188 2946 inter
209 2894 234 2944 tc
252 2894 279 2945 44
297 2890 388 2961 ipsum
406 2888 511 2943 solum:
534 2890 560 2942 si
581 2891 606 2943 44
625 2887 939 2950 annumerantibus
995 2880 1038 2941 40.
1063 2885 1183 2939 4444444444
1207 2886 1346 2955 deropatio
1365 2889 1498 2959 praralet
1527 2890 1639 2960 quando
1662 2891 1817 2961 4444444444·

113 2979 184 3035 duos
193 2978 238 3034 444
249 2982 302 3034 tres
313 2981 409 3034 testes:
424 2982 449 3033 et
467 2979 492 3033 si
509 2992 556 3032 uos
575 2992 629 3032 non
646 2976 777 3040 audierit,
793 2975 938 3031 diribente-
993 2973 1131 3028 creditur:
1151 2973 1212 3028 ideo
1223 2975 1309 3029 uariis
1326 2975 1540 3033 detractionibus
1554 2975 1815 3054 [detrectationibus]

114 3070 163 3124 4444
176 3068 283 3137 (nant
302 3066 395 3140 44444),
409 3084 423 3118 n
437 3068 469 3122 id
486 3071 535 3138 444,
553 3071 617 3123 tunc
627 3081 728 3123 accusa
742 3082 803 3124 eum
817 3066 937 3137 publice,
950 3033 976 3098 c
992 3067 1075 3132 atque
1088 3062 1308 3118 accusationibus
1318 3078 1372 3118 non
1385 3063 1463 3120 debet
1478 3065 1645 3134 labefactare
1658 3071 1815 3143 primatem,

113 3161 141 3213 et
160 3159 316 3228 nonprius,
337 3160 363 3213 44
385 3157 503 3228 reliqua
523 3153 550 3213 3.
570 3157 680 3228 Siquis
701 3159 855 3227 episcopum
875 3158 939 3228 post
992 3151 1135 3220 sedmapis
1147 3152 1262 3207 Patrum
1271 3152 1374 3221 reputes
1382 3153 1516 3217 roborari
1528 3156 1652 3223 nefacilc
1665 3162 1715 3214 aul
1726 3158 1816 3226 sndrf

112 3246 170 3302 444
181 3245 289 3314 44444444
303 3261 440 3314 accusare,
454 3247 566 3301 summis
576 3245 744 3317 primatibus
755 3247 940 3317 episcoporum
992 3243 1112 3310 ferentes
1120 3243 1608 3314 suscepercaccusationcspraesumat,
1616 3245 1720 3303 dicente
1728 3249 1817 3305 444444·

111 3351 192 3392 suam
204 3336 306 3392 indicet
324 3351 446 3399 causam,
466 3339 492 3390 et
509 3350 565 3391 nan
578 3335 766 3399 saemlaribas,
790 3335 839 3405 put
851 3334 940 3402 mauis
993 3347 1046 3387 nc:
1065 3331 1159 3388 «Non
1171 3332 1316 3402 suscipias
1331 3345 1422 3387 oocern
1434 3331 1572 3387 mendacii
1585 3332 1684 3405 (Ecod,
1697 3335 1814 3411 4444).»

112 3425 266 3497 adpcoem,
287 3425 569 3496 quamadJ'udicium
586 3439 630 3481 cos
645 3429 778 3489 reuocent,
802 3423 940 3480 utebari-
993 3422 1074 3477 rmus
1081 3420 1202 3491 probare
1216 3419 1294 3475 dcbsi
1307 3421 1496 3490 suscipioncm,
1510 3425 1536 3476 ct
1555 3437 1675 3494 causam,
1687 3423 1742 3479 'aut
1763 3440 1816 3495 quo

112 3517 187 3573 tus
174 3531 205 3570 sn
218 3515 353 3579 ommibus,
368 3519 394 3570 44
412 3514 448 3571 44
466 3514 591 3571 carnibus
617 3514 796 3571 antedictus.
826 3513 858 3569 st
875 3516 938 3584 pri-
993 3511 1084 3565 animo
1098 3509 1266 3577 4441444444
1287 3514 1313 3565 44
1331 3513 1425 3580 postea
1443 3511 1589 3581 suscipere,
1612 3513 1679 3582 quia
1692 3514 1817 3570 4444444444

111 3610 199 3661 mates
221 3602 257 3676 (5.
287 3621 315 3675 a.
338 3601 367 3668 4,
391 3620 415 3660 4.
441 3604 472 3660 Si
500 3603 653 3676 primates),
680 3607 729 3660 ant
754 3605 940 3676 cpiscoporum
990 3600 1386 3670 professisncmpropinquitcs
1396 3595 1815 3676 [prropbrpuitctisiinimicitim

113 3697 283 3749 4444444444
303 3709 365 3749 eum
390 3695 428 3749 eis
449 3695 598 3765 pacificare
626 3694 807 3761 familiariter
829 3694 939 3748 minime
993 3690 1108 3760 timoris,
1124 3690 1236 3752 amoris,
1258 3687 1325 3754 odii,
1343 3692 1369 3745 ct
1379 3688 1541 3760 cupiditatis
1554 3691 1668 3747 inlcntic
1683 3691 1817 3762 impedire

110 3787 259 3855 poterunt:
270 3787 335 3838 tunc
346 3786 463 3853 tempore
475 3783 593 3850 44444444
603 3796 647 3837 444
660 3782 699 3838 cd
708 3781 844 3852 4444444444
853 3797 941 3838 cano-
994 3782 1021 3834 44
1032 3778 1149 3834 aduena
1157 3779 1294 3848 fratribus
1307 3779 1430 3847 irropare
1441 3780 1519 3835 solet.

113 3874 175 3929 4444
194 3876 368 3927 convocatam
384 3886 439 3926 non
450 3872 529 3939 infra
549 3875 668 3940 aupusta
679 3876 800 3942 tanpora
812 3872 940 3926 canonice
1031 3865 1073 3924 44.
1087 3871 1211 3925 Persona
1225 3870 1412 3925 accusantium
1428 3871 1496 3927 tales
1510 3884 1566 3927 4444
1579 3871 1686 3936 debent,
1702 3887 1818 3943 44444444

113 3959 390 4032 conoccent,'etprins
400 3961 438 4015 eis
454 3954 604 4035 [qnamost]
612 3974 664 4030 per
674 3961 777 4031 scripta
788 3961 941 4030 sipniftcent
993 3957 1071 4030 fides,
1090 3960 1267 4022 concrematio,
1283 3962 1308 4013 et
1322 3960 1380 4015 cita
1390 3958 1554 4029 probabilis,
1570 3965 1595 4016 et
1605 3961 1709 4032 absque
1721 3976 1820 4032 repire-

113 4049 185 4122 quid
193 4052 233 4104 cis
246 4054 395 4123 opponant,
410 4053 441 4105 ut
455 4048 493 4104 ad
501 4051 702 4119 responsionem
710 4051 808 4120 parati
816 4049 938 4104 4444444.
994 4048 1122 4102 mmmm
1135 4048 1182 4109 sit,
1197 4051 1223 4102 el
1237 4048 1286 4117 qui
1300 4049 1420 4103 omns'um
1438 4054 1550 4105 careant
1567 4051 1738 4120 suspicions:
1753 4052 1820 4121 quia

117 4135 145 4195 4.
159 4139 271 4196 Ncmsi
291 4143 341 4195 cut
356 4140 386 4193 ci
400 4142 450 4194 aut
472 4140 568 4194 tinore
588 4138 667 4208 ejecti
684 4139 799 4207 4444444,
814 4143 863 4193 aul
882 4127 940 4193 suis
996 4140 1023 4192 et
1045 4136 1094 4191 boc
1124 4141 1241 4206 tempore
1273 4138 1405 4206 prasenti
1433 4133 1474 4211 [44
1497 4136 1659 4214 4444444444,
1691 4144 1722 4195 44
1754 4140 1819 4195 bens

113 4227 196 4284 rebus
224 4228 379 4299 ecspotiati,
405 4243 454 4283 nec
474 4229 602 4283 sananim
631 4226 669 4282 ad
692 4227 827 4297 synodum
848 4229 941 4282 uocari
995 4226 1092 4289 nostis,
1106 4225 1137 4279 in
1158 4224 1271 4282 Nicaena
1284 4224 1387 4293 spnodc
1403 4230 1516 4296 propter
1530 4228 1666 4283 malcrum
1680 4229 1819 4284 nominum

111 4321 248 4389 possimis
256 4317 528 4389 respondercaemnlis
539 4316 646 4381 debent,
655 4317 941 4387 antequamcanonice
995 4315 1113 4370 insidias
1127 4317 1192 4370 suni
1206 4313 1299 4369 444444
1319 4314 1377 4368 alia
1398 4315 1578 4385 quamplura
1591 4315 1683 4371 delata
1696 4311 1817 4389 [deleta].

113 4408 307 4479 restituantur,
331 4409 357 4462 cl
375 4422 427 4462 sua
449 4409 540 4462 444444
566 4408 604 4462 sis
629 4407 752 4476 tonaliter
768 4406 938 4462 reddantur:
931 4386 1129 4461 Uscanam
1146 4403 1200 4468 illi,
1215 4407 1240 4460 44
1258 4418 1313 4458 non
1327 4402 1389 4474 alii,
1409 4403 1466 4458 sint
1479 4418 1562 4473 quam
1582 4405 1632 4474 qui
1644 4404 1818 4474 inprcdicta

114 4499 145 4553 et
173 4495 278 4567 prasci
302 4495 385 4568 prius
400 4496 580 4568 restituatur,
609 4500 635 4551 44
655 4499 752 4568 postea
770 4511 825 4552 non
848 4496 942 4553 statim
996 4493 1174 4563 suriodosurn
1185 4493 1334 4549 constituti
1347 4488 1391 4548 44
1401 4490 1643 4563 Reliquioercqus
1637 4493 1820 4564 metropolim

113 4585 166 4642 sed
183 4586 243 4650 diu,
254 4601 307 4657 per
321 4587 445 4657 spatiosa
458 4590 580 4656 tempora
601 4587 660 4641 suis
672 4587 834 4657 potestative
849 4586 943 4657 dispc-
996 4582 1087 4639 sedem
1098 4586 1198 4646 444444,
1211 4581 1408 4654 crcbiepiscopi
1420 4585 1557 4652 nocentur,
1572 4585 1599 4637 st
1611 4596 1666 4638 non
1674 4583 1819 4654 pmmatcs,

115 4674 226 4739 4444444
247 4675 286 4731 ad
299 4690 379 4731 suam
392 4679 578 4732 necessitatem
589 4677 769 4748 preparatis,
785 4675 823 4730 ad
838 4679 943 4746 tempus
997 4672 1075 4727 salua
1095 4672 1126 4726 in
1145 4670 1270 4726 omnibus
1288 4671 1442 4741 apostolica
1458 4670 1530 4726 sedis
1548 4670 1693 4744 dipnitate,
1709 4687 1771 4743 quc
1794 4675 1820 4728 44

114 4765 210 4819 444444
228 4764 267 4820 ad
278 4780 409 4832 causam;
424 4768 450 4821 et
466 4764 574 4834 sijuste
595 4767 683 4821 444444
694 4766 791 4834 fiterit,
806 4768 945 4821 accusato·
999 4757 1045 4835 [ei]
1060 4760 1095 4816 ab
1118 4761 1178 4830 ipso
1198 4761 1307 4814 Domini
1321 4775 1446 4816 concessa
1466 4759 1661 4834 (Mutilum),
1682 4766 1708 4818 ei
1725 4766 1821 4835 postea

114 4852 195 4907 ribus
213 4855 376 4925 respondeat
386 4855 456 4910 suis.
473 4851 500 4912 5.
514 4854 594 4911 Nulli
605 4855 709 4922 infami
719 4859 802 4925 atquc
811 4854 943 4923 sacrilepa
998 4868 1016 4906 4
1038 4852 1140 4906 4444444
1163 4848 1292 4905 Patribus
1319 4849 1447 4905 roborata
1468 4855 1516 4906 444.
1541 4847 1583 4910 tc.
1606 4852 1698 4909 Primo
1715 4867 1821 4925 sernper

115 4942 151 5000 de
178 4958 340 5015 quocunque
373 4947 480 5014 nepotis
506 4946 585 5001 444444
620 4945 752 5001 adrerum
786 4946 944 5014 relipiosnm
997 4945 1029 4997 in
1044 4941 1164 4996 omnium
1189 4939 1374 5010 4444444444
1394 4942 1565 4997 accusatione
1578 4956 1710 5012 4444444,
1724 4944 1783 5000 vita
1795 4949 1821 5001 44

115 5032 316 5111 Christianum,
329 5038 454 5107 quamuis
468 5035 580 5091 44444444
594 5037 755 5105 servilisque
764 5037 943 5106 personasit,
997 5030 1164 5086 4444444444
1192 5029 1381 5083 accusantium
1409 5026 1571 5085 muricatim
1601 5031 1772 5102 inquirmm,
1794 5035 1821 5087 et

115 5125 302 5181 testimoninm
315 5125 414 5190 dicere,
434 5141 484 5181 nec
502 5124 535 5180 de
557 5126 679 5196 qualibet
701 5141 741 5190 re,
766 5127 871 5181 actione
895 5131 945 5183 aut
993 5117 1167 5193 postmodum
1184 5132 1227 5181 ea,
1239 5132 1301 5188 4444
1318 5116 1497 5186 objiciuntur,
1516 5118 1634 5190 fideliler
1645 5123 1820 5194 pertractio·

116 5214 297 5285 inscriptione
302 5211 488 5270 Christianum
501 5216 638 5285 impetere.
650 5212 676 5270 6.
688 5213 719 5269 Si
728 5215 791 5285 44444
804 5215 943 5286 episcopus
998 5215 1062 5279 tur3
1077 5209 1207 5281 quoniam
1216 5207 1288 5264 nibil
1300 5208 1383 5264 aliter
1394 5210 1455 5279 fieri
1466 5208 1553 5275 debet,
1566 5213 1623 5268 nisi
1628 5210 1821 5283 pradicmnm

116 5304 238 5374 lepiiime
252 5307 407 5369 accusatus,
423 5308 448 5359 et
462 5302 619 5376 mpradicto
634 5303 730 5359 ordine
744 5302 781 5359 ad
799 5304 944 5361 4444444444
998 5294 1201 5376 [inpetitorum]
1216 5298 1293 5369 fides,
1307 5313 1437 5368 persona,
1452 5300 1510 5356 uita
1530 5304 1557 5356 et
1573 5305 1650 5356 actus
1663 5298 1821 5353 444444444-

115 5395 371 5453 cnnonicesocatus
385 5395 483 5463 444444,
503 5393 606 5465 absque
624 5393 684 5451 ulla
706 5392 889 5464 trepidatione
903 5396 944 5451 ire
997 5396 1063 5448 tur:
1088 5391 1157 5462 quia
1180 5403 1235 5445 non
1263 5387 1341 5445 debet
1366 5405 1529 5462 pravorum,
1554 5391 1604 5443 aut
1627 5386 1820 5444 insidiantium

116 5482 214 5541 debet:
240 5487 276 5548 44,
300 5484 326 5538 si
339 5484 397 5554 ipse
422 5484 618 5554 nonpotuerit,
638 5498 691 5555 pro
712 5498 739 5539 se
765 5480 885 5552 4444444444
906 5483 945 5541 ad
998 5482 1136 5538 bominum
1145 5481 1282 5552 pernicies
1301 5480 1387 5536 sitam
1403 5481 1522 5536 44444444
1533 5477 1727 5532 innocentium
1747 5474 1820 5535 Sanc

116 5572 256 5646 spnodrun
279 5574 381 5630 4444444.
405 5567 433 5628 l.
456 5571 548 5632 Nulla
571 5569 845 5641 eamnajudicibus
865 5574 945 5631 eccle·
998 5570 1144 5646 sapirsino
1157 5585 1175 5628 a
1188 5571 1270 5628 444444
1287 5568 1569 5642 4444444444444444.
1583 5565 1820 5638 4444444444
