3876 6090
69 241 122 300 ur
446 246 1393 317 mrsnrnmnrrosrrroorvurecmannus-aeuomr.
1724 241 1776 318 tta

68 367 149 425 milis
167 369 301 440 pontitex
315 378 408 429 nester
417 373 598 431 considerare
608 381 637 432 et
646 376 812 447 conspicere
823 376 937 437 com-A
953 383 1106 441 universati
1123 386 1231 456 synodo
1250 391 1278 443 et
1290 384 1432 456 sapientia
1453 390 1481 441 et
1494 386 1585 458 gratia
1598 387 1647 444 liei
1666 387 1773 459 plenos,

68 458 175 528 pletum
186 472 251 515 esse
268 461 390 517 maxime
405 475 481 518 nunc
504 463 651 534 cloquium
670 467 894 539 Serapturarum‚
950 475 1035 542 atque
1053 487 1137 543 opere
1158 480 1185 529 et
1216 488 1344 530 sermone
1365 474 1513 530 decoratos
1537 478 1565 529 et
1588 473 1771 548 refulgentes.

66 547 140 616 quod
150 547 297 616 perhibe&
307 549 814 621 Aspiciteodcntiqucsgenerationes,
824 557 896 610 etvi·
950 559 1023 632 Ergo
1038 564 1173 632 quoniam
1197 578 1259 634 quae
1274 563 1508 620 desideraverunt
1525 563 1626 619 audire
1638 568 1666 619 et
1678 565 1774 622 videre

65 634 135 696 Mt»
149 637 212 704 9¹1ss
222 636 341 692 credidit
351 639 758 708 hominnerconpcnsescyoer
769 645 896 714 quisper·
952 649 1034 705 multi
1049 666 1128 721 reges
1139 657 1167 707 et
1183 653 1336 724 principes,
1351 657 1379 707 ct
1391 665 1445 707 non
1465 651 1609 720 viderunt,
1632 666 1682 707 vos
1697 666 1772 710 nunc

65 724 397 788 monstttntimoroitltus,
406 727 767 800 sedtsdespeaiteurnffacl.
780 733 892 805 rnnrrr).
949 737 1054 793 videtis
1073 741 1231 809 clauditis,
1245 747 1331 811 atyue
1345 745 1410 796 ante
1420 740 1519 796 oculos
1540 745 1648 796 vestros
1661 741 1773 798 habetis

65 808 199 866 Arbitror
216 813 294 868 enim
316 815 390 885 quod
415 827 593 887 nequaquam
612 818 750 890 ignoretis
773 835 822 877 ros
841 821 891 892 qui
949 827 1120 896 propositos,
1143 829 1195 884 bos
1208 829 1342 884 videlicet
1359 829 1558 884 sanctissimos
1573 833 1600 883 et
1614 829 1773 898 sapientis-

65 897 149 954 nohis
160 906 316 969 praesentes
331 904 412 975 estis,
423 908 451 959 et
469 907 744 974 propterDominum
758 908 805 965 hic
819 923 892 965 con·
948 914 1036 970 simos
1049 916 1181 986 vicarios,
1205 919 1254 988 qui
1269 932 1302 973 ex
1328 917 1434 973 tinibus
1456 916 1536 973 orbis
1556 921 1639 972 terrae
1651 916 1771 988 proiecti

65 987 173 1059 gregati
187 990 363 1060 consistitis,
387 991 434 1048 sed
452 1005 502 1048 nec
525 997 603 1050 totus
627 996 784 1066 quadratus
799 997 889 1070 orbis,
947 1008 1023 1068 sunt,
1038 1005 1197 1077 gloriiicate
1220 1005 1374 1078 benignum
1397 1012 1424 1061 et
1442 1006 1654 1062 misericordem
1670 1007 1768 1078 ileum,

65 1088 125 1145 quae
137 1075 168 1131 iu
180 1090 227 1133 me
244 1083 308 1134 acta
323 1083 393 1136 sunt
404 1085 432 1136 et
442 1086 563 1151 patrata.
581 1081 684 1140 Omnes
701 1097 823 1156 namque
836 1099 891 1142 no-
946 1093 1593 1165 quiprosperedirenitimperatoremnostrum
1604 1094 1768 1164 piissimum

66 1168 207 1235 runtquae
219 1171 249 1222 ct
263 1172 370 1237 quanta
386 1182 536 1239 perpessus
556 1169 661 1227 inerim
673 1172 709 1229 ab
721 1173 891 1244 imperatore
944 1180 978 1236 ad
998 1180 1162 1251 huiusmodi
1185 1183 1325 1241 bonorum
1350 1182 1556 1252 impletionem.
1573 1184 1608 1238 Et
1623 1196 1704 1239 nemo
1723 1182 1767 1240 illi

67 1251 182 1324 iniusto,
205 1261 234 1310 et
255 1269 350 1312 reuera
361 1257 470 1328 juveni,
493 1262 522 1314 et
537 1273 586 1329 per
597 1259 669 1317 illud
690 1265 803 1331 tempus
816 1277 892 1334 prae-
946 1269 1082 1327 molestus
1094 1285 1209 1342 quoquo
1224 1272 1355 1329 modosit
1369 1273 1398 1327 in
1411 1271 1618 1327 ecclesiasticis
1632 1272 1768 1345 negotiis,

66 1339 285 1415 tatenteBarda,
300 1345 477 1403 scholarium
494 1349 662 1420 domestico,
677 1355 705 1406 et
718 1353 889 1421 pravissimo
943 1358 1042 1413 dicens
1067 1360 1138 1415 male
1166 1374 1198 1415 ac
1235 1360 1448 1415 inconvienter:
1480 1363 1536 1428 Epo
1571 1361 1681 1429 quictem
1706 1376 1767 1415 sum

67 1429 133 1500 rire,
149 1446 209 1489 uua
229 1447 295 1490 curn
317 1441 386 1491 tunc
403 1436 484 1506 quasi
495 1437 587 1494 altero
609 1439 739 1510 principe
754 1441 889 1498 sacerdo·
943 1446 1033 1510 Paeti,
1050 1464 1096 1515 epo
1110 1454 1200 1503 cratem
1221 1447 1324 1520 cepte,
1352 1465 1398 1517 epo
1413 1464 1474 1503 vero
1489 1449 1589 1518 Apollo
1614 1445 1638 1518 tl
1650 1448 1708 1503 Gor.
1734 1448 1764 1521 r),

68 1522 121 1576 tum
131 1520 243 1591 caipha
256 1521 374 1580 ethnna
386 1541 394 1593 3
407 1538 471 1580 nam
490 1531 519 1581 et
533 1525 649 1583 illorum
674 1528 723 1584 isti
749 1528 889 1586 habebant
942 1537 970 1589 et
981 1536 1221 1592 audeatdiridere
1232 1537 1389 1608 Christum,
1405 1544 1434 1594 et
1446 1537 1594 1593 dividatur
1608 1552 1624 1592 a
1639 1537 1765 1601 cbristo,

69 1609 254 1681 propositum,
267 1612 352 1681 cujus
364 1626 420 1669 non
434 1628 493 1670 mos
503 1614 616 1686 gradui,
633 1617 681 1673 sed
695 1617 801 1688 gradus
813 1618 884 1673 mori
942 1627 970 1677 et
981 1622 1094 1680 decidat
1108 1638 1124 1680 a
1140 1639 1225 1698 regno
1235 1627 1308 1696 elus,
1322 1630 1407 1696 atque
1430 1625 1558 1696 privetur
1575 1630 1678 1680 aeterna
1693 1625 1762 1680 vita.

68 1697 189 1754 creditus
202 1703 256 1767 cst,
277 1701 516 1771 quemadmodum
529 1703 637 1760 alicubi
654 1703 730 1761 tatur
744 1705 793 1761 ille
806 1707 856 1776 qui
869 1719 885 1762 a
901 1694 927 1756 Β
941 1711 992 1767 Sed
1006 1713 1099 1769 venite
1111 1728 1209 1771 omnes
1227 1713 1327 1783 simul,
1351 1718 1424 1769 state
1448 1713 1610 1784 nobiscum,
1625 1718 1653 1769 et
1666 1717 1764 1783 utpote

69 1785 203 1858 theologia
219 1789 343 1845 sortitus
357 1793 402 1845 est
414 1803 531 1847 nomen:
547 1790 775 1850 tinxerunteuim
792 1808 895 1881 recen·¹
940 1801 1358 1873 uniuscuistentespastoriset
1372 1802 1563 1870 uniusovilis,
1575 1816 1663 1858 unum
1674 1802 1763 1857 Deum

68 1878 112 1930 tem
134 1880 280 1950 mucium,
302 1882 330 1933 et
351 1879 621 1938 reverendissimum
654 1882 882 1956 nominaverunt,
939 1893 967 1944 et
979 1889 1064 1945 trium
1079 1903 1262 1960 personarum
1275 1890 1426 1949 Dominum
1440 1889 1636 1946 collaudemus
1648 1902 1765 1946 concor-

68 1963 132 2019 nihil
156 1964 308 2038 scientem,
326 1979 417 2038 neque
432 1974 584 2038 verentem,
601 1983 692 2041 neque
714 1970 820 2043 gradus
833 1971 884 2028 di-
938 1977 1014 2033 diter
1034 1981 1062 2033 et
1085 1978 1308 2050 magnificemus,
1333 1978 1400 2049 quia
1423 1991 1486 2034 cunr
1509 1978 1589 2033 decet
1612 1977 1704 2049 gloria
1731 1977 1760 2032 in

69 2066 144 2124 mum
157 2052 275 2125 aliquid
288 2053 460 2126 atterentem,
484 2062 586 2128 prater
607 2058 784 2116 solummodo
794 2059 880 2116 velle:
938 2065 1040 2122 secula
1053 2065 1231 2124 secutorum.
1246 2067 1344 2122 limen.
1846 2121 1850 2127 .

67 2142 105 2198 scd
125 2143 238 2214 pariter
263 2157 327 2200 eum
354 2146 480 2215 potentia
496 2146 614 2219 maligni
635 2147 774 2204 desiderit
796 2149 882 2205 etiam
971 2153 1113 2211 continuo
1126 2168 1191 2210 rero
1204 2159 1267 2226 post
1282 2154 1341 2210 haec
1356 2154 1429 2211 idem
1444 2154 1605 2225 Stephanus
1617 2154 1759 2210 diaconus

66 2232 261 2303 spientiorem
282 2239 372 2289 semet
392 2233 526 2292 omnibus
547 2236 725 2309 existimans,
741 2251 790 2308 per
802 2236 885 2294 leuc-
936 2247 964 2299 et
980 2243 1109 2298 notarius
1124 2241 1192 2300 tecit
1203 2243 1472 2300 anathematismum
1487 2242 1592 2309 Photii,
1611 2247 1761 2313 etsequa-

66 2324 140 2376 sira·
160 2320 287 2377 intrarit
309 2322 596 2395 incantamentum,
618 2330 647 2381 et
668 2326 763 2397 rapuit
775 2326 880 2398 aliena,
936 2331 1024 2399 cium,
1048 2337 1076 2385 et
1102 2336 1316 2402 cooperatorum
1337 2331 1409 2400 ejus,
1438 2330 1478 2386 ita
1499 2344 1529 2385 se
1547 2328 1723 2385 habentemb
1750 2347 1758 2384 a

10 2452 13 2457 .
66 2408 235 2466 mlescteus
251 2412 279 2465 et
301 2411 420 2483 sentire,
437 2413 614 2483 styrannica
626 2414 879 2487 mentesublatus;
935 2418 1149 2476 Photiocuriali
1162 2419 1483 2475 etinvasorianatbema
1496 2418 1502 2473 t
1514 2418 1756 2474 Pbottosaeculari

66 2498 328 2569 proptercadictum
342 2503 386 2556 est
401 2500 426 2556 ei
441 2499 514 2557 illud
533 2502 621 2558 David
635 2504 738 2559 sacrati
755 2504 882 2574 psalmo-
935 2513 963 2563 et
984 2506 1089 2562 lorensi
1112 2507 1282 2563 anathemat
1306 2508 1408 2563 Pbotio
1429 2505 1570 2577 neophyto
1588 2511 1616 2562 et
1637 2510 1758 2576 tyranno

65 2587 152 2658 graphi
179 2587 295 2644 melos:
329 2589 397 2643 Ecce
419 2590 504 2654 borno,
527 2593 649 2662 quinon
671 2594 765 2662 posuit
797 2595 881 2647 ileum
934 2594 1104 2652 anathemat
1129 2595 1228 2651 Pbotio
1252 2595 1437 2652 schismatico
1464 2599 1492 2650 et
1516 2594 1651 2651 damnato
1684 2608 1758 2651 ana-

10 2670 14 2693 ⁷
64 2677 378 2745 commercatricem
398 2682 881 2748 sperautttnmultttudtncdiutttc-
934 2683 1047 2739 themat
1075 2684 1177 2739 Photio
1199 2683 1307 2741 moecho
1336 2688 1364 2739 et
1398 2683 1549 2755 parricidae
1583 2683 1754 2739 anathemat

64 2781 111 2820 nuru
130 2781 260 2830 morum,
277 2771 303 2822 et
322 2767 468 2838 mavoluit
480 2771 509 2824 in
523 2772 645 2826 venitote
657 2787 717 2825 soc.
731 2768 812 2842 (Psoi.
830 2769 878 2843 cr.)
933 2771 1108 2828 Fabricatori
1128 2772 1338 2828 mendaciorum
1352 2771 1520 2827 anathemat
1537 2771 1677 2826 inventori
1692 2784 1755 2840 per·

64 2851 162 2911 ttidco
177 2854 401 2912 destruxiteum
411 2857 486 2913 Deus
498 2858 528 2914 in
541 2858 689 2931 saeculum,
705 2865 733 2915 et
748 2860 775 2914 in
793 2872 878 2915 saecu-
932 2873 1077 2916 versorum
1086 2860 1248 2931 dogmatum
1259 2859 1424 2915 anathemat
1438 2860 1539 2915 Photio
1553 2871 1624 2914 novo
1634 2858 1756 2915 hiarino

63 2940 109 2998 lucr
122 2941 237 2999 wenti.
264 2943 429 3001 Misericors
443 2946 519 3002 enim
539 2950 568 3001 et
586 2947 768 3018 omnipotens
791 2949 875 3018 Deus,
931 2946 1036 3018 cynico
1057 2947 1222 3004 anathemat
1240 2950 1315 3003 Novo
1329 2947 1465 3004 Dioscoro
1485 2945 1655 3002 anathemat
1678 2948 1755 3002 Nouo

62 3037 142 3088 erecto
167 3031 229 3088 alio
255 3032 396 3103 principe,
420 3034 471 3089 liet
495 3035 615 3107 cultore,
639 3039 713 3092 recte
738 3037 876 3107 sapiente,
891 3054 916 3118 ρ
931 3035 1008 3091 ludae
1020 3035 1186 3092 anathemat
1203 3035 1343 3093 Omnibus
1354 3034 1541 3107 mouentibus
1552 3040 1580 3090 et
1590 3032 1754 3091 fautoribus

10 3188 15 3207 ,
61 3126 124 3176 recte
143 3120 268 3188 sciente,
281 3121 428 3191 iustitiam
451 3122 641 3193 desiderante,
657 3125 756 3181 divina
779 3127 878 3197 enqui·
930 3125 993 3193 ejus
1011 3126 1115 3182 anatho
1127 3125 1177 3181 nal
1198 3124 1336 3198 Gregorio
1355 3125 1465 3181 dudum
1484 3124 1619 3194 episcopo
1637 3124 1755 3194 Syracu-

60 3214 168 3266 renteet
184 3210 385 3267 meditantem
399 3211 459 3284 lege
472 3212 520 3269 Dei
534 3213 581 3269 sui
596 3213 644 3269 die
660 3226 693 3270 ac
708 3219 799 3283 nocte,
811 3227 875 3270 eum
931 3226 1000 3269 sano
1017 3213 1183 3269 anathemat
1204 3213 1356 3284 Eulampto
1375 3214 1507 3283 deposito
1519 3217 1546 3267 et
1565 3211 1753 3268 schismatico

59 3297 177 3369 guidem,
194 3298 248 3370 qui
271 3299 405 3356 recedens
427 3305 498 3370 erat,
515 3306 613 3372 utpote
624 3302 713 3359 alium
725 3303 874 3373 quemdam
930 3301 1095 3356 anathemat

58 3386 313 3444 cceusiormatnm
323 3387 629 3447 secundumtabulas·
643 3391 877 3464 gigantem,Pbo·
964 3389 999 3443 Et
1013 3392 1076 3458 post
1099 3388 1157 3443 baec
1180 3389 1285 3456 omnia,
1311 3388 1411 3444 laudes
1433 3387 1509 3443 dixit
1521 3386 1681 3457 Stephanus
1692 3386 1754 3442 dia·

58 3474 123 3531 tium
137 3476 288 3548 videlicet,
313 3477 558 3535 inconsideratum
581 3484 610 3535 ct
621 3479 816 3536 inordinatum
828 3479 876 3537 ui·
929 3490 1019 3534 conus
1042 3479 1146 3532 sanctae
1168 3474 1453 3544 constantinopoleos
1476 3473 1609 3530 Ecclesia
1633 3478 1753 3528 etnota·

56 3577 112 3620 rura
143 3564 237 3636 quia
272 3569 369 3622 sancta
403 3566 593 3623 Romanorum
614 3567 740 3624 Ecclesia
761 3566 876 3625 tabellu-
930 3568 1003 3638 rius,
1027 3578 1141 3638 egresso
1164 3564 1285 3621 Photio:
1312 3564 1417 3620 linitos
1440 3563 1750 3631 annosimperatorum

56 3652 112 3710 rius
129 3659 329 3725 nuncupatur,
353 3668 403 3726 per
423 3656 555 3726 pietatem
570 3657 727 3726 iustissimi
749 3658 875 3728 impera·
929 3654 1030 3711 Basilii
1043 3658 1070 3709 et
1088 3652 1269 3709 Constantini
1283 3665 1315 3708 ac
1329 3652 1431 3708 ieonis
1445 3650 1451 3705 t
1466 3651 1631 3723 blagnorum
1645 3649 1752 3720 princi·

56 3743 121 3800 toris
131 3743 259 3814 expulit,
267 3747 319 3799 cta
333 3744 489 3814 pontidcaii
505 3745 571 3801 sede
582 3747 712 3807 removit.
729 3746 876 3803 bumilita·
930 3759 996 3816 pum
1009 3749 1038 3800 et
1050 3743 1253 3814 imporatorum
1268 3741 1373 3799 multos
1386 3740 1498 3797 annosi
1519 3739 1751 3796 orthodoxorum

56 3837 104 3887 tem
120 3837 261 3902 nostram,
278 3831 368 3889 muita
384 3839 413 3888 et
425 3833 505 3889 diras
517 3833 721 3891 tribulationes
734 3840 763 3891 et
777 3848 822 3904 poe
842 3849 875 3893 as
929 3835 1132 3904 imperatorum
1147 3831 1252 3888 multos
1263 3831 1371 3887 annosi
1388 3832 1550 3885 Erectorum
1563 3827 1750 3884 ecelesiarum

55 3924 80 3974 et
110 3919 217 3977 exsilia
252 3933 428 3991 perpessam,
462 3923 631 3994 assumpsit,
663 3924 807 3979 revocarit
837 3923 872 3980 ad
930 3920 1156 3979 multosannosi
1179 3920 1375 3977 Liberatorum
1396 3918 1629 3974 christianorum
1644 3916 1751 3973 multos

56 4010 200 4080 proprium
225 4009 362 4066 thronum
387 4014 416 4065 et
437 4010 553 4082 utrique
576 4011 738 4084 quaedigna
758 4010 875 4068 luerunt
928 4009 1034 4067 annos!
1053 4009 1126 4079 Quia
1139 4012 1316 4079 stupratores
1329 4005 1452 4078 perfodit
1466 4007 1532 4078 quia
1545 4005 1673 4061 seniores
1686 4002 1753 4060 libi·

55 4095 213 4155 distribuit.
228 4098 293 4153 llaec
313 4110 379 4154 vero
399 4096 468 4154 tacit
489 4099 723 4168 sapientissimus
746 4105 775 4156 et
788 4114 803 4156 a
818 4102 875 4157 Deo
929 4098 1082 4154 dinososet
1096 4097 1263 4152 mentientes
1275 4094 1392 4165 occidit,
1402 4094 1471 4164 quia
1484 4093 1619 4164 synodice
1632 4092 1752 4163 patriar·

55 4186 182 4244 munitus
203 4187 359 4257 imperator
382 4192 487 4257 noster,
510 4187 692 4245 definitiones
710 4195 738 4244 et
762 4191 876 4262 regulas
929 4187 998 4243 cbas
1010 4185 1221 4256 ialsosablecit,
1239 4197 1309 4240 nouo
1321 4182 1510 4239 Constantino
1524 4181 1630 4238 multos
1641 4180 1748 4237 annosi

54 4285 171 4344 uehens
196 4274 359 4332 beatissimi
385 4290 463 4346 papae
489 4277 600 4333 Nicolai
623 4277 747 4334 senioris
770 4280 873 4348 homae,
928 4277 1005 4332 Nero
1017 4274 1176 4331 Theodosio
1195 4272 1302 4329 multos
1326 4271 1436 4328 annosi
1463 4271 1598 4328 Eudoxiae
1612 4270 1751 4341 piissimae

55 4376 119 4435 guas
134 4364 188 4420 ille
202 4364 340 4436 synodice
357 4365 559 4437 promulgarit,
573 4370 601 4421 et
616 4379 663 4435 per
676 4367 806 4437 proprias
816 4369 875 4438 epi·
887 4362 914 4422 D
928 4364 1062 4436 Auguste
1077 4362 1181 4419 multos
1193 4361 1300 4418 annosi
1316 4362 1398 4415 Nora
1410 4359 1510 4415 ludttb
1523 4359 1628 4415 multos
1640 4357 1748 4414 annosi

54 4453 137 4509 sulas
154 4452 438 4524 constantinopolim
460 4452 624 4510 destinarit.
641 4454 780 4525 Quoniam
796 4470 871 4528 vero,
928 4455 1011 4508 Novae
1023 4451 1246 4509 Helenaemultos
1258 4448 1364 4505 annosi
1378 4451 1461 4505 Noroa
1473 4448 1631 4504 Pulcheriae
1646 4446 1751 4503 multos

54 4541 207 4598 universali
222 4542 462 4613 paciconsulens,
477 4542 876 4615 piissimusetprudentissi-
927 4542 1037 4598 annosi
1073 4541 1184 4597 Nicoiai
1209 4539 1369 4595 beatissimi
1395 4551 1473 4608 papae
1501 4537 1620 4594 itomani
1645 4541 1750 4592 aeterna

54 4642 113 4687 uus
123 4630 282 4701 imperator
293 4631 510 4688 nostermultaro
522 4631 622 4688 babuit
632 4634 875 4691 curametsolliei·
929 4631 1065 4686 memoria
1080 4630 1086 4685 l
1103 4630 1175 4686 Nori
1190 4629 1309 4684 Phineos
1320 4633 1423 4683 aeterna
1437 4627 1572 4682 memoria
1587 4626 1593 4680 l
1615 4625 1685 4682 Nori
1700 4627 1752 4680 ua·

54 4718 179 4776 tudinem
194 4717 351 4792 colligendi
369 4718 569 4776 sanctissimos
584 4721 707 4777 vicarios
719 4727 748 4778 ct
761 4723 874 4779 cunctis
930 4719 1016 4775 nielis
1034 4724 1137 4775 eterna
1163 4717 1314 4773 memorial
1340 4716 1410 4772 Nori
1436 4713 1553 4770 llartini
1578 4720 1682 4769 aeterna
1698 4725 1752 4767 me

53 4806 374 4880 allispatriarcbalibus
390 4808 518 4880 sedibus,
540 4813 569 4864 et
580 4811 719 4880 synodum
732 4811 875 4868 universa·
929 4808 1036 4865 morial
1061 4808 1180 4864 Adriani
1206 4805 1382 4863 sanctissimi
1409 4805 1618 4875 papaeltomani
1645 4801 1751 4859 multos

53 4894 102 4953 leur
120 4897 299 4967 celebrandi,
321 4897 356 4954 ad
381 4897 588 4954 exhibitionem
610 4905 638 4953 et
650 4898 873 4956 satisfactionem
928 4899 1034 4954 annost
1065 4896 1278 4967 interemptoris
1296 4895 1360 4951 novi
1382 4895 1510 4950 Simonis
1525 4893 1629 4950 multos
1642 4890 1749 4948 annosi

54 4985 212 5058 pertoetam
234 4987 354 5043 veritate
376 4985 434 5043 sibi
460 4991 639 5057 cooperante,
661 4987 874 5059 omnipotentis
928 4987 1119 5044 Percutientis
1138 4999 1239 5041 novum
1262 4983 1422 5039 mendacem
1433 4982 1572 5038 Ananiam
1588 4981 1692 5037 multos
1704 4994 1752 5036 an-

55 5075 241 5147 providentia,
254 5076 284 5132 in
296 5075 380 5131 tinem
397 5088 564 5147 prosperum
582 5076 704 5132 adduxit
717 5077 872 5134 consitium
929 5074 1001 5130 nost
1016 5071 1244 5130 Noricoelestini
1260 5071 1364 5127 multos
1377 5083 1466 5126 annos
1482 5069 1488 5124 l
1511 5070 1615 5141 ignatii
1631 5068 1752 5123 sanctis

54 5179 149 5223 mum:
167 5171 197 5221 et
221 5178 298 5220 nunc
319 5164 425 5220 ridetis
447 5165 498 5221 hos
513 5171 664 5235 praesentes
686 5167 874 5223 sanctarum
929 5163 996 5220 simi
1010 5162 1179 5234 patriarcnae
1199 5157 1487 5229 constantinopoleos
1513 5158 1618 5214 multos
1641 5154 1751 5212 annosi

83 5336 96 5367 ²
112 5324 289 5382 sicutenim
306 5323 412 5381 tabulae
427 5323 580 5397 gentilium
603 5323 699 5382 terunt
712 5325 810 5383 dentes
822 5327 874 5384 dra
929 5323 1066 5391 arripere.
1693 5350 1714 5395 *.

56 5398 125 5455 conis
135 5399 237 5454 subito
248 5409 376 5466 sparsos,
390 5401 418 5451 et
433 5397 562 5468 gigantes
575 5398 713 5453 continuo
727 5403 818 5470 natos,
835 5400 874 5455 ita
968 5393 982 5435 b
999 5394 1039 5450 hd
1059 5392 1230 5464 exemplum,
1245 5404 1301 5461 quo
1314 5387 1420 5472 lactum
1434 5386 1527 5442 tuerat
1538 5389 1603 5468 ante
1616 5382 1751 5454 synodice

58 5470 309 5538 reprehenduntur.
329 5468 389 5539 qui,
400 5466 491 5523 nullis
506 5467 656 5524 laboribus
670 5470 875 5538 praevenienti·
930 5469 961 5525 in
973 5467 1100 5525 Ecclesia
1122 5466 1247 5521 ltomaua
1266 5461 1320 5517 sub
1332 5459 1458 5515 Adriano
1470 5462 1653 5513 sanctissimo
1666 5464 1747 5523 papa.

58 5537 231 5615 bus,repente
251 5541 352 5597 locum
364 5547 393 5594 et
411 5539 534 5610 gradum
550 5538 715 5596 sanctitatis
733 5548 874 5598 conantur
