3876 6090
55 253 129 315 ⁴253
499 255 631 315 ascahc
648 256 856 316 lmuehanbi
874 259 938 316 ciii.
958 259 1004 317 bu
1022 254 1110 348 Vilis
1128 259 1213 320 hoii.
1232 260 1335 321 coni.
1690 260 1761 324 liti

56 387 117 432 non
128 373 234 448 valent,
253 373 382 449 legitime
395 375 549 445 accipiant.
563 375 592 431 si
611 376 754 448 quiscum
770 377 884 435 duabus
896 379 925 441 A
939 379 1007 436 Item
1022 379 1105 452 dicit,
1127 379 1307 450 monachum,
1321 380 1372 452 qui
1394 381 1479 439 semel
1496 397 1525 440 se
1538 383 1596 440 lieo
1621 385 1710 456 vovit,
1734 386 1762 440 et

54 463 218 535 sororibus,
234 478 286 521 aut
298 478 363 520 cum
377 463 433 535 his,
448 477 519 536 quas
530 478 609 521 sacra
621 465 770 537 Scriptura
782 466 886 538 prohi-
940 469 1066 541 regulam
1079 473 1242 527 sanctorum
1256 472 1370 526 Patrum
1381 473 1515 544 suscepit,
1530 487 1586 530 non
1599 474 1657 545 iam
1670 487 1686 530 a
1699 486 1763 545 pro·

55 552 115 624 bet,
125 551 214 610 tuerit
225 551 395 632 fornicatus,
407 553 432 610 si
446 553 562 626 dignam
575 556 665 628 egerit
677 556 885 628 poenitentiam,
940 559 1033 630 posito
1050 573 1131 630 posse
1145 560 1257 617 reuerti.

57 640 182 698 liceatei
200 655 317 700 uxorem
337 642 476 713 accipere.
500 643 644 700 Similiter
657 650 686 701 et
704 644 819 702 mulieri
833 643 883 701 tali
975 648 1761 722 PradictaspontifexPhotiumconstantinopolitanum

57 730 164 787 scelere
175 730 261 802 lapsa
276 729 368 788 lacere
380 730 456 788 licet
474 733 554 804 ltem,
568 732 775 805 querentibus,
787 736 885 790 utrum
939 735 1086 808 deposuit,
1106 738 1175 809 quia
1187 752 1221 795 ex
1238 737 1312 794 laico
1324 741 1509 795 consecratus
1518 737 1554 793 ab
1563 739 1764 798 excommuni-

58 819 164 876 marito
189 832 306 876 uxorem
320 819 479 877 adulteram
498 821 581 891 iuxta
609 822 781 880 mundanam
795 821 885 893 legem
939 826 1762 900 catoepiscopo,etadhucignatiopatriarchasuperstite,

59 907 220 966 interficere
251 908 346 978 liceat,
377 909 535 980 respondit,
559 909 659 967 dicens
681 928 688 964 ι
711 911 812 966 Sancta
837 911 887 966 liei
939 912 1036 971 subito
1052 915 1204 985 episcopus
1222 921 1266 972 est
1279 918 1482 987 consecratus3
1498 920 1526 973 et
1544 916 1613 987 qula
1628 919 1694 972 ante
1708 928 1765 973 au-

55 997 179 1053 Ecclesia
188 997 886 1069 mundanisnurtquamconstriopiturtepidus,quar
939 1002 1078 1060 dientiam
1103 1005 1358 1062 excommunicatis
1387 1006 1600 1064 communicare
1631 1018 1765 1076 prasum-

55 1085 183 1158 placium
201 1101 256 1142 non
268 1087 348 1142 babet
359 1090 416 1143 nisi
438 1088 621 1159 spiritualem,
645 1089 694 1160 qui
707 1103 762 1144 noo
776 1088 884 1153 occidit,
940 1095 1044 1163 pserat.

56 1175 108 1231 sed
118 1176 245 1246 vivificat.
260 1175 403 1232 Mandavit
417 1178 508 1250 etiam,
524 1181 555 1232 ut
567 1177 716 1233 homicidas
726 1181 790 1248 post
801 1179 885 1234 uatus
974 1182 1050 1239 ldem
1067 1181 1195 1254 pontifex
1210 1183 1387 1243 liuthardum
1401 1185 1569 1256 episcopum
1581 1184 1766 1241 suessionen·

56 1265 128 1320 anai
141 1265 260 1336 spatium
277 1265 357 1320 liceat
379 1267 517 1322 eeclesiam
533 1257 658 1323 'introire
682 1268 761 1339 ltem,
785 1272 817 1323 ut
838 1266 886 1323 vi·
940 1283 1008 1343 sem,
1025 1272 1061 1328 ab
1075 1272 1228 1330 llinemaro
1249 1273 1402 1331 lihemensi
1423 1272 1642 1344 archiepiscopo
1654 1273 1766 1342 depost·

55 1351 116 1410 dua
127 1352 230 1425 relata,
246 1358 274 1410 et
291 1353 321 1410 in
334 1353 432 1411 eodem
453 1354 555 1413 habitu
577 1368 741 1427 permanere
759 1354 885 1426 professa
939 1363 1011 1432 tum,
1023 1360 1084 1417 sedi
1094 1375 1154 1418 sua
1167 1362 1315 1432 restituit3
1331 1363 1400 1433 quia
1410 1363 1541 1418 Romana
1554 1361 1632 1418 sodis
1642 1360 1764 1432 appella·

58 1453 116 1498 uon
131 1448 295 1512 prasumat.
939 1448 1061 1519 tioapud
1070 1449 1491 1522 pradictumarchiepiscopum
1498 1448 1766 1521 tempnsdilationis

95 1531 126 1586 ln
150 1529 208 1586 alia
233 1530 365 1602 epistola,
387 1545 472 1603 quam
499 1531 648 1590 Luitberto
668 1532 885 1604 archiepiscopo
941 1538 1096 1609 impetrare
1109 1537 1278 1596 nouvaluit.
1296 1539 1348 1594 llic
1361 1527 1666 1610 ordinavitepiscopos
1680 1552 1766 1596 sena·

58 1617 135 1675 idenr
147 1618 720 1693 pontiiendirexit,praecepit,illum,qui
732 1634 884 1693 paganum,
940 1627 1020 1699 ginta
1035 1629 1174 1699 quinque,
1202 1627 1382 1699 presbyteros
1408 1631 1525 1698 septem,
1548 1628 1686 1684 diaconos
1698 1639 1781 1698 qua·⁴

58 1708 318 1782 aoniubcllo,sed
334 1710 395 1767 odii
410 1710 604 1782 meditatione,
627 1710 671 1767 vel
687 1717 803 1782 propter
814 1724 884 1768 ava·
902 1707 1016 1774 Btuor.
1049 1716 1149 1774 ldibus
1178 1722 1274 1774 autem
1307 1715 1441 1774 Novemb.
1477 1715 1612 1790 migravit
1644 1715 1679 1772 ad
1712 1716 1765 1773 Do-

57 1795 157 1855 ritianr
183 1798 332 1867 occiderit,
358 1805 391 1857 ut
410 1799 583 1856 homicidam
607 1799 710 1857 debere
736 1801 884 1871 penitere.
941 1804 1060 1863 minum.

58 1886 128 1942 ltenr
138 1886 223 1957 juxta
243 1901 349 1945 morem
364 1889 495 1944 liomanae
510 1887 643 1945 Ecclesia
660 1903 677 1946 a
697 1889 887 1962 Quinquaqe-
1161 1893 1251 1949 cvlll.
1267 1921 1304 1933 -
1317 1891 1492 1948 hDPthUS
1507 1894 1540 1950 ll.

57 1975 134 2033 sima
144 1989 237 2049 usquc
249 1977 279 2033 in
294 1977 400 2034 Pascha
414 1978 500 2034 etiam
516 1977 601 2035 laicis
614 1992 630 2034 a
643 1992 728 2036 carne
741 1979 887 2036 abstineo.
1200 1980 1294 2051 (Anao
1312 1981 1415 2036 christi
1428 1977 1506 2052 867.)

57 2065 129 2122 dum
144 2079 206 2122 esse
218 2066 360 2137 pracepit.
376 2069 443 2123 ltem
455 2067 492 2123 de
503 2079 546 2139 eo,
561 2067 590 2123 in
606 2068 690 2138 cujus
705 2067 802 2125 lancea
814 2067 887 2125 aller
975 2068 1130 2133 Adrianus,
1145 2070 1262 2126 natione
1271 2070 1426 2141 Romanus,
1436 2083 1471 2126 er
1485 2073 1565 2140 patre
1575 2066 1708 2138 Phalaro,
1721 2080 1767 2123 se·

58 2167 90 2212 se
117 2147 273 2219 interemit,
291 2155 331 2211 ita
351 2155 503 2226 pracepit:
534 2156 565 2211 Si
576 2157 635 2226 ejas
660 2156 808 2230 uoluntate,
838 2158 887 2228 qui
940 2159 985 2216 dit
999 2159 1029 2215 in
1046 2158 1213 2229 episcopatu
1232 2171 1323 2215 annos
1337 2162 1471 2229 quatuor,
1494 2170 1605 2213 menses
1620 2155 1763 2228 undecim,

59 2243 182 2298 tamum
195 2246 293 2308 tenuit,
316 2249 421 2313 aestum
435 2249 484 2309 est,
507 2245 647 2300 homicidii
670 2260 733 2300 reas
752 2245 884 2315 hebetum
939 2248 1001 2305 dies
1020 2249 1126 2305 decem.
1149 2248 1201 2304 llic
1215 2247 1251 2304 ab
1272 2247 1408 2305 omnibus
1427 2246 1563 2304 Romanis
1587 2245 1765 2303 unanimiter

58 2333 85 2388 si
102 2337 232 2391 amanto
248 2335 393 2403 maerente
410 2339 555 2405 patratam
568 2338 618 2398 est,
631 2336 762 2391 innacius
781 2351 838 2391 esse
847 2337 886 2391 ui·
940 2338 1047 2395 electus
1056 2341 1108 2393 cst.
1122 2338 1249 2408 Quorum
1260 2337 1478 2394 unanimitatem
1489 2339 1518 2392 et
1527 2335 1704 2392 desiderium
1716 2347 1765 2390 au·

58 2421 149 2480 daur,
170 2423 250 2486 ltenr,
265 2422 360 2487 illum,
374 2423 424 2496 qui
437 2437 524 2481 causa
540 2423 692 2494 probanda
706 2424 821 2480 chorda
835 2437 885 2481 sa-
938 2426 1022 2484 diens
1035 2427 1199 2485 lodewicus
1216 2427 1380 2498 imperator,
1395 2437 1570 2499 cognoscens
1582 2423 1679 2494 etiam,
1696 2436 1765 2495 qua·

60 2508 307 2581 pittamemitteas
323 2510 416 2567 lilium
430 2511 578 2581 proprium
602 2511 702 2568 nolens
727 2511 883 2584 interemit,
940 2516 1007 2573 liter
1020 2517 1049 2573 in
1065 2530 1098 2573 eo
1115 2515 1259 2572 decretum
1279 2516 1342 2572 suis
1356 2513 1623 2586 subscriptionibus
1635 2512 1765 2570 roboras·

56 2595 148 2666 iussit
160 2597 308 2668 penitere,
320 2601 353 2655 ut
365 2597 567 2654 dehomicidio
580 2611 636 2654 nou
647 2602 747 2669 sponte
759 2604 883 2669 peraeto.
940 2611 1012 2676 senc
1025 2605 1105 2662 valde
1119 2609 1247 2678 gavisus,
1262 2619 1326 2662 mor
1339 2604 1516 2677 imperialem
1528 2602 1647 2674 scripsit
1660 2600 1767 2671 episto·
1879 2672 1883 2677 ⁴

58 2686 99 2742 De
112 2699 155 2758 aa,
172 2686 224 2759 qai
235 2687 383 2744 insaniens
395 2686 520 2758 aliquem
535 2687 685 2761 occiderit,
700 2688 789 2744 dicit:
804 2689 836 2744 Si
848 2688 886 2744 ad
940 2693 1008 2766 lam,
1025 2708 1075 2766 per
1093 2708 1178 2767 quam
1198 2694 1316 2752 electam
1329 2693 1391 2750 lieri
1407 2693 1557 2765 presulem
1577 2689 1762 2749 collaudavit.

54 2789 157 2830 imm
170 2778 284 2831 menum
290 2777 456 2847 ammirei,
468 2776 553 2832 levius
563 2778 695 2848 penitere
704 2777 791 2849 debet,
803 2791 886 2847 qaam
940 2784 1032 2853 liujus
1056 2782 1233 2854 temporibus
1256 2782 1420 2839 lodewicus
1445 2782 1525 2839 dedit
1547 2779 1680 2837 Ecclesia
1693 2776 1768 2834 Cor-

59 2864 85 2917 ⁸²'
98 2865 161 2933 qais
173 2878 249 2919 ⁸⁰¹¹ae
261 2867 358 2920 mentes
369 2865 418 2919 boa
433 2867 544 2933 faceret.
940 2870 1049 2928 beiensi
1062 2879 1090 2929 et
1099 2871 1294 2929 llerilordensi
1311 2871 1448 2944 quasdam
1462 2870 1617 2927 decimales
1629 2867 1767 2925 ecclesias

95 2952 172 3009 ldcm
201 2951 330 3024 pontilex
351 2953 563 3011 constantiensi
583 2955 717 3024 episcopo
738 2953 883 3010 Salomoni
939 2972 1003 3015 cnm
1018 2959 1091 3030 ipsis
1104 2959 1266 3016 decimisin
1278 2957 1600 3030 parochiaOsbrugensi
1613 2953 1769 3030 [osnabru-

56 3039 116 3115 i30,
132 3056 159 3114 ti·
180 3039 206 3114 ⁴,
219 3056 245 3099 0·
269 3041 417 3106 &macari
443 3043 594 3113 epistolam
617 3043 745 3115 scripsit,
769 3043 799 3098 in
828 3055 885 3114 uua
900 3027 925 3092 0
940 3046 1042 3123 geusii,
1060 3049 1256 3105 consentiente
1270 3049 1443 3118 episcopoet
1456 3047 1535 3103 omul
1546 3046 1632 3102 clero.
1643 3043 1764 3102 Carolus

59 3130 204 3205 prohibet,
224 3144 260 3189 nc
274 3145 350 3189 uuus
370 3131 455 3189 homo
476 3133 602 3203 accipiat
623 3133 696 3190 duas
715 3138 886 3189 commatres
939 3133 1766 3209 homanorumimperatoretpatriaiusdedithonorificata

57 3220 238 3294 spirituales,
255 3222 533 3293 unampostaliam:
550 3222 886 3294 quiacumviretunor
940 3227 1083 3297 Ecclesia,
1108 3231 1137 3284 et
1163 3226 1384 3283 honorificanda
1416 3238 1433 3280 a
1461 3226 1519 3281 beo
1554 3218 1764 3291 llersveldensi,

58 3324 119 3368 aaa
131 3323 198 3367 caro
205 3323 256 3382 per
266 3310 443 3368 connubium
458 3309 627 3382 efficiantur,
644 3314 734 3368 restat
744 3311 884 3368 nimirum
941 3317 1077 3387 quasdam
1092 3317 1219 3373 decimas
1234 3315 1265 3371 in
1278 3311 1491 3370 prisoqeveltet
1505 3313 1627 3382 flassega
1641 3307 1765 3365 flother-

56 3403 233 3471 compatrem
247 3399 386 3457 constitui
399 3399 444 3456 illi
460 3399 586 3471 mulieri,
601 3401 686 3471 cujus
698 3401 728 3456 ln
742 3401 887 3457 matrimo·
939 3405 1068 3462 stadensi
1078 3402 1377 3475 adjacentesdioecesl,
1393 3415 1464 3474 quas
1472 3398 1634 3470 Stephanus
1647 3409 1719 3468 papa
1734 3396 1765 3452 in

59 3489 113 3546 nio
129 3494 274 3561 assumpta
289 3504 362 3547 uxor
373 3494 527 3546 commater
541 3503 603 3546 esse
617 3489 783 3547 videbatur:
802 3494 831 3546 et
846 3488 887 3545 id·
940 3493 1061 3551 basilica
1075 3494 1105 3548 P.
1120 3493 1194 3549 Petri
1209 3492 1257 3550 die
1278 3496 1376 3548 sancto
1391 3489 1506 3548 Pascha
1527 3501 1578 3546 sua
1593 3485 1767 3544 auctoritate

57 3580 140 3638 circo
153 3578 342 3657 dicitrinum
354 3591 411 3634 aon
424 3592 507 3649 posse
518 3578 563 3634 illi
578 3578 692 3636 mulieri
700 3579 784 3651 jungi
798 3579 827 3635 in
842 3590 887 3635 co·
940 3586 969 3640 et
979 3582 1163 3653 imperatoris
1174 3581 1399 3653 subscriptione,
1412 3584 1440 3636 et
1460 3576 1617 3649 llisdegino
1629 3585 1640 3613 ¹
1653 3573 1766 3631 llalber

56 3668 139 3743 pula,
156 3682 220 3741 qua
231 3676 385 3726 commater
408 3668 554 3738 eratejus,
579 3682 644 3726 cum
665 3682 721 3740 qua
741 3681 798 3724 una
819 3680 886 3724 caro
940 3672 1068 3728 stadensi
1096 3671 1230 3742 episcopo
1255 3673 1401 3741 prasente,
1430 3665 1622 3725 confirmarit.
1646 3662 1767 3720 Carolus

55 3755 155 3815 iuerat
169 3755 295 3813 eiectus.
313 3758 382 3813 ltem
398 3756 540 3828 pracipit,
557 3770 591 3813 ne
613 3756 727 3829 mulier,
743 3770 806 3828 qua
829 3755 884 3811 uiri
942 3761 1048 3832 quippe
1069 3773 1167 3818 omnes
1181 3759 1353 3817 decimasin
1375 3757 1498 3815 saxonia
1518 3753 1709 3812 constituerat
1729 3750 1765 3807 ad

55 3845 154 3903 titium
167 3858 202 3902 ex
216 3845 274 3902 alia
286 3843 392 3901 lamina
405 3847 532 3917 genitum
544 3846 580 3902 de
590 3858 671 3902 sacro
681 3843 758 3902 tonte
771 3844 883 3916 levavit,
941 3849 1034 3922 regale
1060 3849 1222 3921 servitium,
1247 3853 1275 3905 eu
1288 3861 1336 3904 aas
1351 3861 1400 3904 rex
1418 3846 1487 3903 dare
1514 3843 1619 3916 potuit,
1640 3853 1700 3912 quo
1713 3853 1768 3897 vo-

56 3939 176 4007 propter
190 3939 244 3991 troc
258 3947 274 3990 a
289 3935 351 3991 viro
364 3940 520 4005 separetur,
537 3935 606 4005 quia
619 3934 776 3990 secundum
789 3946 886 3990 sacros
941 3937 1007 3995 luit.

54 4036 193 4094 maanes,
209 4023 268 4080 nisi
280 4022 472 4080 examborum
485 4037 626 4079 consensu
636 4027 664 4079 et
675 4022 827 4097 religionis
840 4022 888 4079 ob·
976 4026 1028 4082 llic
1050 4026 1208 4096 apostolica
1229 4025 1403 4084 auctoritate
1425 4021 1559 4092 tirmavit,
1585 4019 1610 4077 si
1632 4019 1768 4089 deinceps

56 4116 143 4170 tentu
158 4125 214 4170 uon
226 4111 310 4169 debet
328 4100 477 4184 conjugem
499 4113 646 4169 dimittere
662 4113 784 4182 conjnx:
802 4112 887 4170 habet
940 4112 1086 4184 quispiam
1100 4113 1266 4184 episcopum
1282 4113 1413 4169 occidere
1429 4109 1591 4179 tentaverit,
1607 4107 1651 4165 vel
1666 4105 1768 4178 tlagel-

56 4207 156 4259 tamen
169 4214 254 4275 grave
266 4208 413 4274 peccatum
424 4201 618 4273 mallemque
632 4201 699 4257 odio
713 4201 820 4257 habens
832 4214 888 4257 ma·
941 4202 1011 4271 lare,
1021 4202 1187 4260 aut-saltem
1201 4206 1359 4271 percutere,
1374 4204 1434 4258 uta
1457 4202 1514 4255 beo
1529 4202 1557 4254 et
1571 4197 1681 4254 sanctis
1704 4196 1769 4265 ejus

57 4289 163 4354 ritum,
185 4290 268 4364 quasi
289 4303 376 4348 causa
399 4291 516 4361 pletatis
539 4294 675 4360 operatur
699 4289 884 4361 impietatem.
941 4291 1077 4348 omnibus
1091 4289 1301 4348 sitauatbema.
1316 4287 1387 4363 lllos
1406 4293 1513 4358 autem,
1535 4286 1586 4357 qul
1603 4284 1725 4339 illicitas
1739 4286 1767 4337 et

60 4382 131 4434 ltem
145 4378 181 4435 de
190 4379 355 4451 presbytero
368 4376 422 4451 (45,
436 4394 464 4451 q.
481 4378 508 4453 5,
525 4394 553 4435 c.
570 4379 723 4450 Presbyter)
735 4378 780 4436 uel
793 4379 888 4436 diaco-
902 4345 929 4408 D
944 4379 1247 4450 incestuosascopulas
1260 4376 1444 4445 contrahunt,
1453 4375 1479 4430 si
1489 4372 1615 4430 secundo
1626 4370 1670 4427 vel
1680 4369 1767 4468 tertio

59 4479 110 4539 no,
122 4480 205 4539 quern
216 4467 361 4525 asserebat
370 4468 502 4526 Salomon
516 4468 668 4539 episcopus
677 4467 801 4524 crimina
811 4468 887 4526 nolle
942 4471 1083 4527 admoniti
1094 4484 1142 4527 eas
1153 4483 1208 4526 non
1220 4467 1393 4538 dissolvunt,
1407 4463 1558 4534 etdignam
1568 4459 1766 4530 poeuiteutram

59 4555 177 4629 publice
195 4558 337 4631 conticeri,
354 4557 401 4615 sed
426 4558 497 4615 velle
512 4572 543 4615 se
561 4572 625 4615 cum
642 4561 819 4615 sacramento
833 4558 888 4614 de-
943 4572 998 4616 non
1013 4560 1162 4631 egerint,a
1177 4556 1331 4615 liminibus
1345 4552 1547 4612 ecclesiacum
1558 4546 1769 4647 suissequaci-

58 4642 186 4716 tendere,
197 4651 226 4704 et
237 4652 332 4704 amen
341 4647 455 4706 dicebat
467 4655 566 4706 notum
578 4661 640 4703 esse
649 4647 782 4719 episcopo
793 4646 888 4705 scelus
942 4650 998 4706 bus
1010 4647 1204 4705 eliminandos
1222 4659 1284 4704 esse
1298 4643 1434 4704 decrevit.
1448 4644 1517 4698 ltenr
1530 4642 1660 4710 raptores
1671 4635 1769 4708 uirgi-

57 4733 158 4810 ipslus
172 4733 233 4792 lore
244 4740 407 4809 patratum3
425 4738 585 4808 respondet,
602 4749 659 4793 non
677 4749 739 4793 esse
753 4736 887 4808 episcopo
943 4751 1023 4809 num,
1036 4736 1086 4809 qui
1101 4749 1149 4792 eas
1167 4734 1298 4807 legitimo
1319 4730 1445 4804 nuptiali
1462 4730 1537 4801 jure,
1549 4725 1592 4784 vel
1610 4725 1767 4782 secundum

54 4823 295 4898 scelusleqitime
313 4825 509 4899 manifestum,
521 4826 547 4882 si
566 4825 713 4897 presbyter
727 4823 770 4881 vel
785 4824 888 4882 diaco-
944 4827 1041 4896 ritum,
1053 4824 1096 4881 vel
1111 4824 1210 4896 legem,
1224 4822 1267 4878 rel
1278 4834 1385 4892 pacem,
1394 4816 1586 4891 acquisivisse
1597 4817 1767 4884 noscuntur,

57 4925 118 4970 aas
133 4924 188 4969 non
203 4911 291 4971 luerit
302 4928 351 4986 per
360 4915 594 4987 approbationem
605 4915 723 4971 testium
739 4912 812 4971 lorte
823 4926 889 4971 con·
942 4915 1038 4973 eadem
1048 4912 1189 4971 sententia
1198 4909 1387 4980 leririjussit:
1399 4905 1604 4980 quostandem,
1616 4902 1770 4974 nisiapra-

55 5001 166 5072 rictus,
180 5007 231 5060 aut
246 5004 307 5075 lpse
319 5018 371 5062 sua
385 5003 474 5062 luerit
490 5009 591 5078 sponte
605 5003 700 5061 scelus
712 5003 808 5075 ipsum
824 5017 890 5061 con·
943 5019 976 5062 va
992 5003 1181 5061 intentionem
1205 4999 1385 5070 recesserint,
1406 4992 1581 5053 anathemati
1600 4990 1770 5050 submitten-

55 5087 165 5148 tessas.
181 5092 302 5166 idcirco,
319 5095 488 5168 priusquam
513 5092 635 5151 alterum
659 5093 761 5150 horum
776 5094 889 5150 eveniat
942 5096 995 5152 dos
1006 5105 1068 5149 esse
1082 5090 1175 5147 modis
1190 5083 1487 5157 omuibusjudicavit.
1505 5084 1573 5140 ltem
1595 5080 1766 5149 homicidas,

56 5192 119 5239 nou
132 5180 236 5239 debere
250 5196 304 5240 suo
319 5184 428 5255 privari
444 5182 552 5241 obicio:
571 5183 639 5255 quia
659 5182 888 5254 solaspontanea
942 5190 971 5241 et
983 5182 1131 5239 hominum
1155 5182 1347 5248 truncatores,
1374 5175 1400 5234 si
1428 5187 1485 5232 aon
1499 5173 1658 5232 secundam
1678 5170 1765 5268 legem

55 5266 886 5345 contessio,relcanonicasnumerus,etqualltastestiuur,
942 5271 1165 5342 emendaverint,
1176 5273 1205 5326 et
1216 5267 1413 5341 penitentiam
1427 5277 1483 5322 non
1494 5264 1615 5338 egerint,
1629 5254 1767 5315 similiter
1829 5303 1832 5309 ,

56 5360 284 5419 decernentibus
292 5362 448 5434 episcopis,
470 5369 499 5420 et
511 5369 688 5436 accusatore,
707 5363 783 5435 quod
806 5362 890 5432 obje-
944 5363 1091 5420 invasores
1099 5364 1128 5418 et
1144 5359 1276 5416 incendia
1288 5355 1438 5428 iacientes,
1451 5359 1539 5425 atque
1549 5353 1688 5419 raptores,
1700 5341 1765 5414 Pari

57 5451 145 5524 cerit,
155 5451 369 5525 comprobante,
383 5453 520 5512 alericum
539 5454 657 5526 proprio
671 5453 763 5527 qrada
784 5452 889 5524 privat.
944 5451 1086 5509 senaatta
1101 5449 1245 5508 leniendos
1258 5445 1507 5506 eradicabam
1526 5434 1637 5506 mutati,
1660 5444 1696 5489 na
1710 5428 1765 5488 ulli

95 5529 480 5616 ⁸11etdeqrino'deqaonlb.
496 5543 652 5604 Krautstus
663 5542 706 5602 lib
720 5556 730 5601 r
744 5541 925 5617 Metropolis,
939 5556 963 5601 a.
976 5538 1002 5600 2.
