3876 6090
98 309 147 366 685

130 441 210 496 diter
226 458 301 512 vero,
320 460 336 514 q
353 461 357 498 r
383 451 411 499 <t
428 446 508 515 prior
523 446 620 516 frater,
638 450 746 520 quiq.·.c
758 452 808 506 Dei
822 452 927 508 dorium
942 455 971 513 ,t
986 464 1062 528 uota,
1083 464 1132 533 ryui
1149 467 1244 523 omnia
1265 470 1401 527 nimirum
1417 476 1451 529 ad

97 531 199 587 merito
213 546 230 587 a
244 533 366 589 Domino
387 539 430 588 est
445 542 570 607 vocatus,
598 539 755 606 perdurans
769 539 804 594 ab
830 541 926 596 eadem

96 626 174 676 serm
192 621 352 677 indictione
365 626 501 694 usquead
516 626 574 694 jnm
594 626 701 682 dictam
724 627 862 683 decimam
878 630 927 685 in-

95 708 252 764 dictionem
263 709 399 766 instantis
409 712 494 784 cycli,
508 713 535 769 id
547 719 590 768 est
601 716 736 784 usquead
749 716 924 772 sanctissimi

95 797 189 853 Patris
198 802 228 852 et
239 799 369 870 magistri
382 813 481 856 eorum
494 815 527 857 ac
538 803 629 858 nostri
649 805 794 860 Anastasii
805 806 926 877 presby-

94 887 159 956 teri,
177 887 228 957 qui
246 900 342 943 revera
357 889 548 962 miserrimus,
564 896 592 946 et
604 892 726 963 orphani
739 899 853 964 propter
868 899 924 950 tnm

94 976 254 1046 raritatem,
270 981 297 1031 et
309 976 435 1046 inopiam
446 979 524 1034 verbi
544 981 711 1036 veritatiset
723 983 817 1038 omnis
832 984 925 1053 spiri-

94 1064 184 1120 tualis
194 1078 276 1136 escae,
287 1066 327 1120 ita
338 1070 370 1120 ut
382 1080 458 1122 nunc
471 1068 557 1123 etiam
569 1070 756 1139 adimpletum
770 1072 893 1142 sitquod
908 1086 924 1128 a

92 1152 217 1209 Domino
229 1154 264 1208 dc
282 1154 367 1210 malis
386 1157 609 1213 novissimorum
630 1163 788 1228 temporum
803 1161 922 1233 dicitur,

96 1255 153 1297 non
181 1240 284 1297 famem
305 1242 388 1312 panis
413 1245 591 1318 mittendam,
618 1261 709 1317 neque
738 1248 816 1304 sitim
831 1264 922 1321 aquae,

95 1328 144 1384 sed
161 1328 263 1386 famem
280 1332 417 1388 audiendi
432 1332 547 1388 verbum
568 1336 694 1404 Itomiui,
712 1337 798 1393 sicuti
814 1338 923 1394 dictum

94 1422 147 1487 est,
164 1424 293 1474 sanctam
307 1419 337 1475 in
353 1421 475 1477 Domino
490 1423 707 1493 requietionem,
722 1439 828 1481 annum
843 1427 923 1482 vice-

94 1507 923 1579 simnmagitadhucperseveransinathleticissudoribus

93 1599 120 1649 et
131 1594 285 1666 agonibus,
299 1595 329 1650 in
344 1597 441 1651 eodem
456 1597 609 1654 chersonis
621 1600 736 1670 exsilio,
748 1602 806 1670 jam
821 1616 923 1659 memo

95 1687 174 1738 ratus
207 1682 341 1738 videlicet
369 1682 457 1741 frater
484 1686 648 1743 Theodorus
679 1690 729 1758 qui
754 1693 781 1744 et
805 1690 921 1760 propria

394 280 648 372 condemnanda.
670 350 704 358 -
724 319 1008 381 lll'POllNESTlCON
1025 327 1070 384 bn
1088 333 1214 391 Gestis.
1236 339 1262 391 S.
1286 341 1425 412 linxilll,
1450 347 1522 401 lil'c'.

1754 349 1808 415 686

986 545 991 556 Ι
1474 478 1627 536 utilitatem
1648 483 1805 558 dispensat,

985 560 1122 606 immensa
1139 554 1215 610 hunc
1229 563 1256 612 et
1272 558 1411 616 ineffabili
1423 565 1602 632 providentia
1611 580 1803 631 conservante.

981 635 1050 692 Cum
1067 638 1181 698 lecisset
1197 645 1225 699 iu
1238 647 1352 704 duobus
1369 652 1543 721 carceribus,
1561 655 1589 711 in
1605 659 1742 718 excubitu
1753 662 1807 718 sci·

982 725 1048 781 licet
1063 732 1091 782 et
1114 733 1245 789 custodia
1259 734 1395 807 praetecti,
1413 739 1442 794 in
1469 741 1656 801 tribulatione
1671 749 1760 806 multa
1777 753 1807 806 ct

981 813 1149 872 infirmitate
1159 821 1328 890 gravissima
1351 825 1413 880 dies
1428 835 1541 885 centum
1562 833 1709 905 octoginta
1721 854 1727 890 :
1738 849 1808 893 om-

981 915 1043 957 nem
1056 918 1121 960 vero
1137 906 1337 967 tribulationis
1349 927 1407 968 suae
1422 928 1539 987 agonem
1563 919 1593 975 iu
1611 922 1697 978 annis
1711 922 1805 982 tribus

979 994 1007 1043 et
1024 989 1109 1059 ultra,
1123 995 1222 1066 sicuti,
1239 1010 1272 1052 ex
1287 997 1332 1054 his
1348 1002 1459 1071 quade
1475 1003 1537 1073 ipso
1548 1008 1712 1078 conscripta
1725 1015 1803 1083 sunt,

979 1081 1007 1132 et
1019 1092 1033 1131 a
1045 1080 1180 1137 ftomanis
1194 1084 1349 1156 militibus,
1364 1092 1392 1143 et
1413 1091 1539 1160 propriis
1559 1093 1622 1162 ejus
1635 1095 1803 1156 nominibus

979 1165 1029 1234 qui
1046 1180 1109 1222 cunr
1126 1182 1159 1225 eo
1174 1171 1274 1228 multis
1289 1177 1439 1232 tormentis
1452 1177 1546 1235 affecti
1560 1183 1731 1250 perdiversa
1741 1184 1804 1242 loca

978 1252 1114 1309 exsilium
1133 1258 1285 1331 pertulere,
1302 1262 1377 1318 scire
1392 1265 1548 1333 potuimus.
1565 1269 1651 1325 Porro
1666 1271 1804 1330 dormivit

977 1345 1006 1395 et
1022 1341 1082 1411 ipse
1097 1344 1126 1398 in
1141 1347 1271 1421 Domino,
1292 1363 1356 1405 cum
1373 1365 1456 1407 unam
1472 1367 1583 1425 semper
1599 1363 1627 1413 et
1639 1359 1728 1415 solam
1740 1375 1804 1418 san-

977 1434 1050 1484 ctam
1061 1432 1230 1490 catholicam
1245 1442 1272 1491 et
1284 1439 1470 1507 apostolicam
1481 1442 1635 1514 gloriosam
1646 1446 1698 1502 Dei
1709 1450 1799 1505 nostri

976 1518 1130 1575 Ecclesiam
1156 1525 1362 1582 sacratissimis
1385 1532 1414 1583 et
1444 1531 1593 1588 veracibus
1618 1534 1802 1606 dogmatibus

976 1609 1112 1677 synodice
1136 1611 1319 1684 illustrasset,
1339 1620 1436 1672 ettam
1452 1626 1615 1676 sanctarum
1634 1635 1667 1678 ae
1684 1625 1803 1681 univer-

977 1695 1080 1751 salium
1095 1697 1204 1768 quique
1226 1702 1410 1774 synodorum,
1433 1706 1554 1762 Nicaenae
1568 1708 1711 1780 videlicet,
1724 1711 1803 1768 Con-

94 1784 180 1826 manu
197 1770 287 1827 multa
302 1777 464 1828 sanctorum
484 1765 772 1848 opusculadignatus
784 1784 828 1833 est
842 1778 922 1833 exbi-
936 1781 962 1841 Β
977 1785 1251 1855 stantinopoiitanm,
1263 1788 1412 1859 Ephesiae
1424 1794 1541 1865 prioris,
1551 1796 1801 1873 Chalcedonensis,

93 1858 158 1914 bere
173 1858 268 1930 nobis,
283 1860 333 1930 qui
348 1860 533 1933 pergebamus
549 1862 619 1919 illuc
636 1867 670 1920 ad
686 1866 879 1922 visitationem
892 1871 920 1922 et

94 1948 290 2004 adorationem
317 1949 389 2019 ejus,
418 1955 446 2006 et
472 1952 602 2020 pretiosae
629 1955 772 2010 memoriae
800 1955 917 2010 Martini

93 2039 198 2094 summi
214 2044 244 2094 et
255 2052 318 2094 vere
335 2039 508 2095 universalis
525 2054 601 2110 papae
622 2049 650 2097 et
664 2044 757 2114 magni
783 2044 918 2114 martyris

94 2126 233 2183 veritatis.
248 2127 336 2197 Cuy‘us
350 2132 378 2182 ct
394 2128 531 2184 miracula
552 2130 636 2186 nobis
650 2132 766 2200 copiosa
782 2147 844 2202 quae
860 2132 920 2188 ibi-

94 2215 155 2271 dem
172 2213 247 2270 facta
260 2220 338 2286 sunt,
351 2230 415 2272 cum
427 2216 517 2272 illatis
530 2232 643 2289 quoque
657 2219 718 2274 illis
730 2219 921 2290 importabili-

95 2304 158 2373 bus,
176 2303 288 2375 retulit,
300 2304 404 2360 donata
418 2305 504 2361 etiam
518 2307 660 2375 particula
673 2309 764 2364 sancti
776 2310 876 2380 orarii,
890 2309 918 2365 id

95 2397 137 2448 est
151 2390 277 2461 facialis,
292 2406 354 2462 quae
370 2393 426 2448 sibi
447 2391 540 2449 fuerat
554 2394 590 2449 ab
615 2409 648 2451 co
662 2396 802 2452 dimissa:
819 2402 846 2452 et
863 2410 920 2453 uno

95 2494 128 2536 ex
142 2481 288 2552 campagis
300 2482 373 2550 ejus,
393 2481 421 2535 id
443 2487 487 2537 est
501 2482 618 2555 caligis:
638 2499 709 2554 iquos
733 2485 831 2560 nullus
843 2485 920 2541 alius

97 2569 171 2625 inter
184 2570 315 2626 homiues
336 2575 438 2641 portat,
460 2571 517 2627 uisi
538 2577 655 2628 sanctus
670 2587 740 2643 papa
755 2575 916 2630 Romanus:

95 2673 126 2715 eo
134 2660 247 2731 quodet
256 2659 316 2729 ipse
324 2658 386 2714 illic
395 2657 483 2715 fuerit
493 2660 596 2716 exsilio
606 2662 758 2732 relegatus,
770 2668 918 2733 postquam

96 2748 191 2802 omnia
214 2747 279 2802 dira
307 2761 407 2817 passus
424 2752 476 2815 est,
504 2763 568 2803 cum
594 2749 784 2806 abduceretur
798 2751 834 2806 ab
849 2751 919 2808 urbe

96 2835 192 2905 horna,
206 2835 256 2906 qui
277 2836 403 2905 seipsum
419 2836 586 2905 tradiderat,
603 2839 726 2909 gestiens
738 2843 823 2909 atque
838 2840 920 2895 desi-

95 2923 199 2980 derans
212 2924 365 2980 admodum
382 2939 433 2995 pro
447 2925 561 2981 Christo
578 2926 676 2981 subire
692 2928 870 2997 martyrium,
887 2932 919 2984 ut

96 2999 224 3068 imitator
233 3018 261 3068 et
271 3027 418 3069 successor
427 3014 518 3068 sancti
533 3021 560 3069 et
572 3015 766 3084 apostolorum
778 3016 919 3086 principis

975 1876 1004 1926 et
1017 1887 1118 1928 rursus
1131 1873 1453 1946 Constantinopolitanae
1466 1881 1520 1936 sub
1533 1882 1696 1940 iustiniano
1711 1886 1801 1956 impe·

975 1965 1078 2030 ratore,
1095 1975 1180 2030 quam
1200 1964 1329 2020 omnium
1345 1973 1509 2024 sanctorum
1524 1970 1669 2027 divinitus
1682 1973 1802 2041 sapien-

975 2053 1046 2119 tum,
1056 2053 1084 2103 et
1094 2048 1287 2118 probabilium
1299 2054 1413 2109 Patrum
1427 2060 1603 2126 nostrorum,
1615 2059 1801 2117 aeveracium

976 2137 1178 2208 magistrorum
1193 2152 1272 2193 sacra
1288 2145 1316 2195 et
1337 2141 1468 2210 piissima
1483 2144 1615 2216 dogmata
1628 2145 1809 2219 roborasset'

976 2225 1212 2293 quemadmodum
1229 2227 1268 2298 hi,
1288 2229 1337 2298 qui
1362 2242 1458 2285 amore
1473 2231 1521 2300 pic
1535 2231 1626 2303 legere
1645 2233 1799 2305 voluerint,

976 2311 1005 2366 in
1024 2313 1115 2368 sacris
1130 2314 1218 2384 gestis
1242 2322 1345 2372 sanctae
1370 2330 1402 2372 ac
1426 2319 1590 2388 apostolicae
1605 2320 1802 2393 piissimeque

975 2400 1156 2469 synodique
1177 2400 1213 2456 ab
1237 2415 1269 2457 eo
1291 2403 1385 2459 Romae
1410 2405 1550 2463 celebrata
1565 2411 1618 2477 est,
1643 2407 1799 2480 invenient,

975 2500 1038 2542 cum
1063 2488 1092 2542 in
1108 2501 1218 2544 omnem
1236 2490 1328 2546 locum
1353 2497 1382 2546 et
1407 2507 1517 2549 omnem
1544 2494 1687 2565 regionem
1703 2480 1802 2553 trans‘-

976 2575 1062 2630 missa
1091 2576 1168 2631 sint:
1195 2582 1222 2632 et
1245 2580 1334 2634 ardue
1356 2581 1505 2636 veritatem
1533 2581 1744 2639 manifestasset
1767 2595 1801 2640 ac

975 2664 1166 2735 predicasset,
1189 2670 1217 2719 ct
1244 2667 1353 2737 flagitia
1379 2667 1504 2724 hostium
1528 2668 1688 2741 relevasset,
1714 2675 1802 2743 atque

974 2751 1120 2822 liquidius
1133 2753 1310 2823 publicasset
1328 2755 1403 2811 bono
1418 2756 1597 2827 multumque
1611 2757 1668 2813 sibi
1681 2757 1800 2815 amabili

974 2853 1062 2910 agone
1074 2842 1238 2912 agonizans,
1255 2849 1284 2897 et
1297 2843 1331 2898 ad
1354 2843 1547 2899 desideratum
1567 2845 1730 2917 Dominum,
1749 2858 1801 2916 pro

975 2941 1031 2997 quo
1046 2932 1073 2981 et
1087 2929 1234 2997 proprium
1256 2929 1435 2999 sanguinem,
1449 2936 1588 3001 quantum
1604 2933 1633 2988 in
1657 2933 1719 3002 ipso
1732 2931 1800 3007 fuit,

974 3014 1085 3085 effudit,
1103 3016 1132 3070 in
1149 3016 1250 3071 letitia
1264 3018 1380 3086 copiosa
1396 3017 1539 3087 profectus
1555 3033 1650 3075 meuse
1668 3021 1800 3090 Septem-

95 3102 179 3170 Petri,
196 3108 253 3156 tam
270 3102 299 3156 in
315 3102 440 3174 navigio,
454 3116 539 3173 quam
556 3103 585 3158 in
600 3103 662 3173 ipso
675 3105 819 3174 Byzantio,
837 3105 875 3159 ita
888 3111 920 3160 ut
934 3096 958 3157 C
974 3101 1044 3172 bris,
1071 3103 1118 3158 dic
1133 3110 1211 3157 sexta
1233 3103 1352 3172 decima,
1380 3104 1538 3161 indictione
1554 3111 1656 3177 quarta
1677 3107 1799 3180 decima,

95 3190 184 3258 palam
198 3190 293 3260 alapis
307 3190 464 3246 caederetur
483 3191 518 3246 ab
534 3191 665 3246 inimicis
679 3193 739 3247 liei.

125 3279 252 3350 Dignum
267 3284 362 3335 autem
391 3285 469 3348 patre
494 3293 546 3335 suo
572 3279 688 3336 diabolo
726 3285 919 3350 perpetrantes

97 3381 167 3437 opus
183 3367 214 3422 in
230 3380 306 3439 eum,
323 3373 380 3423 tam
402 3374 478 3423 veste
494 3367 576 3423 illum
600 3382 651 3424 sua
666 3377 816 3440 exuerunt,
833 3383 917 3439 (quam

97 3454 237 3513 fervorum
252 3456 417 3527 gravamina
432 3456 613 3512 vinculorum
628 3463 656 3512 ct
671 3463 834 3514 catenarum
848 3472 919 3514 san-

96 3551 137 3600 cto
151 3546 217 3614 ejus
231 3544 305 3600 collo
329 3550 357 3600 et
372 3544 507 3614 pretiosis
522 3545 644 3614 reliquis
667 3544 802 3601 membris
832 3547 920 3617 impo-

96 3639 222 3689 suerunt.
252 3632 361 3688 Deinde
383 3646 448 3688 cum
477 3632 584 3688 eisdem
605 3631 706 3688 ferreis
733 3634 919 3703 compedibus

96 3726 258 3792 pompantes
278 3736 327 3791 per
350 3725 436 3776 totam
458 3721 578 3790 plateam
594 3726 742 3778 traxerunt
768 3736 783 3777 a
812 3723 918 3792 palatio

97 3810 228 3880 usquead
241 3811 406 3879 praetorium
422 3807 557 3879 pavefecti,
571 3823 635 3864 cum
647 3810 754 3881 vigiliae
770 3813 917 3884 magistro,

97 3897 180 3954 idest
196 3898 291 3968 primo
303 3898 481 3969 caruitlcum,
498 3898 676 3970 colligatum,
693 3905 722 3955 et
740 3914 805 3956 cum
822 3901 918 3972 gladio

97 3986 269 4054 precedebat
281 3999 345 4042 eum
361 3986 489 4057 quidam,
506 3990 538 4042 ut
553 3987 730 4043 membratim
744 3989 917 4061 concideret,

96 4074 269 4130 deliberante
293 4087 325 4131 ac
351 4074 534 4144 praecipiente
561 4075 730 4131 Bucoleonte
754 4076 918 4132 detestabili

975 3204 1028 3259 qua
1040 3196 1067 3244 et
1078 3191 1269 3245 custodientis
1281 3191 1425 3262 pietatem,
1440 3193 1612 3262 copioseque
1625 3194 1799 3266 certatricis,

974 3282 1002 3332 et
1016 3283 1100 3332 caste
1113 3277 1238 3347 virginis
1257 3291 1290 3332 ac
1306 3279 1442 3348 martyris
1454 3279 1618 3347 Euphemiae
1633 3280 1799 3338 honoranda

975 3366 1109 3421 memoria
1127 3379 1175 3435 per
1187 3379 1278 3421 annos
1298 3365 1429 3436 singulos
1448 3366 1618 3438 celebratur,
1633 3368 1800 3424 reconditus

974 3453 1048 3508 inter
1059 3453 1186 3509 tumulos
1196 3460 1359 3510 sanctorum
1370 3455 1398 3509 in
1411 3454 1496 3510 domo
1504 3454 1672 3523 percolenda
1681 3455 1799 3512 sanctis

973 3543 1052 3598 simae
1068 3545 1244 3598 intemeratae
1257 3557 1290 3598 ac
1305 3556 1416 3613 semper
1441 3542 1591 3599 laudanda
1606 3543 1801 3614 gratiosaeve-

973 3645 1059 3701 reque
1073 3645 1182 3700 semper
1196 3632 1328 3704 gloriosae
1344 3632 1467 3687 dominae
1483 3637 1598 3702 nostrae,
1615 3638 1712 3701 utpote
1735 3646 1799 3703 quae

974 3720 1089 3790 proprie
1116 3726 1217 3775 natura
1232 3725 1260 3775 et
1274 3719 1382 3790 absque
1402 3720 1549 3775 mendacio
1561 3732 1594 3775 ac
1606 3720 1743 3775 veraciter
1756 3726 1800 3777 est

973 3809 1022 3862 Dei
1039 3808 1175 3879 genitrix,
1189 3813 1217 3863 et
1231 3822 1342 3877 semper
1354 3808 1434 3880 virgo
1447 3807 1546 3878 blaria,
1561 3822 1623 3878 quae
1638 3807 1800 3877 appellatur
1892 3839 1895 3846 ·

974 3897 1152 3965 Blachernes,
1166 3901 1246 3953 extra
1261 3911 1359 3953 muros
1372 3910 1388 3952 a
1403 3897 1498 3953 stadio
1511 3908 1568 3952 uno
1581 3895 1675 3965 ipsius
1694 3896 1730 3952 de
1741 3909 1800 3952 cac-

974 3990 1034 4039 tero
1045 3985 1199 4040 benedictae
1210 3984 1462 4041 urbisChersonis
1480 3986 1510 4039 ln
1527 3997 1583 4055 qua
1595 3989 1692 4039 sancta
1712 3984 1797 4041 domo

972 4074 1058 4129 etiam
1072 4075 1129 4143 jam
1142 4080 1314 4129 memoratus
1329 4072 1619 4142 sanctusEuprepius
1630 4071 1797 4143 requiescit,

95 4162 253 4233 sacellario,
274 4168 303 4218 et
324 4164 411 4236 digne
431 4164 599 4235 sauguinem
634 4164 797 4221 devorantis
820 4165 918 4222 bestiae
970 4162 1051 4231 juxta
1075 4162 1204 4217 eumdem
1220 4167 1401 4230 perornatum
1416 4173 1527 4215 acuere
1542 4160 1721 4231 magistrum,
1746 4158 1797 4232 qui

94 4252 301 4324 cognominato,
316 4256 451 4323 tanquam
467 4253 559 4322 quiet
579 4266 664 4322 opera
685 4254 800 4309 bestiali
818 4253 915 4310 furore
972 4249 1170 4321 Evangelicam
1185 4263 1280 4305 vocem
1298 4261 1382 4318 opere
1397 4246 1574 4317 adimplevit,
1599 4246 1795 4347 quadicitnrc

97 4339 195 4396 referta
211 4341 380 4411 possideret,
407 4341 528 4397 scientia
553 4347 582 4396 et
596 4342 718 4398 consilio
738 4343 918 4399 Constantini
972 4338 1070 4392 Pastor
1093 4338 1177 4391 bonus
1203 4340 1324 4392 chimino
1349 4351 1427 4390 soom
1452 4337 1530 4404 pontt
1549 4350 1602 4404 pro
1623 4334 1717 4389 ovatus
1739 4348 1797 4388 suas

97 4427 287 4501 imperatoris,
304 4430 354 4501 qui
373 4433 402 4485 et
423 4431 590 4500 pradictum
613 4430 765 4486 obscenum
781 4436 809 4486 et
824 4432 957 4501 pessi-1]
973 4425 1069 4495 (loon,
1083 4439 1123 4488 tl,
1139 4423 1201 4497 li).
1614 4509 1621 4520 .

96 4531 168 4574 mum
182 4519 291 4589 Typum
301 4518 443 4589 condidit,
459 4518 596 4589 Gregorio
618 4520 750 4576 eunucho
764 4524 793 4575 et
814 4518 918 4590 praefe-
1007 4517 1104 4585 Porro,
1119 4522 1240 4583 sanctus
1258 4520 1287 4569 et
1301 4511 1496 4569 memorabilis
1510 4524 1543 4566 ac
1562 4514 1689 4580 optimus
1703 4513 1733 4564 et
1747 4521 1797 4581 pet·

95 4609 137 4661 cto
152 4605 265 4661 miserae
280 4605 362 4661 illius
377 4604 468 4661 urbis.
485 4605 564 4674 Quod
581 4606 748 4676 utiquejam
768 4611 796 4663 et
811 4606 917 4664 factum
972 4602 1068 4657 omnia
1084 4601 1207 4671 sapiens,
1230 4601 1287 4657 imo
1312 4600 1456 4656 divinitus
1471 4599 1595 4669 sapiens,
1619 4609 1796 4698 magnusque

95 4691 196 4749 fuisset
211 4699 349 4764 quantum
362 4694 397 4750 ad
420 4694 598 4749 temerariam
621 4695 683 4764 ejus
697 4695 874 4751 alacritatem
889 4701 918 4753 et
972 4690 1100 4745 veritatis
1111 4695 1340 4760 propugnatoret
1352 4692 1523 4757 commartyr
1534 4700 1633 4742 eorum
1644 4687 1793 4787 llegrstus,

95 4783 270 4851 propositum
285 4783 449 4853 pertineret,
462 4782 518 4837 nisi
530 4782 793 4839 misericordissimi
804 4784 920 4842 etbeni·
971 4780 1064 4851 quiet
1086 4779 1237 4849 flavimus,
1248 4776 1318 4849 (hoe
1331 4779 1417 4848 enim,
1435 4784 1467 4834 ut
1492 4783 1574 4834 actm
1592 4776 1795 4848 indicavimus,
1871 4848 1873 4853 Ι

95 4871 228 4941 guissimi
240 4870 290 4926 Dei
304 4871 471 4941 presidium
488 4870 540 4927 hos
554 4871 739 4943 inhibuisset,
752 4877 780 4928 et
799 4886 854 4928 non
866 4874 917 4930 bu·
971 4869 1098 4925 dictione
1118 4868 1218 4924 Latina
1232 4866 1349 4922 llaaimi
1366 4880 1468 4922 nomen
1495 4867 1636 4935 insinuat,
1648 4864 1656 4937 )
1666 4865 1751 4936 culus
1765 4868 1796 4922 et

92 4959 137 5026 jus
153 4958 385 5015 robustissimam
404 4957 603 5016 fortitudinem
614 4960 709 5017 hostes
721 4961 914 5019 erubuissent.
972 4963 1101 5014 sanctum
1117 4959 1332 5014 monumentum
1348 4968 1398 5025 per
1421 4954 1551 5026 singulas
1572 4959 1668 5010 noctes
1682 4953 1795 5024 lampa-

95 5049 237 5105 Noverunt
251 5048 327 5102 enim
343 5048 396 5103 hoc
425 5048 483 5117 pati
509 5046 672 5118 frequenter
696 5050 781 5105 etiam
803 5052 916 5121 tyranni
971 5047 1022 5103 des
1034 5046 1150 5101 exhibet
1169 5045 1247 5100 adie
1270 5058 1326 5117 qua
1341 5045 1482 5101 dormisse
1496 5043 1690 5116 dignoscitur,
1703 5052 1795 5112 usque

95 5116 225 5193 truceset
238 5134 400 5205 inhumani,
413 5136 480 5192 licet
500 5136 587 5192 nimis
602 5136 843 5195 immisericordes
858 5140 918 5194 sint
973 5137 1002 5191 in
1019 5149 1142 5206 presens
1166 5134 1196 5189 in
1221 5139 1387 5204 perpetuum
1411 5131 1547 5190 omnibus
1570 5133 1749 5201 illucescens,
1764 5136 1794 5185 et

95 5230 119 5279 et
131 5224 273 5294 crudeles,
298 5227 455 5282 secundum
479 5239 544 5280 eum
566 5227 616 5296 qui
639 5233 774 5296 operatur
801 5229 829 5283 in
856 5228 918 5285 illis
972 5223 1145 5295 patefaciens
1167 5224 1369 5279 confidentiam
1384 5236 1464 5279 suam
1481 5235 1566 5294 quam
1593 5221 1703 5277 obtinet
1715 5216 1792 5288 apud

95 5311 189 5369 Salam
207 5313 344 5383 martyrio
359 5314 422 5383 ey‘us
446 5312 566 5369 forsitan
584 5314 744 5370 invidentes
760 5317 915 5373 secundum
970 5315 1070 5383 Deum,
1085 5313 1172 5369 sicuti
1187 5311 1339 5382 praeposita
1350 5311 1530 5401 commendat
1544 5309 1664 5380 epistola
1675 5325 1681 5362 :
1694 5309 1724 5363 et
1738 5317 1791 5360 noa

97 5401 215 5458 similem
227 5401 284 5456 sibi
299 5407 467 5471 apostatam,
488 5407 516 5457 et
531 5402 673 5458 idolorum
695 5405 816 5459 vesaniae
831 5405 918 5462 dedi-
972 5401 1027 5471 ipsi
1044 5415 1093 5471 per
1105 5401 1395 5457 nosmetauditoresa
1408 5400 1507 5456 multis
1524 5398 1606 5454 illius
1619 5394 1675 5452 loci
1686 5390 1788 5464 princi

98 5492 153 5545 tum
166 5489 314 5545 lulianum
335 5488 418 5544 illum
440 5488 580 5545 famosum
595 5494 624 5545 et
638 5503 702 5545 vere
716 5490 872 5560 sapientem
886 5494 917 5550 in
972 5489 1059 5560 pibus
1073 5493 1101 5546 ct
1116 5488 1339 5559 habitatoribus,
1354 5488 1403 5558 qui
1425 5500 1490 5544 curn
1500 5483 1672 5555 juramentis
1687 5479 1791 5578 lamna

99 5576 187 5633 nelis.
202 5576 260 5634 hut
271 5581 348 5632 certe
367 5577 424 5633 Deo
450 5576 562 5633 meliori
588 5576 710 5647 quadam
735 5582 764 5636 et
788 5579 845 5635 sibi
862 5581 916 5637 soli
973 5578 1049 5635 modi
1063 5576 1196 5632 mirabile
1208 5590 1272 5633 vere
1284 5573 1454 5631 miraculum
1467 5569 1642 5628 fiducialiter
1659 5565 1797 5637 predica,
