3876 6090
134 277 190 337 683
747 261 929 323 hNhsThsn
947 259 1216 314 brutiorltadnhn

135 402 182 458 nis
196 390 288 471 ll'uxu,
300 398 428 454 cauterio
442 395 607 452 nullomodo
623 392 685 448 illis
700 391 824 459 indulto,
840 387 884 444 vel
899 385 996 442 con-,i
1018 383 1183 449 hianorum,
1195 382 1278 452 quasi
1295 381 1388 451 signis
1404 379 1533 448 quinque
1547 391 1562 431 a
1577 373 1686 445 praedio
1698 371 1740 428 Zia

134 488 286 559 stipatorio
303 486 402 556 aliquo
421 482 635 541 abscisionibus
654 493 788 536 manuum
805 482 891 548 atque
912 474 965 528 lin·
1020 472 1074 539 rio,
1092 472 1178 527 idest
1194 471 1285 540 prima
1305 470 1389 524 dumo
1413 466 1543 537 Gregorii
1558 464 1616 519 veri
1636 460 1723 516 amici

133 589 253 651 guarum
263 575 298 631 ad
309 572 495 630 cessationem
507 569 750 641 sanguinisjuxta
761 578 866 622 morem
877 573 964 632 arrpo·
1020 560 1137 629 patricii
1159 567 1186 614 et
1200 559 1385 629 Magistratus
1399 556 1524 625 ejusdem
1538 551 1664 623 regionis
1680 548 1740 605 hlar

133 665 200 736 sito,
208 659 502 719 boscouservassetad
511 652 961 715 verecundiamadversariorum,
1017 649 1106 718 Cuius
1119 654 1145 702 et
1168 648 1305 717 optimam
1322 643 1487 700 memoriam
1504 641 1605 696 merito
1620 638 1691 694 facit
1706 638 1737 693 in

132 753 321 810 tradidissent
339 763 373 806 ex
387 753 457 804 tunc
470 746 633 803 desiderato
652 758 668 800 a
682 758 712 800 se
725 746 781 799 Deo
798 754 865 798 suas
881 741 963 811 ipso-
1019 736 1094 792 modi
1109 736 1241 806 epistola,
1258 733 1389 790 translati
1414 730 1547 787 videlieet
1570 729 1595 784 vi
1610 734 1637 784 et
1659 739 1740 796 raram

133 854 197 900 rum
215 844 328 896 sanetas
342 849 438 892 revera
452 837 481 890 et
500 834 596 890 beatas
611 831 709 902 procul
731 831 821 887 dubio
836 828 960 884 animas.
1020 826 1189 881 miserorum
1211 824 1375 894 principum
1396 821 1445 892 qui
1462 820 1526 875 illic
1541 824 1606 874 ante
1619 831 1647 873 se
1666 830 1740 886 usqu

132 931 196 987 llaec
217 931 312 983 autem
335 924 430 980 omnia
449 923 485 979 ob
506 922 582 977 nihil
596 920 676 976 aliud
693 919 723 974 in
743 931 792 974 ees
812 919 961 989 gesserunt
1017 912 1202 983 praefuerunt,
1224 913 1255 967 in
1269 912 1365 967 eodem
1386 907 1588 965 tertioexsilio
1603 904 1740 975 septies,l

130 1031 197 1074 vere
214 1002 411 1086 profanissimi
434 1018 461 1068 et
484 1009 641 1066 miserrimi
660 1012 796 1078 apostatae
817 1004 959 1073 veritatis,
1015 1003 1170 1059 cilioribus
1182 996 1601 1059 locisettribulationemulta,
1615 995 1644 1050 in
1659 992 1736 1063 praed

131 1105 190 1162 nisi
207 1107 322 1175 propter
339 1100 490 1171 pessimam
512 1096 651 1154 veraciter
669 1101 698 1152 et
716 1095 804 1152 solam
821 1093 960 1150 iuvidiam
1016 1099 1074 1148 stro
1087 1093 1246 1158 Thusumes
1259 1089 1397 1147 dormivit
1413 1088 1442 1142 in
1454 1087 1587 1154 Domino,
1598 1097 1664 1140 cum
1677 1087 1706 1140 et
1717 1082 1740 1154 iq

131 1206 217 1265 quam
248 1191 386 1262 antiquus
418 1188 512 1244 hostis
535 1187 645 1242 daemon
674 1185 703 1241 in
728 1185 771 1241 eis
797 1181 959 1250 seminavit,
1015 1181 1122 1237 tamine
1147 1180 1222 1236 bono
1255 1181 1401 1246 certasset,
1425 1175 1612 1230 orthodoxam
1640 1184 1739 1227 revera

131 1278 369 1351 quemadmodum
394 1280 421 1332 et
446 1275 477 1331 iu
500 1273 647 1331 similibus
672 1272 736 1330 suis
755 1271 872 1342 Judaeis,
894 1284 958 1326 oum
1015 1273 1164 1340 servasset,
1181 1275 1209 1323 et
1227 1281 1341 1323 cursum
1358 1264 1487 1335 martyrii
1506 1263 1740 1327 consummasset,

131 1380 187 1423 non
215 1365 376 1436 potuissent
401 1362 501 1420 saltem
518 1364 552 1420 ad
573 1361 717 1419 modicum
735 1360 806 1431 quid
827 1357 960 1414 resistere
1015 1359 1056 1415 sis
1068 1355 1455 1423 octembriidieuudecima,
1471 1351 1541 1407 teria
1553 1351 1656 1420 prima,
1670 1350 1740 1406 hora

130 1454 290 1524 sapientiae,
302 1452 438 1524 quasillis
451 1449 656 1508 menitoiuerat
670 1463 685 1505 a
697 1451 755 1505 beo
768 1449 883 1516 donata,
897 1444 959 1517 (pro
1014 1461 1077 1503 eum
1096 1447 1242 1502 diceretur
1266 1445 1341 1499 inter·
1361 1448 1458 1498 sancta
1481 1439 1583 1506 officia,
1609 1439 1711 1493 Sunctu
1731 1454 1740 1493 a

130 1556 196 1599 vera
212 1542 323 1598 scilicet
341 1541 470 1610 veritate,
487 1540 617 1595 etsolum
633 1552 683 1608 pro
701 1551 734 1594 ee
750 1536 825 1608 quod
843 1536 959 1592 noluis-
1015 1536 1174 1591 indictione
1199 1534 1320 1600 decima,
1345 1547 1409 1588 cum
1435 1529 1614 1600 praedixisset
1635 1532 1663 1582 et
1687 1526 1740 1597 ips

130 1633 195 1688 sent
206 1629 249 1685 illi
261 1629 473 1686 communicare
484 1641 548 1684 cnm
562 1627 608 1683 his
621 1628 651 1683 in
663 1634 719 1682 tam
732 1626 847 1696 publica
857 1630 884 1681 et
896 1624 958 1679 siue
1014 1629 1119 1680 sancta
1135 1622 1327 1693 depositionis
1338 1636 1396 1678 suar
1412 1619 1583 1691 quibusdam
1597 1616 1647 1687 (rui
1658 1615 1740 1673 sibit

129 1720 186 1774 Deo
209 1716 356 1786 impietate
379 1715 515 1786 ipsorum)
542 1728 608 1771 curn
632 1715 695 1784 ipsa
722 1718 820 1769 sancta
841 1713 956 1769 dextera
972 1677 1077 1769 Bante
1092 1718 1282 1769 mensestres.

130 1819 216 1861 manu
232 1817 295 1871 sua,
320 1817 382 1874 quar
401 1802 529 1859 abscissa
554 1800 657 1873 iuerat,
679 1803 821 1872 cuiusque
835 1805 957 1856 truncus
1046 1803 1081 1857 Et
1094 1801 1163 1857 aliis
1178 1814 1291 1870 quoque
1308 1798 1441 1870 pluribus
1458 1795 1607 1852 miraculis
1624 1794 1740 1852 sanctis

130 1897 241 1949 tautum
255 1896 438 1960 remanserat,
454 1891 482 1952 id
502 1892 621 1947 estsine
637 1891 733 1961 planta
751 1895 778 1945 et
789 1888 892 1961 digitis
908 1889 958 1944 in-
1011 1890 1105 1946 omnis
1123 1889 1273 1945 obicientis
1286 1888 1414 1957 Spiritus
1435 1885 1643 1955 cooperatione,
1662 1884 1740 1939 tami

129 1980 246 2049 opinato
261 1984 439 2050 argumento,
456 1993 520 2035 cum
534 1979 669 2035 videlicet
681 1980 739 2036 duo
758 1978 875 2034 sibimet
887 1991 958 2047 par-
1012 1991 1095 2049 quam
1113 1978 1142 2033 in
1159 1977 1273 2033 duobus
1288 1976 1402 2032 exsiliis
1416 1975 1488 2041 suis,
1506 1972 1674 2043 trapezunti
1697 1971 1740 2029 vid

128 2067 246 2124 vissima
261 2065 340 2138 ligna
352 2071 379 2121 et
398 2067 496 2123 tenuia
513 2066 703 2139 colligaverit,
727 2066 796 2136 imo,
813 2069 846 2121 ut
858 2066 956 2121 verius
1010 2072 1039 2121 et
1069 2066 1243 2122 blesembrire
1275 2065 1405 2135 patratis,
1421 2064 1615 2134 plurimisque
1637 2075 1740 2117 conver

126 2155 406 2225 dieatnr,virtuteet
416 2155 508 2227 gratia
518 2156 616 2212 divina
632 2162 659 2213 et
671 2155 814 2212 invisibili
825 2155 956 2226 expedite
1010 2155 1155 2210 veritatem
1165 2159 1193 2210 et
1207 2154 1390 2209 illuminatis.
1401 2153 1455 2221 Qui
1469 2166 1533 2207 cum
1544 2151 1704 2207 conversati
1719 2148 1740 2206 ft

128 2244 244 2315 penitus
264 2246 293 2299 et
307 2243 370 2299 sine
383 2243 579 2313 prohibitione
595 2244 776 2315 loquebatur,
791 2256 954 2314 quanquam
1010 2251 1037 2298 et
1053 2244 1254 2313 perdurassent
1273 2243 1302 2297 in
1320 2242 1372 2297 boc
1385 2246 1483 2297 sancto
1495 2247 1523 2295 et
1538 2240 1707 2296 beatissimo
1721 2252 1740 2295 e

127 2332 253 2389 abintus
265 2344 299 2387 ex
316 2332 378 2401 ipso
392 2330 480 2387 luerit
497 2330 587 2389 fundo
603 2332 734 2402 rescissa,
755 2332 832 2387 sicut
847 2331 953 2387 lebar-
1010 2337 1104 2387 torum
1127 2332 1264 2388 sudorum
1285 2330 1451 2401 certamine,
1473 2330 1499 2384 id
1520 2334 1563 2384 est
1578 2341 1712 2385 coronam
1735 2331 1740 2383 t

127 2420 224 2475 nicius
240 2418 380 2488 patricius
390 2419 495 2475 Lazicae
510 2434 575 2475 eum
588 2419 761 2490 juramentis
772 2419 954 2476 terribilibus
1009 2419 1188 2476 confessione
1199 2420 1416 2482 actestimonio,
1432 2418 1586 2488 rrraerlictus
1599 2417 1740 2488 quidems

126 2507 272 2563 enarravit
288 2506 381 2576 nobis,
399 2507 615 2576 dispensatione
635 2508 685 2563 Dei
712 2509 741 2564 in
755 2507 808 2564 hoc
822 2506 885 2577 ipso
905 2522 954 2577 per
1007 2509 1177 2564 Anastasius
1198 2509 1343 2578 presbyter
1362 2513 1390 2562 et
1414 2506 1623 2577 apocrisiarius
1649 2507 1737 2561 Roma

126 2593 504 2663 semotiuspectorelioctus,
519 2594 651 2652 diffidens
663 2602 750 2665 su'per
762 2595 951 2668 hocglorioso
1007 2602 1086 2651 sexta
1112 2598 1271 2652 indictione
1293 2596 1430 2667 praeteriti
1455 2595 1527 2666 cycli
1545 2595 1684 2665 usquead
1700 2593 1740 2650 de

125 2687 154 2739 et
167 2681 274 2753 ingenti
290 2682 437 2738 miraculo.
460 2682 574 2750 Quinet
588 2684 755 2741 Theodorus
771 2688 953 2754 protosecre-
1007 2684 1204 2754 indictionem,
1227 2686 1256 2740 in
1282 2685 1416 2741 omnibus
1437 2685 1583 2754 praedietis
1606 2682 1702 2739 tribus
1725 2696 1740 2738 e

126 2771 219 2827 tarius
247 2769 375 2840 praetorii
398 2768 522 2840 protecti
548 2772 859 2843 constantinopolitani
886 2781 951 2829 ante
1006 2774 1078 2844 suis,
1100 2774 1333 2830 traductionibus
1347 2774 1471 2829 diversis
1490 2770 1617 2842 allectus,
1635 2771 1740 2827 tribula

126 2858 203 2916 hunc
216 2857 361 2914 enarravit
375 2859 457 2929 mibi,
474 2864 503 2915 et
518 2859 579 2929 ipse
593 2874 655 2916 cum
673 2860 953 2932 horribilibusJura-
1006 2863 1117 2933 busque
1131 2877 1164 2918 ac
1180 2863 1410 2931 necessitatibus,
1421 2867 1449 2916 et
1463 2861 1608 2933 angustiis
1622 2874 1677 2916 non
1691 2872 1740 2916 met

125 2947 239 3015 mentis,
253 2959 318 3003 eum
333 2947 468 3003 conscius
478 2947 581 3004 luisset
595 2954 758 3006 sanctarum
784 2951 949 3020 passionum
1006 2949 1060 3006 bus
1076 2964 1125 3006 nec
1137 2950 1267 3020 modicis,
1280 2949 1435 3020 permansit
1447 2949 1531 3003 annis
1549 2948 1663 3018 viginti.
1680 2947 1740 3003 Disr

125 3032 264 3105 ipsorum,
277 3039 412 3104 tanquam
423 3035 597 3093 dominuset
608 3039 949 3110 magisterbujuscemodi
964 3032 989 3096 C
1005 3053 1070 3096 vero
1084 3040 1147 3108 ejus
1165 3037 1312 3094 Theodoro
1328 3044 1355 3093 et
1367 3038 1514 3108 Euprepio
1530 3036 1676 3109 germanis
1686 3042 1740 3093 ets

125 3135 230 3192 rerum,
260 3120 388 3192 glorians
409 3128 437 3178 et
460 3122 581 3181 laudans
605 3138 637 3180 ac
659 3127 765 3197 gratias
788 3140 874 3199 agens
892 3129 950 3184 Deo
1005 3127 1154 3197 iratribus,
1169 3126 1240 3183 liliis
1255 3127 1362 3182 l‘lutini
1379 3125 1538 3182 beatissimi
1556 3124 1736 3195 imperatorii

123 3223 210 3281 super
224 3210 275 3266 tali
288 3210 427 3266 miraculo
440 3217 535 3268 ettam
551 3213 679 3269 ilduciali
690 3215 797 3271 virtute
808 3215 946 3285 ipsorum.
1005 3217 1056 3287 ris,
1067 3215 1525 3286 idestquisuperomuespistores
1535 3214 1740 3285 publicosest,v

122 3297 275 3370 Quoniam,
296 3297 373 3354 sieut
397 3300 478 3356 canis
492 3301 535 3356 vel
550 3315 650 3358 cervus
663 3316 786 3359 excursu
813 3304 903 3361 multo
921 3309 949 3359 et
1003 3304 1137 3361 videlicet
1158 3303 1207 3374 qui
1225 3317 1353 3359 annonas
1379 3303 1542 3359 scholarum
1558 3304 1687 3359 omnium
1708 3316 1740 3360 so

123 3386 173 3442 siti
193 3386 236 3442 vel
253 3391 393 3460 caumate,
415 3387 454 3444 ila
469 3388 637 3446 laxaverunt
650 3396 679 3446 et
694 3392 877 3450 tradiderunt
895 3391 949 3448 lin·
1005 3392 1079 3463 quod
1105 3391 1266 3462 appellatur
1294 3393 1484 3463 Tetransiton,
1509 3392 1625 3449 divitiis
1646 3391 1740 3462 pretio

122 3487 194 3546 guas
209 3488 277 3531 suas
293 3478 325 3531 ut
343 3475 428 3531 etiam
449 3489 560 3547 manus,
582 3490 745 3548 quanquam
773 3479 849 3535 brevi
868 3478 948 3534 valde
1002 3480 1195 3551 dignitatibus
1226 3481 1358 3550 diversis,
1403 3482 1568 3552 divinisque
1600 3480 1740 3537 virtutibu

121 3564 231 3617 statura
246 3568 362 3618 sanctus
379 3567 407 3617 et
422 3562 555 3618 inllrmus
572 3568 646 3619 esset
661 3578 780 3634 corpore
793 3565 945 3635 Maximus,
1002 3568 1177 3639 virginitate,
1198 3584 1262 3638 quau
1275 3569 1322 3625 his
1336 3570 1471 3627 omnibus
1486 3572 1576 3640 major
1590 3574 1642 3632 est,
1664 3569 1740 3625 adorr

120 3649 207 3705 sicuti
222 3650 335 3705 cunctis
348 3654 390 3704 esi
404 3648 595 3705 manifestum·
1002 3670 1052 3726 per
1066 3669 1151 3726 quam
1164 3658 1286 3728 scilieet,
1301 3666 1333 3714 ut
1343 3660 1455 3731 opinor,
1474 3661 1560 3716 etiam
1576 3659 1685 3715 sanctis
1694 3672 1740 3728 prt

154 3735 292 3804 Quocirca
318 3740 346 3791 et
378 3734 574 3792 abundantius
599 3737 759 3794 adversarii
784 3739 946 3796 sauciantes
1001 3748 1045 3800 sto
1055 3745 1197 3816 agonibus
1210 3753 1238 3801 et
1248 3751 1363 3804 coronis
1375 3749 1510 3805 honorari
1523 3752 1698 3817 meruerunt,
1714 3752 1740 3804 ut

118 3838 222 3881 sensus
235 3837 303 3880 suos
314 3837 400 3892 super
410 3827 489 3879 tanta
502 3824 591 3879 ettali
607 3824 757 3882 alacritate
770 3834 944 3892 sanctorum.
1000 3837 1028 3889 et
1044 3834 1143 3890 mundi
1164 3837 1258 3907 corde,
1273 3838 1408 3907 quoniam
1422 3839 1478 3908 ipsi
1494 3840 1582 3894 Deum
1600 3837 1740 3893 videbunt

119 3910 295 3967 intrinsecus
315 3909 486 3980 nequissimi
510 3915 538 3967 et
553 3913 693 3969 veraciter
723 3914 885 3983 inhumani,
909 3926 940 3973 ut
1000 3923 1124 3992 primunr
1149 3925 1278 3996 magistri
1301 3927 1346 3982 sui
1367 3933 1394 3982 et
1416 3928 1506 3983 nostri
1529 3928 1603 3997 apud
1626 3930 1740 3997 Trapeza

118 4009 215 4055 revera
238 3996 303 4053 lcrae
319 4003 444 4069 agrestes
466 3999 518 4056 has
540 3999 754 4059 abscindebant.
774 4006 835 4060 Non
850 4005 944 4062 solum
999 4011 1135 4068 exsilium
1159 4012 1459 4085 multiseleemosynis
1475 4020 1503 4072 et
1516 4015 1714 4072 oblationibus
1736 4019 1740 4071 l

119 4085 174 4141 ista
184 4085 227 4142 sic
240 4084 276 4141 ab
290 4099 324 4141 eo
335 4086 458 4156 epistola
473 4088 589 4160 scripta,
609 4090 657 4146 sed
672 4097 701 4147 et
715 4093 784 4148 aliis
795 4093 895 4151 multis
910 4094 944 4150 li·
997 4099 1160 4156 volentibus
1188 4102 1302 4156 llomam
1329 4102 1482 4175 confugere
1511 4105 1642 4174 protinus
1664 4111 1692 4159 et
1707 4103 1740 4175 ip

117 4172 179 4229 bris
200 4186 233 4229 ac
255 4173 341 4230 tomis
362 4175 524 4232 studiorum
542 4176 645 4248 ipsius.
666 4181 791 4249 Quorum
807 4181 862 4251 ipsi
885 4196 941 4239 uon
996 4189 1093 4244 eadem
1118 4191 1313 4258 persecutione
1335 4206 1421 4262 prope
1443 4194 1571 4263 abydum
1600 4194 1740 4264 compreb

116 4260 210 4316 solum
233 4261 408 4331 inspectores
425 4264 525 4321 divina
550 4266 729 4336 providentia
748 4267 939 4344 factisumus,
997 4282 1111 4347 propter
1134 4279 1258 4334 eamdem
1282 4285 1310 4335 et
1324 4280 1412 4336 solam
1441 4295 1566 4354 causam,
1591 4288 1619 4338 et
1633 4296 1685 4352 pro
1700 4296 1736 4340 eo

113 4349 163 4451 sed
182 4354 212 4406 et
230 4351 332 4420 partim
356 4351 385 4406 in
400 4358 504 4409 sortem
522 4355 614 4426 gratia
636 4355 685 4411 Dei
703 4370 737 4411 ex
754 4357 796 4413 eis
810 4359 940 4430 accipere
956 4343 983 4404 Ῑ)
997 4365 1230 4422 noluissentcum
1246 4368 1289 4423 eis
1303 4370 1492 4425 contaminari
1507 4377 1562 4426 tarn
1578 4372 1710 4428 evidente
1723 4373 1740 4429 ir

115 4436 199 4495 tlhus
213 4439 402 4510 preceptione
413 4442 581 4513 meruimus,
592 4448 621 4498 et
635 4443 709 4513 ipsis
724 4460 837 4518 quoque
847 4449 938 4506 simili
995 4459 1052 4510 tate
1066 4454 1095 4509 in
1112 4454 1229 4525 prolano
1240 4463 1268 4512 et
1284 4458 1399 4527 penitus
1413 4460 1475 4515 sine
1490 4461 1740 4531 Deoimperatorio

112 4533 313 4595 argumentost
324 4541 418 4600 manu,
433 4530 500 4599 imo,
513 4532 651 4587 utverius
662 4533 835 4608 dictumest,
846 4536 938 4610 digito
994 4542 1092 4613 quiex
1109 4543 1301 4601 submissione
1316 4545 1409 4603 tractus
1427 4553 1470 4603 est
1487 4562 1584 4603 eorum
1605 4549 1654 4620 qui
1674 4564 1740 4607 eran

112 4612 233 4682 scriptis
243 4615 305 4693 bei,
324 4616 401 4672 sieut
417 4617 512 4688 magni
528 4619 616 4689 Moysi
634 4623 758 4690 tempore
777 4623 938 4697 iegituria-
992 4629 1087 4685 clesim
1100 4630 1394 4706 constantinopoleos,
1408 4640 1436 4692 et
1447 4637 1612 4709 publicatis,
1625 4637 1654 4694 id
1670 4644 1715 4695 est
1731 4656 1740 4696 ι

112 4704 206 4800 ctum:
231 4702 410 4770 providentia
428 4704 561 4762 videlieet
582 4711 610 4764 et
624 4713 824 4780 cooperatione
846 4715 938 4772 solius
992 4718 1153 4775 datisomni
1165 4720 1326 4778 substantia
1337 4738 1398 4793 quar
1413 4725 1504 4779 inerat
1514 4725 1581 4796 sibi,
1594 4727 1740 4799 etdignita

111 4788 317 4857 ommpotentis
336 4791 387 4845 Dei
412 4792 473 4862 qui,
494 4807 559 4849 cum
574 4797 613 4852 sit
630 4804 740 4855 amator
756 4800 895 4859 bonitatis
907 4809 935 4858 et
994 4820 1065 4877 quas
1080 4807 1235 4864 habebant:
1254 4811 1420 4882 flagellaque
1436 4814 1568 4869 mortalia
1585 4828 1600 4869 a
1618 4815 1740 4884 praeieetr

112 4873 272 4975 bominum,
297 4875 365 4934 iacit
381 4879 527 4938 mirabilia
544 4897 643 4958 magna
666 4887 695 4942 in
711 4890 820 4946 sanctis
835 4891 939 4949 suiset
993 4895 1180 4968 cipientibus,
1207 4905 1235 4954 et
1256 4898 1425 4956 Chersonem
1453 4901 1482 4957 in
1500 4902 1635 4959 exsilium
1660 4904 1740 4962 missi

112 4960 254 5033 glorrbcat
277 4979 340 5022 vere
367 4967 560 5039 glorificantes
583 4987 622 5042 se,
654 4981 709 5030 tarn
737 4977 936 5035 indeclinabili
995 4983 1056 5039 illic
1075 4985 1103 5040 vi
1123 4986 1229 5056 saepius
1243 4987 1279 5043 ab
1295 4989 1416 5043 invicem
1438 4992 1587 5062 separatis,
1610 4995 1639 5046 et
1665 4992 1695 5048 in
1720 5007 1740 5049 c

113 5062 304 5151 operetquam
326 5054 412 5112 verbo
428 5061 456 5111 et
477 5059 613 5115 veritate:
636 5074 700 5117 cum
715 5064 810 5121 adhuc
824 5066 938 5138 degeret
993 5072 1121 5141 gentium
1139 5073 1244 5130 ibidem
1259 5076 1449 5145 adjacentium
1460 5080 1622 5149 deputatis:
1636 5081 1740 5149 junior

114 5137 144 5193 lu
159 5136 270 5210 ultuma,
285 5142 314 5196 ιιι
334 5147 377 5198 est
392 5144 477 5201 tertio
491 5146 594 5203 exsilio
605 5163 658 5203 suo
671 5151 786 5222 lazicae,
804 5154 938 5214 incastro
993 5159 1056 5215 dem
1082 5159 1178 5232 irater,
1195 5163 1256 5234 qui,
1283 5170 1314 5219 ut
1338 5179 1402 5221 vere
1427 5167 1456 5222 in
1485 5169 1598 5224 cunctis
1618 5169 1740 5238 pherom

112 5224 273 5328 Thusumes
299 5236 472 5302 nuncupato,
493 5234 549 5290 sito
571 5250 658 5304 supra
678 5238 776 5294 villam
796 5243 935 5317 hlochoes,
992 5249 1136 5318 Euprepes
1159 5253 1322 5309 nominatus
1340 5260 1393 5326 est,
1418 5255 1558 5326 completo
1577 5256 1605 5310 in
1621 5229 1740 5327 huiusce

112 5312 497 5392 clrmatrshpsillaetermiui,
510 5323 544 5377 ad
560 5323 703 5381 Orientem
716 5327 824 5385 Pontici
837 5334 935 5403 maris,
993 5338 1041 5392 Dei
1068 5339 1160 5395 amico
1184 5353 1282 5413 agone,
1310 5356 1384 5399 auno
1405 5358 1489 5413 nouo,
1512 5345 1547 5400 ad
1566 5345 1723 5403 Dominum

113 5402 188 5471 apud
213 5402 308 5474 ipsum
330 5405 426 5475 pedem
452 5407 653 5467 caucasiorum
682 5416 831 5490 montium,
853 5421 935 5490 Juxta
992 5438 1088 5482 mense
1124 5426 1268 5501 Octobrio,
1304 5431 1351 5487 die
1386 5432 1520 5488 vicesima
1553 5439 1632 5490 sexta
1661 5432 1740 5493 indic

110 5489 219 5547 Christi
237 5492 394 5551 amicorum
412 5495 554 5568 regionem
576 5497 763 5576 abasgorum,
781 5511 810 5561 et
824 5514 934 5580 gentem
992 5526 1051 5569 xrv.
