3876 6090
115 238 184 299 tici

457 194 464 210 ’
554 235 688 291 xresrvn
722 228 865 288 cnseo.
891 226 985 282 vx.-

1007 221 1185 280 tucroues
1210 218 1377 277 tuomum.
1744 208 1808 269 iios

113 371 146 426 ll.
161 368 216 424 Cur
229 369 259 422 in
274 369 442 440 psalmorum
454 369 553 432 titulis,
569 369 649 438 quasi
667 367 809 418 auctorum
823 359 933 414 nomino
947 349 977 410 A
989 354 1035 411 Sic
1047 354 1123 411 euim
1143 353 1287 411 dicimus:
1314 349 1426 406 finitum
1451 345 1563 409 cibum,
1584 341 1636 414 qui
1653 336 1750 396 sedula
1763 350 1809 393 co-

369 441 478 495 dicerso
489 441 672 509 reperiuntur.

116 568 122 576 -
149 531 179 586 ln
202 544 220 586 r·
235 530 308 586 libro
344 530 578 600 Paralipomenon
609 527 736 597 legitur:
766 522 835 578 Cum
866 524 962 589 pro-'

115 619 198 688 pbeta
210 619 297 674 David
312 618 412 675 devota
426 618 637 674 Dominoaetate
648 614 800 681 senuisset,
812 613 936 680 quatuor

116 698 353 776 milliajuvennm
364 721 399 762 ex
418 705 575 763 israelitico
595 702 699 773 populo
720 700 868 772 delegisse,
885 696 934 768 qui

116 796 249 868 psalmos,
274 810 346 867 quos
360 797 420 866 ipse
441 794 556 850 Domini
570 792 745 864 aspiratione
768 787 934 859 protulerat,

114 888 241 960 organis,
255 886 387 956 citharis,
403 885 507 953 nablis,
522 883 674 954 tympanis,
685 880 834 952 cymbalis,
847 876 935 945 tubis,

116 976 288 1046 propriaque
316 989 393 1045 voce,
421 974 449 1029 ln
484 986 586 1046 magna
607 970 788 1042 jucunditate
808 978 938 1038 supernae.

115 1065 214 1135 gratie
243 1069 435 1134 personarent.
466 1062 533 1131 Quae
559 1061 656 1118 suavis
683 1057 820 1115 adunatio
844 1054 939 1110 tribus

117 1153 247 1222 partibus
262 1153 356 1208 divisa
371 1151 530 1208 constabat.
558 1148 717 1206 Rationalis
735 1144 894 1217 pertinebat
903 1143 937 1199 ad

117 1243 270 1297 numanam
281 1254 394 1310 vocem,
413 1240 606 1307 irrationalis,
618 1253 650 1294 ae
669 1239 858 1292 instrumenta
874 1247 940 1288 mu-

116 1329 186 1384 sica.
202 1328 368 1384 Communis
388 1335 483 1384 autem
497 1329 531 1384 de
550 1327 701 1397 utriusque
715 1322 845 1394 partibus
857 1327 941 1390 apta-

116 1416 209 1483 batur,
223 1424 255 1473 ut
267 1424 295 1472 et
309 1430 362 1472 vox
374 1417 506 1472 bominis
516 1417 602 1472 certis
615 1410 861 1471 modulationibus
873 1409 942 1464 ede-

116 1513 204 1572 retur,
214 1513 241 1561 et
255 1507 511 1561 instrumentorum
524 1504 613 1560 melos
622 1515 745 1558 consona
755 1514 784 1556 se
794 1498 942 1553 vicinitate

117 1595 310 1663 conjungeret.
328 1594 385 1662 Sic,
404 1595 506 1648 suavis
522 1594 572 1649 illa
584 1600 611 1647 et
621 1589 748 1660 jucundo
763 1587 870 1642 musico
887 1587 941 1640 Ec-

990 444 1126 500 mestione
1145 445 1333 511 consumptus
1350 447 1414 504 est,
1438 436 1550 494 finitam
1576 429 1737 502 pecuniam,
1754 441 1809 497 qua·

989 533 1108 588 docetur
1122 542 1253 600 expensa,
1268 534 1296 583 et
1309 533 1419 594 cetera,
1435 537 1498 595 quae
1513 522 1569 578 lroc
1592 518 1677 574 modo
1694 514 1805 586 proban-

991 620 1131 676 turediol.
1145 619 1292 674 Secundus
1302 617 1412 674 dieitur
1422 613 1489 671 finis
1502 609 1651 682 perfectus
1663 612 1746 675 atque
1759 617 1810 673 per

992 713 1103 777 petuus,
1122 721 1204 778 quem
1219 705 1486 776 modoquaerlmus3
1503 700 1555 772 qui
1572 704 1635 753 tum
1653 693 1736 750 nobis
1750 706 1808 762 pro

992 797 1070 853 tendi
1086 796 1177 866 magis
1190 809 1223 851 ac
1233 794 1350 850 dilatari
1363 792 1478 863 incipit,
1490 788 1609 860 quando
1621 785 1657 840 ad
1670 796 1732 838 eum
1743 795 1808 836 mens

991 888 1091 944 devota
1119 885 1287 956 pervenerit.
1319 883 1400 939 Finis
1424 893 1492 953 ergo
1514 877 1589 949 legis
1614 888 1649 930 ac
1676 871 1807 942 plenitudo

992 977 1131 1034 Dominus
1144 982 1239 1032 noster
1255 979 1296 1030 est
1306 973 1448 1041 cbristus,
1465 969 1543 1025 sicut
1557 961 1716 1035 Apostolus
1729 960 1803 1014 dicit:

993 1068 1070 1122 Finis
1095 1068 1166 1120 enim
1179 1065 1244 1132 legis
1267 1067 1306 1117 est
1320 1061 1443 1117 Christus
1464 1059 1502 1112 cd
1515 1056 1663 1125 justitiam
1677 1052 1747 1104 omni
1759 1065 1806 1103 cre-

994 1156 1069 1232 denti
1082 1154 1164 1224 (Raro.
1182 1168 1210 1224 x,
1228 1150 1263 1226 l).
1280 1152 1321 1208 Ad
1342 1164 1424 1221 quem
1440 1148 1509 1204 dum
1525 1141 1750 1216 pervenerimus,
1771 1139 1808 1194 ni-

995 1245 1036 1300 bil
1049 1244 1124 1300 ultra
1140 1243 1347 1313 perquiremus,
1364 1239 1411 1294 sed
1434 1238 1463 1292 in
1486 1236 1549 1305 ipso
1563 1228 1756 1288 beatitudiuis
1767 1229 1807 1282 line

994 1333 1131 1403 contenti,
1142 1332 1308 1402 plenissima
1322 1328 1505 1398 jucunditate
1528 1319 1722 1393 perfruemur.
1737 1317 1807 1385 Cujus

996 1427 1106 1477 tantum
1124 1435 1203 1476 amor
1219 1419 1340 1490 proficit,
1359 1421 1497 1487 quantum
1526 1410 1696 1467 intellectus
1721 1412 1806 1461 noster.

995 1510 1116 1565 Domino
1138 1513 1298 1579 praestante,
1328 1504 1471 1561 clarescit.
1501 1502 1536 1556 Et
1559 1499 1637 1565 ideo,
1663 1495 1773 1566 quoties
1787 1494 1807 1547 in

995 1597 1092 1653 titulis
1104 1598 1277 1667 psalmorum
1290 1598 1368 1663 finem
1380 1591 1497 1661 reperis,
1512 1589 1547 1644 ad
1559 1584 1716 1641 Dominum
1728 1582 1809 1637 Salve·

117 1680 232 1736 clesiam
246 1681 416 1737 ‹rainoltearn
431 1681 481 1735 tali
495 1687 559 1735 actu
571 1677 749 1749 predicebat,
767 1690 830 1747 qum
843 1688 877 1729 ex
892 1674 941 1729 di·
957 1682 980 1742 ss
997 1690 1083 1740 mrem
1098 1686 1185 1740 acrem
1208 1684 1331 1750 3⁰12„qu
1356 1681 1406 1752 quq
1419 1686 1462 1736 θη
1482 1678 1550 1733 gnis
1564 1676 1631 1732 sing
1652 1672 1720 1742 pne,
1732 1676 1759 1726 ει
1770 1669 1810 1725 pp

998 1788 1097 1830 norum
1108 1773 1236 1829 omniurn
1248 1770 1415 1840 completiva
1430 1765 1581 1838 perfectio.

999 1867 1042 1921 lV.
1068 1865 1139 1930 Quid
1153 1865 1188 1918 sit
1213 1862 1385 1922 Psalterium,
1402 1859 1444 1914 ool
1460 1857 1565 1928 psalmi
1581 1869 1670 1924 quere
1692 1852 1810 1905 eornm.

1034 1952 1204 2008 Psalterium
1219 1954 1272 2021 est,
1289 1955 1321 2005 ut
1331 1949 1523 2017 llieronyvnus
1538 1944 1593 2013 ait,
1612 1942 1642 1997 in
1657 1939 1768 1995 modum
1779 1938 1812 1993 lit·

1001 2046 1067 2096 tere
1078 2042 1099 2093 Δ
1110 2037 1225 2095 formati
1237 2036 1308 2108 ligni
1321 2049 1423 2093 sonora
1434 2032 1611 2100 concavitas,
1628 2029 1749 2085 obesum
1758 2040 1813 2081 ven-

1002 2134 1072 2184 trem
1097 2128 1127 2184 in
1148 2126 1348 2197 superioribus
1367 2124 1484 2193 liabens,
1507 2120 1558 2177 ubi
1584 2118 1758 2175 chordarum
1778 2114 1816 2169 ila

1002 2218 1130 2290 religata,
1141 2214 1398 2286 disciplinabiliter
1409 2213 1517 2283 plectro
1529 2220 1679 2280 percussa,
1696 2203 1818 2261 suavissi-

117 1769 209 1824 versis
225 1769 344 1839 linguis,
357 1770 495 1840 varioque
510 1774 649 1823 concentu
660 1768 687 1821 in
701 1779 784 1821 unam
803 1763 867 1819 lldei
878 1776 943 1821 con·

118 1857 244 1912 cordiam
256 1862 326 1927 erat,
342 1857 464 1913 Domino
484 1861 645 1926 praestante,
660 1854 816 1910 creditura.

154 1945 194 2000 Ex
207 1958 263 2016 quo
278 1958 405 2006 numero.
420 1944 512 2001 indita
523 1944 639 2001 nomina
655 1942 817 2013 frequenter
832 1941 863 1997 in
876 1940 943 1996 titu-

120 2032 157 2088 lis
171 2033 343 2105 invenimus,
359 2039 400 2104 ut,
414 2033 543 2102 idithun,
556 2031 661 2103 Asapb,
677 2030 730 2087 dlii
746 2030 846 2098 Clvore,
857 2035 886 2084 et
896 2028 942 2084 ltis

119 2121 238 2179 similia.
252 2123 313 2178 Non
331 2122 400 2191 quia
416 2121 484 2192 ipsi,
504 2127 536 2177 ut
548 2121 665 2192 quidam
678 2119 797 2189 nolunt,
812 2125 944 2173 auctores

120 2208 403 2281 fuerespsalmorum}
416 2211 463 2265 sed
476 2208 711 2281 quemadmodum
722 2207 867 2278 praepositi
877 2205 943 2262 arti·

122 2296 235 2370 ficibus,
260 2298 516 2354 administratores
541 2311 638 2354 earum
665 2310 759 2353 rerum
784 2294 946 2366 probabiles

120 2388 304 2458 exstiterunt,
329 2391 361 2443 ut
383 2386 517 2443 bonorem
543 2388 578 2443 de
602 2385 651 2443 tali
679 2384 946 2441 commemoratione

121 2481 276 2546 sumerent,
297 2477 346 2547 qui
362 2475 456 2532 officio
476 2480 573 2530 sancto
592 2475 703 2530 devotis
725 2472 868 2529 mentibus
883 2487 946 2527 ser-

120 2563 244 2636 viebant,
263 2565 395 2632 maxime,
414 2565 481 2635 quia
495 2571 523 2620 et
538 2564 652 2619 nomino
669 2576 765 2618 corum
783 2562 947 2616 intellectus

123 2665 216 2706 rerum
256 2666 400 2724 congruos
426 2652 554 2707 indicare
587 2658 754 2707 noscuntur.
779 2651 839 2705 Non
868 2649 944 2703 enirn

121 2741 281 2807 supradicti
293 2742 348 2796 viri
363 2741 396 2795 ad
416 2742 539 2810 psalmos
556 2739 701 2795 faciendos
712 2739 795 2793 electi
807 2743 883 2806 sunt,
896 2735 943 2791 sed

120 2841 168 2884 cos
193 2834 379 2898 congregatos
408 2833 519 2883 tantum
554 2827 676 2897 legimus
708 2826 742 2881 ad
769 2825 944 2895 canendum,

122 2913 357 2984 psalmographos
374 2921 470 2970 autem
484 2913 574 2970 fuisse
585 2913 706 2969 historia
719 2913 798 2969 nulla
815 2916 945 2968 testatur.

1002 2321 1074 2362 mam
1087 2307 1226 2362 dicuntur
1236 2303 1352 2361 reddere
1361 2301 1545 2357 cantilenam.
1564 2297 1639 2352 lluic
1652 2294 1768 2351 cithare
1782 2306 1819 2361 po

1001 2394 1069 2452 sitio
1085 2394 1199 2451 videtur
1216 2407 1278 2449 esse
1292 2389 1446 2458 contraria,
1462 2387 1541 2449 dum,
1562 2385 1641 2456 quod
1662 2385 1719 2439 ista
1732 2382 1758 2436 ic
1772 2381 1820 2434 ino

1001 2484 1144 2553 continet3
1167 2482 1239 2538 illud
1259 2492 1394 2538 conversa
1408 2479 1467 2533 vire
1481 2480 1577 2548 gestat
1598 2475 1629 2529 in
1656 2471 1757 2542 capite.
1772 2470 1822 2524 lloc

1000 2579 1094 2628 eutem
1111 2585 1199 2642 genus
1209 2569 1309 2639 organi
1323 2580 1458 2623 canorum
1480 2571 1568 2636 atque
1583 2561 1737 2633 singulare
1749 2564 1822 2627 apta-

1002 2666 1049 2716 tur
1065 2659 1178 2728 corpori
1190 2657 1305 2712 Domini
1322 2653 1488 2722 salvatoris,
1503 2651 1645 2722 quoniam
1659 2649 1737 2706 sicut
1754 2646 1821 2702 istud

1001 2747 1036 2802 de
1050 2746 1204 2802 altioribus
1216 2750 1308 2810 sonat,
1320 2744 1372 2813 sic,
1386 2748 1414 2798 et
1430 2741 1502 2797 illud
1513 2739 1652 2811 gloriosae
1668 2735 1822 2792 institutio-

1003 2835 1047 2890 nis
1055 2848 1178 2905 superna
1190 2832 1377 2892 concelebrat,
1392 2830 1470 2885 sicut
1486 2829 1548 2898 ipse
1569 2827 1600 2883 in
1613 2824 1770 2897 Evangelio
1782 2823 1823 2879 di·

1002 2923 1124 2990 clitoni
1140 2927 1180 2977 est
1197 2922 1230 2976 de
1251 2926 1335 2991 terro,
1356 2919 1389 2974 de
1404 2923 1478 2973 terro
1496 2922 1545 2987 esf,
1561 2915 1634 2971 etde
1651 2920 1726 2970 terro
1743 2913 1824 2981 ioqob

123 3003 156 3057 Ei
181 3007 441 3072 presumptuosuro
469 3007 512 3058 ⁰⁸1
536 3003 631 3059 (Ῐῑθθΐθ
654 3003 728 3072 (Ιῦοᾰ
754 3001 833 3058 ”⁰¹¹³
856 3001 985 3071 POSSiiC
1003 3018 1067 3079 tcr3
1083 3015 1132 3083 qui
1147 3011 1281 3068 outemde
1297 3010 1359 3064 eoelo
1381 3009 1465 3071 uenit,
1483 3022 1544 3077 quer
1564 3005 1650 3069 vidit,
1671 3009 1696 3058 et
1719 3001 1825 3063 cuvileit,

121 3091 293 3147 auctoritate
306 3091 423 3147 firmari.
439 3092 565 3148 Psalmos
577 3092 653 3147 eninr
666 3092 699 3146 ad
716 3091 809 3147 solum
819 3089 948 3160 ‘propbe-

123 3185 181 3235 tam
202 3179 290 3235 David
316 3181 468 3250 pertinere,
506 3181 593 3236 certis
625 3180 788 3236 declaratur
817 3179 947 3234 indiciis.

122 3268 250 3339 Denique
267 3269 295 3324 in
311 3269 492 3340 Apocalypsi,
514 3269 611 3325 volens
632 3269 709 3325 istud
725 3283 797 3338 opus
811 3267 947 3339 intelligi,

123 3356 215 3413 soiius
231 3358 363 3414 meminit
380 3358 495 3414 dicens:
512 3360 576 3413 Haec
597 3359 664 3412 dicit
677 3359 793 3413 Sanetus
808 3361 833 3411 et
853 3358 949 3418 Verus,

123 3448 172 3515 qui
192 3447 272 3502 bodri
290 3447 392 3501 clunem
412 3448 511 3510 lfaoid,
528 3450 577 3517 qui
596 3449 687 3518 operit
706 3452 731 3500 et
745 3462 820 3500 acmo
834 3445 949 3506 oicttdit,

123 3535 227 3590 cloudt't
247 3540 272 3590 et
297 3551 372 3590 nemo
393 3538 481 3605 vvprre't
496 3535 590 3606 (Apoc.
618 3552 659 3589 vn.
684 3532 720 3604 7).
745 3537 775 3590 ln
797 3532 950 3605 Evangelio

124 3637 238 3694 quoque
266 3624 419 3680 Pbarisaels
446 3625 506 3694 ipse
529 3624 668 3680 Dominus
689 3623 762 3679 dicit
783 3641 789 3677 :
814 3622 950 3688 Quomodo

124 3728 187 3779 erpo
209 3712 298 3766 Dercid
320 3715 349 3766 r'n
365 3714 466 3784 spiritu
485 3718 561 3767 vorot
582 3729 641 3766 eum
663 3714 817 3773 Dominum,
837 3711 948 3764 eliseus:

124 3803 200 3855 llicit
230 3803 360 3855 Dominus
387 3804 501 3856 donnino
533 3817 600 3868 meo,
636 3804 689 3854 etc.
729 3798 836 3868 (Molli.
876 3811 949 3868 xxm,

126 3886 169 3956 i-3,
182 3885 233 3960 ll).
251 3889 329 3944 Unde
346 3890 483 3959 probatur
495 3890 644 3945 universos
658 3886 782 3957 psalmos
804 3900 860 3942 non
873 3886 952 3941 mul-

21 4002 28 4008 ·
127 3983 219 4034 torum
233 3978 366 4046 existere,
390 3977 437 4033 sed
453 3982 563 4032 tanturn
584 3977 686 4047 ipsius,
708 3990 790 4047 quem
804 3989 819 4031 a
832 3975 952 4030 Domino

126 4071 237 4122 constat
254 4079 315 4121 esse
328 4066 519 4121 nominatum.
537 4066 612 4122 Usus
628 4078 742 4136 quoque
756 4064 888 4120 Ecclesiae
903 4075 954 4118 ea-

126 4153 250 4220 tbolicm,
264 4153 391 4222 Spiritus
410 4155 501 4210 sancti
524 4154 728 4224 inspiratione,
746 4152 954 4225 generaliteret

128 4240 314 4296 immobiliter
334 4246 418 4312 tenet,
436 4248 468 4299 ut
491 4243 658 4314 quicunque
684 4255 782 4298 eorum
795 4240 954 4296 cantandus

27 4327 29 4331 '
128 4328 227 4399 fuerit,
240 4328 290 4399 qui
306 4329 419 4386 diverso
432 4332 546 4386 nomine
558 4330 762 4401 properantur,
776 4328 952 4384 lectoraliud

129 4419 282 4488 predicare
303 4432 360 4475 non
373 4420 484 4489 audeat,
503 4421 559 4476 nisi
579 4419 706 4490 psalmos
718 4419 817 4474 David.
837 4416 952 4486 Quodsi

127 4510 222 4562 essem
234 4507 355 4577 proprii.
371 4513 421 4562 aut
435 4507 563 4574 idithun,
582 4512 633 4562 aut
650 4506 775 4562 illiorum
787 4504 887 4566 Chore,
904 4508 953 4559 aut

128 4595 232 4665 lsapb,
253 4601 303 4651 aut
319 4596 419 4665 ltloysi,
443 4608 541 4650 eorurn
562 4595 677 4651 nomina
698 4594 798 4663 utique
814 4593 955 4663 praedica-

130 4687 237 4753 rentur,
250 4683 364 4739 sicutet
377 4683 405 4738 in
420 4683 583 4755 Evangeliis
601 4684 642 4751 lit,
658 4682 773 4752 quando
787 4687 837 4737 aut
856 4680 953 4750 biarci,

129 4771 180 4821 :rut
191 4769 279 4837 Lucae,
294 4770 467 4826 autloannis
478 4769 617 4827 vocabulo
627 4769 861 4840 pronuntiantur.
874 4767 953 4837 Quod

130 4853 214 4908 otiam
231 4864 346 4913 secutus
356 4859 437 4914 Pater
451 4859 642 4931 Augustinus,
659 4861 956 4929 congruenteromnes

131 4942 255 5011 psalmos
267 4946 339 5002 dicit
349 4961 410 5004 esse
424 4949 585 5006 Davidicos.

131 5049 175 5104 lll.
192 5048 264 5115 eote
278 5052 417 5121 significet,
435 5056 464 5110 in
481 5054 577 5122 linem,
593 5053 668 5123 quod
678 5054 836 5122 frequenter
854 5052 955 5106 incerti·

440 5130 485 5179 tur
497 5129 526 5180 t'n
540 5127 639 5181 filulis.

166 5227 263 5284 Finem
284 5227 398 5285 duobus
420 5229 549 5287 dicimus
574 5231 677 5288 modis.
700 5228 813 5284 Primus
834 5233 877 5284 est
902 5227 955 5284 iste

131 5318 388 5390 communisatque
406 5318 545 5389 mortalis,
558 5321 672 5390 quando
689 5317 841 5388 resaliqua
861 5317 895 5373 ad
911 5329 952 5371 ex·

133 5414 252 5463 tremum
264 5408 385 5463 deducta
399 5406 569 5478 pervenerit,
585 5421 634 5461 nec
650 5407 776 5463 ulterius
792 5410 883 5475 potest
896 5419 956 5475 pro

132 5495 212 5567 dire,
232 5496 282 5567 qui
308 5502 400 5553 motus
415 5495 461 5553 sui
479 5494 633 5552 terminum
656 5494 796 5565 probatur
817 5495 966 5569 accipere,

1003 3105 1117 3156 testatur·
1132 3102 1219 3170 (loon.
1242 3111 1345 3166 xxxiii,
1362 3093 1417 3167 32).

1039 3190 1116 3245 Unde
1128 3189 1244 3259 quidam
1259 3187 1311 3244 boc
1324 3200 1396 3256 opus
1414 3183 1588 3239 Davidioum
1601 3180 1732 3252 psalmos
1745 3177 1828 3234 dictos

1004 3293 1065 3335 esse
1079 3276 1254 3349 prefiniunt,
1271 3275 1349 3346 quie,
1365 3275 1401 3330 de
1415 3284 1540 3343 superno
1555 3270 1691 3327 culmine
1706 3278 1828 3324 resonare

1006 3370 1173 3424 noscuntur.
1188 3365 1332 3436 Cognosce
1345 3377 1411 3418 vero
1426 3362 1501 3434 quod
1520 3362 1572 3417 isti
1586 3364 1703 3415 tantum
1721 3369 1771 3427 pro
1784 3369 1828 3409 ex-

1004 3454 1136 3512 cellentia
1146 3452 1193 3509 sui
1205 3452 1340 3507 dicantur
1353 3450 1467 3521 psalmi,
1477 3449 1526 3520 qui
1540 3449 1594 3503 boc
1605 3446 1756 3503 volumine
1767 3455 1829 3498 con·

1005 3544 1143 3600 lineatur.
1157 3543 1226 3596 Nam
1240 3547 1267 3596 et
1282 3539 1463 3609 Psalterium,
1476 3550 1568 3609 genus
1579 3549 1645 3592 esse
1660 3534 1826 3591 musicorum

1006 3628 1284 3704 [instrumentorum]
1321 3627 1421 3683 Daniel
1458 3625 1596 3696 propbeta
1630 3629 1767 3688 testatur,
1794 3618 1826 3673 in·

1005 3720 1126 3791 quiens:
1156 3719 1257 3773 Vocem
1273 3716 1358 3785 tuber,
1382 3714 1495 3777 fistule,
1521 3712 1680 3778 sambucae,
1711 3710 1827 3766 citum.

1007 3807 1135 3878 psalterii
1155 3811 1182 3862 et
1206 3805 1393 3876 symphoniae,
1410 3803 1563 3873 omnisque
1582 3801 1702 3873 generis
1720 3799 1829 3854 musico·

1008 3910 1080 3952 rum.
1096 3897 1164 3950 Nam
1175 3893 1443 3962 etl‘aralipomenon
1454 3907 1470 3947 v
1481 3889 1611 3961 exponit,
1627 3903 1695 3945 cum
1711 3885 1828 3950 dicitis

1008 3984 1097 4057 lignis
1111 3983 1231 4054 thyinis,
1243 3996 1306 4053 quae
1321 3981 1404 4052 vulgo
1423 3978 1533 4035 evelina
1550 3976 1674 4052 [πεύκινα]
1691 3981 1828 4037 vocantur,

1007 4073 1111 4141 prorius
1128 4074 1216 4139 fractos
1236 4073 1265 4124 in
1284 4070 1361 4124 <tomo
1376 4070 1495 4130 Domini,
1518 4072 1544 4122 et
1567 4067 1691 4121 inclamo
1712 4066 1787 4133 recto
1799 4063 1827 4117 ci·

1008 4161 1102 4216 thoros
1125 4175 1240 4230 quoque,
1263 4163 1288 4214 et
1310 4158 1444 4228 psalterio
1466 4157 1626 4211 creatoribus
1652 4155 1692 4225 (ll
1718 4155 1780 4208 Por.
1797 4163 1829 4216 tl,

1008 4247 1063 4320 st).
1073 4251 1131 4305 lloo
1144 4247 1220 4318 aliud
1236 4247 1367 4304 Hebraeos
1383 4244 1493 4302 dicitur
1508 4244 1638 4312 nablum,
1653 4242 1734 4313 quod
1748 4247 1830 4296 temen

966 4339 1038 4430 Diu
1062 4335 1257 4408 suprascripto
1284 4334 1360 4390 libro
1385 4331 1528 4404 frequenti
1554 4332 1732 4403 repetitione
1746 4329 1832 4400 vulga·

1010 4434 1068 4484 turn
1082 4431 1134 4482 est.

1044 4518 1138 4585 ipsum
1161 4527 1225 4570 vero
1241 4514 1382 4584 psalmum
1397 4511 1527 4568 Graecum
1551 4523 1616 4566 esse
1636 4515 1753 4567 constat
1766 4518 1833 4564 voct-

1011 4603 1127 4673 bulum,
1146 4616 1229 4674 quem
1244 4602 1354 4657 dictum
1375 4601 1493 4672 quidam
1508 4599 1626 4669 volunt,
1649 4593 1701 4652 ἀπὸ
1716 4602 1760 4650 τοῦ
1781 4595 1831 4666 qai.

1008 4694 1068 4761 lert,
1087 4694 1139 4751 boc
1151 4697 1203 4756 est,
1218 4703 1236 4746 a¹
1249 4691 1399 4762 tangendo.
1422 4691 1492 4744 Nam
1514 4695 1544 4745 et
1557 4687 1725 4758 psalterios,
1746 4685 1835 4743 eilba-

1011 4783 1102 4838 roedas
1117 4795 1261 4852 vocamus,
1272 4781 1355 4838 docto
1370 4778 1473 4850 pollice
1490 4776 1709 4834 modulationes
1720 4776 1835 4833 musicas

1010 4871 1211 4942 exprimentes.

1260 4959 1289 5013 V.
1305 4957 1377 5025 Quid
1402 4956 1584 5028 sitpsolmus.

1045 5038 1174 5104 Ps'nlmus
1184 5052 1237 5116 est,
1249 5059 1314 5102 cum
1325 5059 1359 5101 ex
1371 5046 1432 5116 ipso
1443 5045 1505 5102 solo
1516 5041 1832 5102 instrumentonusieo

1012 5137 1103 5208 idest,
1115 5134 1261 5206 psalterio,
1273 5133 1431 5190 modulatio
1444 5133 1574 5205 quedem
1585 5133 1687 5190 dulcis
1700 5137 1730 5189 et
1741 5142 1831 5187 canori

1012 5224 1206 5297 profunditur.

1251 5313 1295 5368 vl.
1312 5311 1384 5378 Qotu
1394 5312 1431 5366 sil
1444 5313 1590 5366 coroticum.

1045 5402 1194 5460 Canticum
1220 5406 1272 5470 est,
1298 5401 1372 5472 quod
1408 5399 1443 5456 ad
1469 5400 1608 5458 bonorem
1641 5403 1694 5460 Dei
1719 5402 1832 5459 canitur.

1012 5493 1125 5565 quando
1141 5492 1192 5564 qui
1209 5490 1341 5549 libertate
1356 5489 1479 5560 propris
1501 5490 1583 5546 vocis
1599 5491 1715 5548 utitor:
1733 5504 1783 5548 nec
1795 5488 1834 5545 lo-
