3876 6090
742 237 919 294 crismon
1637 241 1693 303 m

95 364 166 434 tum,
187 366 215 418 et
235 368 334 420 caetera
355 365 451 421 omnia
467 381 529 436 quae
543 380 560 422 a
573 367 631 437 piis
651 366 850 438 imperato-A
866 370 1032 428 rectissimo
1045 372 1204 429 Sanco-Dm
1225 380 1329 432 sanctae
1343 377 1541 433 Gerundeusis
1559 376 1692 433 Ecclesiae

95 451 240 521 cregibus
255 452 298 507 vel
313 452 348 508 ab
364 452 433 509 aliis
449 455 535 511 [lcum
551 454 722 511 timentibus
738 454 810 510 viris

99 553 124 596 tn
146 541 273 596 Ecclesia
291 542 394 597 collam
411 548 478 598 sunt
498 544 540 599 vel
557 543 697 600 collatura
714 549 809 615 erunt,

112 629 176 700 ipso
197 631 335 686 curnitatu
356 646 440 701 quarn
466 633 495 687 in
512 633 580 687 aliis
601 633 683 701 locis,
701 633 729 688 in
749 633 811 702 ipsa

95 718 190 775 ainata
210 725 306 774 sancta
327 721 535 777 Tossilionensi
556 722 682 778 Ecclesia
703 723 812 779 coudr-

96 848 105 877 ,
127 809 308 878 apostolatus
330 810 421 865 nostri
448 811 600 883 priuilegio
621 811 809 868 muniremus.

94 910 144 966 tos,
159 897 207 952 cui
223 898 352 952 omnium
368 898 559 954 Ecclesiarum
580 899 631 954 Dei
645 913 714 955 cura
729 913 811 956 com-

94 990 139 1057 est,
156 984 266 1041 salubri
287 992 343 1042 ture
363 987 496 1056 petitioni
520 986 654 1059 iacentes,
677 988 810 1045 inclinati

94 1075 201 1145 istuis,
218 1075 287 1145 quia
307 1075 530 1132 ecclesiasticam
546 1091 605 1132 rem
622 1091 671 1147 per
686 1077 811 1149 vigorem

94 1162 188 1220 datam
220 1164 325 1218 servari
356 1165 500 1235 cupimus,
532 1179 580 1236 per
604 1165 656 1221 hoc
682 1172 811 1223 nostrum

98 1252 175 1310 icum
208 1253 392 1323 privilegium
426 1254 651 1324 suprascriptam
682 1260 808 1310 sanctam

94 1340 321 1398 lossilionensem
344 1341 497 1396 Ecclesiam
518 1357 582 1398 cum
597 1343 711 1398 cunctis
726 1341 812 1399 rebus

94 1428 131 1486 tis
142 1429 301 1499 apostolica
315 1431 487 1486 auctoritate
498 1431 581 1487 nobis
596 1432 624 1486 iu
636 1431 719 1487 beato
732 1433 812 1488 Petro

95 1532 179 1575 orum
196 1519 326 1588 principe
341 1532 475 1574 concessa
492 1520 649 1590 munimus,
666 1523 813 1590 perpetuo

94 1620 176 1665 mm
200 1607 419 1676 permanendam
440 1607 653 1678 confirmamus,
676 1621 731 1664 una
746 1621 811 1663 cum

866 457 998 530 episcopo
1017 466 1045 516 et
1061 476 1109 531 per
1126 467 1152 516 te
1172 462 1201 517 in
1221 464 1318 518 eadem
1341 465 1498 522 venerabili
1520 466 1645 522 Ecclesia
1661 466 1691 521 iu

866 555 1042 618 perpetuum.

901 637 983 694 Sicut
997 653 1047 709 per
1061 639 1167 696 donum
1192 642 1284 697 sancti
1305 642 1432 712 Spiritus
1447 642 1528 698 beato
1543 642 1692 712 apostolo-

868 728 1693 802 rumprincipiPetroetcoelestisregniclavigeroligandi

866 820 952 886 atque
967 815 1096 873 solvendi
1111 818 1147 873 ab
1162 818 1226 889 ipso
1239 820 1360 876 Domino
1377 820 1483 876 tradita
1496 825 1540 875 est
1556 824 1690 890 potestas,

866 905 1028 977 euangelica
1050 907 1242 978 subsequente
1262 909 1395 980 lectione,
1413 923 1476 979 quac
1499 910 1574 964 inter
1592 915 1692 963 carrera

866 992 909 1047 ait
925 1012 931 1048 :
950 994 991 1048 ιιι
1004 1009 1032 1049 es
1053 996 1160 1058 Petrus,
1185 1001 1210 1050 rt
1230 1013 1311 1067 super
1334 998 1405 1051 burne
1429 1002 1538 1066 petrum
1559 996 1693 1064 edificabo

866 1082 1014 1137 Ecclesium
1039 1100 1135 1147 meum,
1157 1089 1185 1140 cl
1208 1085 1329 1157 reliqua,
1358 1086 1398 1141 ita
1426 1086 1507 1141 sedes
1535 1084 1693 1156 apostolica

867 1171 1004 1229 canonica
1036 1173 1184 1245 regalique
1212 1175 1384 1231 auctoritate
1412 1173 1530 1232 suliulta
1559 1173 1693 1230 omnibus

866 1259 1005 1316 Ecclesiis
1015 1260 1065 1316 Dei
1080 1275 1129 1332 per
1141 1261 1303 1318 universum
1318 1263 1414 1319 orbem
1427 1261 1544 1319 didusis
1556 1260 1693 1332 sutfragia

866 1349 978 1417 etjusta
989 1350 1193 1420 postulationis
1202 1351 1333 1407 subsidia
1343 1357 1375 1407 ut
1386 1351 1517 1422 parabeat,
1531 1356 1587 1406 ιιιιι
1597 1349 1692 1405 divini

868 1450 952 1506 quam
976 1436 1095 1493 humaui
1113 1439 1192 1506 juris
1206 1439 1280 1495 ratio
1296 1439 1429 1509 postulat.
1452 1440 1543 1511 igitur
1563 1439 1690 1508 verricus,

865 1524 924 1593 jam
939 1524 1015 1581 dicte
1033 1525 1178 1582 Serve-Dei
1198 1528 1372 1583 venerabilis
1390 1528 1532 1599 episcope,
1547 1527 1582 1583 ad
1598 1526 1692 1582 sedem

867 1613 1066 1686 apostolicam,
1082 1620 1110 1671 et
1124 1616 1249 1672 Ecclesia
1270 1617 1450 1673 Gerundensi
1467 1618 1546 1687 juste
1560 1621 1588 1671 et
1602 1628 1695 1672 ιιιιο-

94 1709 111 1753 ³
138 1702 241 1751 &¹⁰⁰¹ae
266 1696 363 1750 Miriae
384 1710 401 1751 a
420 1696 543 1766 (illidam
568 1694 673 1752 semina
697 1697 932 1760 nominetenus
951 1710 1071 1776 recepta,
1094 1706 1214 1776 expulso
1239 1706 1305 1762 inde
1324 1707 1503 1762 hermomiro
1521 1705 1653 1776 deposito
1665 1707 1693 1759 et

93 1784 145 1856 sla,
180 1799 243 1854 quae
265 1791 294 1840 et
321 1787 410 1840 stater
441 1784 604 1854 vocabatur,
636 1790 811 1856 constructa,

93 1873 240 1930 rEcclesirc
253 1873 348 1929 subici
361 1874 545 1944 consistente,
558 1875 591 1929 ad
603 1888 698 1930 annue
709 1875 813 1944 persol-

93 1963 163 2019 oin
187 1961 302 2032 prelata
327 1970 376 2018 tua
404 1963 531 2018 Ecclesia
560 1972 658 2033 penset
686 1963 811 2020 solidum

93 2146 164 2196 atem
199 2140 302 2195 telonei
332 2146 360 2195 et
384 2139 489 2194 trallcae
518 2154 568 2196 seu
598 2140 714 2195 mercati
746 2152 811 2194 cum

93 2229 147 2298 rio,
161 2235 190 2284 et
205 2229 384 2284 medietatem
406 2228 576 2299 salinarum,
592 2241 747 2298 omnesque
762 2241 812 2282 ec-

102 2317 136 2374 ad
151 2318 276 2372 eamdem
295 2316 451 2371 Ecclesiam
472 2317 501 2372 iu
518 2316 731 2372 Rossiliouense
745 2329 813 2385 per-

93 2412 153 2462 ιιι
166 2405 406 2462 confluentibusa
424 2410 507 2474 portu
522 2405 656 2459 landonis
671 2417 762 2476 usque
777 2403 811 2458 ad

93 2498 142 2552 cta
158 2495 280 2551 termino
295 2493 471 2550 Narbonensi
495 2507 585 2564 usque
606 2493 812 2561 Basilluuense,

95 2584 176 2656 quid,
188 2592 219 2639 ut
231 2584 397 2654 praedictum
408 2589 460 2654 est,
475 2583 548 2638 idem
560 2584 631 2638 lliro
641 2588 814 2638 memoratus

93 2673 167 2730 iuibi
182 2673 332 2743 concessit,
350 2686 458 2728 necnon
472 2678 500 2726 et
512 2671 613 2727 villare
627 2671 721 2741 ipsum
736 2670 811 2741 quod

93 2777 108 2817 r
127 2762 311 2834 Nogaretum,
328 2766 355 2815 et
370 2760 428 2816 alia
443 2774 505 2831 qus
521 2761 634 2831 piorum
655 2760 815 2829 imperato-

92 2866 105 2907 c
125 2865 224 2924 regum
245 2857 470 2921 ceterorumque
490 2850 598 2905 Christi
622 2849 750 2906 lidelium
772 2848 812 2904 ibi

92 2955 111 2998 s
124 2941 229 2997 collata
242 2948 310 2997 sum
326 2941 367 2996 vel
382 2940 547 3011 ubicunque
560 2939 701 2995 collatura
715 2944 812 3004 erunt,

867 1794 1123 1864 excommunicato,
1144 1794 1314 1867 suggessisti
1338 1794 1422 1852 nobis
1443 1800 1585 1866 quatenus
1607 1793 1694 1863 hujus

868 1881 1032 1951 apostolicae
1047 1887 1151 1938 nostre
1166 1882 1395 1939 corallrmatiouis
1410 1883 1562 1954 privilegio
1584 1882 1694 1938 condr-

868 1982 945 2024 mare
952 1969 1119 2027 deberemus
1127 1985 1224 2027 omnes
1231 1970 1446 2028 resimmobiles
1454 1972 1580 2041 ejusdem
1590 1976 1693 2026 sanctu

867 2059 917 2116 Dei
931 2060 1065 2117 Ecclesiae
1079 2061 1275 2117 Gerundeusis
1291 2061 1320 2115 in
1335 2061 1441 2116 honore
1455 2065 1560 2116 sauctae
1575 2059 1624 2114 Dei
1642 2074 1695 2131 ge-

869 2148 985 2205 nitricis
997 2162 1108 2220 semper
1120 2149 1245 2221 virginis
1259 2150 1355 2204 blaria
1367 2149 1490 2204 dominae
1507 2154 1610 2204 uostrae
1623 2167 1629 2202 ι
1642 2148 1692 2204 ubi
1743 2160 1751 2173 ‘

868 2237 969 2294 beatus
984 2238 1064 2295 Felix
1076 2238 1186 2294 Christi
1200 2244 1307 2308 martyr
1321 2251 1441 2307 corpore
1456 2236 1623 2307 requiescit,
1640 2237 1693 2293 hoc

868 2330 921 2394 est,
937 2326 1044 2395 domos,
1062 2325 1166 2396 plebes,
1182 2325 1278 2394 cellas,
1293 2325 1438 2397 ecclesias,
1456 2325 1549 2393 villas,
1563 2330 1592 2380 et
1608 2325 1687 2381 insu-

870 2414 923 2483 las,
935 2415 1072 2486 blajorica
1084 2415 1197 2471 scilieet
1211 2420 1239 2470 et
1254 2415 1403 2486 lliuorica,
1419 2428 1468 2470 seu
1484 2420 1590 2484 curtes,
1606 2427 1695 2484 paro-

869 2503 961 2571 chias,
978 2511 1079 2575 terras,
1100 2503 1209 2571 vineas,
1225 2507 1316 2573 prata,
1337 2503 1437 2573 siluas,
1458 2515 1514 2559 uua
1532 2517 1597 2557 euru
1614 2501 1695 2558 lami-

870 2590 921 2647 liis
934 2591 1087 2663 utriusque
1108 2605 1203 2655 sexum,
1219 2605 1283 2647 cum
1303 2591 1439 2647 omuibus
1456 2591 1629 2661 adjacentiis
1644 2604 1694 2647 seu

870 2680 1054 2751 pertiuentiis
1069 2680 1142 2751 suis,
1159 2695 1222 2751 quae
1233 2693 1250 2734 a
1263 2680 1321 2750 piis
1335 2678 1558 2749 imperatoribus
1572 2680 1615 2735 vel
1632 2680 1698 2737 reli·

870 2770 961 2842 glosis
975 2769 1048 2826 uiris
1061 2769 1104 2826 ιιι
1120 2769 1156 2826 ab
1173 2769 1242 2825 aliis
1260 2770 1348 2825 Deum
1365 2769 1535 2825 timentibus
1550 2769 1580 2824 ιιι
1598 2770 1696 2826 eadem

869 2858 997 2915 Ecclesia
1015 2859 1195 2915 Gerundensi
1217 2857 1320 2914 collata
1342 2862 1421 2927 sunt,
1444 2859 1598 2929 sicutipse
1618 2872 1693 2914 nuuc

871 2962 962 3020 usque
977 2947 1062 3019 legali
1073 2947 1174 3002 ordine
1190 2952 1285 3003 terrere
1300 2946 1416 3002 videris.
1433 2946 1512 3003 Unde
1524 2946 1692 3004 salubribus

93 3032 256 3087 ῑῢὶιῐιῡιιὶὓθ
276 3030 443 3086 stabilimus
456 3048 463 3100 3
477 3029 501 3085 Si
520 3034 611 3084 [³11¹ssss
628 3029 705 3098 1¹¹⁸oe
721 3034 750 3083 θῑ
765 3039 815 3082 ffl·
830 3018 855 3081 C
872 3036 1062 3107 petitionibus
1076 3035 1137 3090 tuis
1150 3034 1282 3091 inclinati
1298 3034 1480 3090 deceruimus
1492 3042 1521 3092 ιι
1531 3049 1547 3091 a
1559 3037 1692 3105 presenti

91 3120 196 3179 ilitera
212 3120 295 3177 uobis
316 3120 439 3191 petistis,
460 3127 488 3175 et
500 3119 536 3175 ab
556 3119 625 3174 aliis
646 3117 815 3174 bominibus

92 3224 107 3269 c
126 3211 302 3267 detinentur.
320 3213 361 3265 lta
376 3223 490 3280 quoque
505 3215 538 3265 ut
554 3208 629 3263 nudi
647 3206 756 3262 homini
773 3205 816 3262 las

92 3300 124 3358 ¹is
135 3300 271 3358 omnibus
289 3298 446 3370 quamlibet
460 3298 513 3353 tibi
531 3298 648 3367 tuisque
663 3309 816 3351 successo-

91 3389 230 3460 apiscopis
246 3402 379 3460 generare
393 3387 567 3443 calumniam
582 3391 633 3441 aut
647 3384 817 3456 qualescun-

91 3479 285 3536 ›utrarictates
310 3476 401 3532 lacere
425 3476 518 3546 :quia
544 3487 596 3530 uos
623 3472 756 3530 volumus
783 3476 816 3528 ιι

95 3567 218 3638 ejusque
246 3566 373 3621 ecclesiae
401 3564 584 3635 privilegium
614 3561 815 3618 inconvulsum

91 3670 124 3713 rr.
148 3658 217 3710 Nam
235 3657 270 3711 de
293 3654 475 3709 monasteriis
495 3653 586 3707 eidem
608 3659 664 3707 tuae
682 3650 816 3706 Ecclesiae

92 3757 126 3801 ce
137 3743 365 3814 competentibus
378 3742 516 3798 similiter
531 3740 688 3796 statuimus
699 3738 815 3796 subdita

91 3832 195 3904 elusta
208 3833 324 3902 petenti.
339 3833 369 3887 Si
381 3832 448 3902 quis
458 3837 553 3886 autem
564 3843 659 3885 comes
669 3828 816 3898 autjudex

91 3937 126 3979 us
145 3923 188 3979 ιιι
212 3922 423 3993 qualiscunque
443 3920 521 3975 alius
543 3920 627 3974 homo
648 3924 747 3975 contra
763 3918 816 3973 hoc

93 4026 120 4069 m
133 4010 323 4082 apostolicum
340 4009 524 4081 privilegium
538 4007 733 4078 qualicunque
748 4013 815 4062 tern-

91 4103 159 4175 puod
174 4115 229 4157 non
244 4107 386 4171 optamus,
400 4113 482 4172 agere
495 4097 537 4153 ιιι
553 4096 723 4153 contendere
740 4109 817 4166 prte-

90 4192 156 4261 erit,
174 4192 234 4248 sive
246 4205 278 4246 ea
292 4205 353 4261 quae
369 4204 420 4260 pro
433 4188 525 4245 divini
541 4186 638 4242 cultus
651 4198 746 4241 amore
761 4190 818 4240 sta·

90 4297 101 4338 ι
112 4282 143 4338 ιιι
155 4281 254 4351 aliquo
265 4278 395 4351 frangere
407 4277 568 4347 tentaverit,
581 4275 654 4332 sciat
664 4288 694 4330 se
704 4274 818 4329 auatbe

871 3127 963 3197 prima
977 3124 1138 3181 indictione
1152 3137 1201 3193 per
1214 3122 1265 3178 hoc
1276 3123 1467 3194 apostolicum
1482 3130 1613 3179 nostrum
1630 3125 1695 3194 pri-

869 3214 1006 3285 vilegium
1015 3213 1184 3268 roboramus
1195 3222 1222 3266 et
1232 3210 1435 3267 conlirmamus
1446 3217 1475 3266 et
1485 3211 1516 3267 in
1529 3217 1697 3282 perpetuum

869 3303 1025 3360 statuimus
1048 3308 1076 3357 et
1091 3302 1122 3356 ιιι
1138 3315 1192 3356 usu
1212 3307 1240 3355 et
1265 3299 1392 3355 utilitate
1415 3300 1542 3369 ejusdem
1564 3301 1696 3357 Ecclesia

869 3391 1076 3459 Gerundeusis,
1092 3389 1139 3445 cui
1154 3402 1273 3459 praeesse
1285 3388 1475 3459 dignosceris,
1493 3388 1521 3443 id
1541 3395 1585 3443 est
1597 3402 1697 3444 omues

870 3482 979 3551 domos,
1003 3479 1101 3548 cellas,
1124 3476 1270 3546 ecclesias,
1287 3475 1381 3547 villas,
1403 3482 1509 3544 curtes,
1535 3475 1695 3546 parochias,

871 3578 973 3640 terras,
994 3568 1103 3633 vineta,
1123 3573 1213 3637 prata,
1235 3565 1333 3634 siluas,
1357 3578 1413 3620 una
1435 3578 1500 3621 cum
1521 3562 1651 3634 lamiliis,
1670 3570 1699 3620 et

871 3659 929 3713 alia
942 3656 1038 3714 omniu
1052 3669 1115 3727 quae
1126 3655 1161 3710 ab
1177 3653 1401 3724 imperatoribus
1415 3657 1443 3708 et
1464 3652 1610 3724 religiosis
1625 3653 1698 3708 viris

872 3747 915 3803 ιιι
926 3745 962 3801 ab
973 3744 1043 3801 aliis
1055 3746 1143 3799 beum
1159 3741 1330 3799 timentibus
1343 3741 1372 3796 iu
1388 3742 1484 3797 eadem
1497 3740 1624 3796 Ecclesia
1639 3740 1695 3796 col-

873 3837 930 3893 lata
940 3840 1008 3891 suut
1020 3833 1063 3889 ιιι
1076 3831 1248 3890 conserenda
1268 3837 1354 3886 eruut
1369 3836 1425 3885 tam
1440 3830 1469 3885 iu
1486 3830 1557 3900 ipsis
1571 3829 1697 3886 comita-

872 3925 952 3981 tibus
974 3937 1059 3994 quam
1082 3924 1111 3977 iu
1135 3922 1203 3978 aliis
1230 3920 1312 3992 locis,
1336 3919 1424 3975 simul
1451 3932 1517 3974 cum
1541 3917 1627 3974 rauca
1644 3931 1695 3974 seu

873 4013 1036 4085 pascuario,
1054 4011 1109 4066 sub
1122 4016 1170 4068 tua
1185 4016 1358 4080 tuorumque
1372 4021 1571 4065 successorum
1586 4007 1698 4064 ditione

872 4117 905 4158 ac
929 4108 1067 4173 potestate
1098 4099 1272 4156 omnimodis
1302 4098 1514 4166 confirmamus,
1542 4102 1700 4152 satuentes

873 4190 1030 4263 apostolica
1040 4204 1159 4246 censura
1175 4189 1228 4245 sub
1240 4187 1335 4243 divini
1345 4185 1451 4258 judicii
1467 4184 1659 4241 obtestatione
1671 4193 1701 4242 ιι

874 4278 1066 4337 anathematis
1082 4277 1235 4334 interdicto
1252 4282 1284 4331 ut
1297 4275 1371 4330 nulli
1393 4287 1517 4344 unquam
1542 4286 1644 4345 magno
1657 4273 1699 4329 ιιι

96 4370 225 4427 vinculis
244 4369 413 4423 iaculatum
429 4374 485 4422 eta
501 4379 587 4436 regno
606 4364 656 4419 1)θὶ
676 4362 814 4418 alienum·
833 4377 961 4441 uparvo
981 4369 1091 4426 homini
1105 4368 1190 4423 liceat
1205 4365 1364 4437 quamlibet
1383 4364 1502 4419 forciam
1518 4363 1560 4417 ιιι
1576 4375 1699 4432 oppres-

90 4466 166 4517 utem
195 4473 279 4515 uerus
301 4464 399 4513 custos
422 4463 450 4512 ct
471 4456 636 4511 observetur
658 4452 814 4522 exstiterit,

90 4549 218 4606 ctionem
231 4554 259 4603 et
271 4548 391 4620 gratiam
407 4545 555 4601 abomino
570 4547 626 4600 Deo
640 4547 738 4599 nostro
751 4555 817 4598 con·

92 4643 244 4694 mereatur.
269 4637 340 4692 Bene
361 4635 460 4690 valete.

90 4730 171 4798 ptum
188 4740 236 4796 per
253 4740 366 4781 manum
382 4724 514 4796 Gregorii
530 4721 721 4778 scriniariis.
739 4720 770 4775 ιι.
786 4721 816 4775 Ε.

90 4828 127 4874 ιιι
135 4815 280 4886 octobrio,
294 4815 453 4870 indictione
464 4813 566 4882 prima,
579 4810 678 4866 ldibus
686 4809 819 4866 Octobris

90 4918 169 4964 tuum
186 4905 322 4975 Stephani
338 4903 454 4959 nornine
468 4902 609 4958 calatoris
623 4905 727 4955 sanctae
742 4899 819 4955 sedis

90 4993 168 5065 ιιιιι,
185 4995 342 5065 imperante
355 4994 386 5048 b.
400 4996 432 5048 ιι.
446 4991 578 5062 piissimo
592 4991 641 5044 PP.
655 4994 727 5060 Aug.
742 4989 819 5043 barn-

89 5096 101 5140 ι
114 5084 174 5139 Deo
188 5088 324 5138 coronato
340 5096 442 5153 magno
463 5081 620 5149 imperante
636 5078 711 5148 lup,
726 5075 821 5146 impe-

89 5169 96 5248 Ι
120 5184 197 5227 anno
220 5185 259 5240 vr,
283 5177 311 5226 et
335 5170 519 5240 pontificatus
545 5164 619 5241 pru„
641 5165 819 5235 consulatus]

89 5275 120 5334 u,
145 5261 304 5317 indictione
327 5260 428 5329 prima.

300 5386 465 5441 EPtsiata
484 5386 516 5439 ιι.

91 5529 129 5572 ιιι
147 5526 323 5570 sunvuu-um
344 5524 493 5566 episcoruu
513 5520 722 5565 cenusocsseu.

89 5654 163 5699 auus
183 5640 347 5711 episcopus,
374 5651 475 5694 seruus
498 5646 643 5691 seruorum
668 5633 718 5689 bei
741 5646 823 5689 reue-

874 4462 985 4517 sionem
998 4459 1028 4515 in
1039 4456 1173 4515 omnibus
1186 4455 1272 4512 rebus
1286 4455 1349 4525 ejus
1364 4452 1455 4508 lacere
1467 4458 1518 4508 aut
1533 4457 1698 4522 potestatem

874 4551 1003 4620 aliquam
1019 4547 1123 4604 babere
1136 4547 1178 4603 ιιι
1189 4547 1316 4617 aliquem
1340 4542 1516 4614 distringere
1532 4545 1584 4597 aut
1599 4540 1701 4612 quali-

864 4631 1033 4709 'tercunque
1043 4638 1186 4693 teloneum
1201 4637 1293 4691 abeis
1308 4635 1421 4706 exigere
1437 4633 1497 4688 sive
1511 4632 1546 4688 ad
1559 4631 1699 4702 placitum

877 4730 1041 4800 ubicunque
1055 4740 1103 4783 eos
1114 4740 1165 4797 pro
1176 4725 1355 4796 quibuslibet
1366 4724 1463 4780 causis
1475 4736 1628 4792 provocare
1641 4737 1702 4794 pra-

876 4826 981 4892 sumat,
993 4818 1050 4874 uisi
1061 4819 1090 4874 iu
1102 4815 1281 4887 providentia
1292 4815 1338 4870 sui
1347 4813 1475 4885 episcopi
1486 4827 1573 4870 causa
1582 4812 1700 4871 illorum

874 4912 1011 4969 audiatur
1023 4915 1051 4964 ιι
1066 4907 1202 4963 canonice
1219 4905 1346 4960 liniatur.
1360 4904 1390 4958 Si
1411 4905 1477 4975 quis
1494 4909 1600 4975 autem,
1622 4904 1700 4976 quod

876 5016 931 5057 nou
945 5006 1087 5071 optamus,
1101 5004 1201 5052 contra
1222 4995 1274 5051 hoc
1298 4999 1425 5050 nostrum
1452 4993 1637 5066 privilegium
1654 4995 1699 5064 pie

876 5091 960 5148 nobis
971 5094 1122 5156 statutum,
1135 5084 1286 5142 temerario
1298 5097 1373 5140 ausu
1382 5097 1465 5155 agere
1482 5085 1698 5155 presumpserit

876 5181 950 5238 sciat
968 5193 1000 5237 sc
1024 5176 1215 5235 anathematis
1239 5174 1363 5230 uinculis
1390 5173 1571 5243 innodatum,
1594 5181 1622 5230 et
1641 5173 1700 5228 nisi

877 5269 1042 5341 resipuerit,
1064 5282 1080 5323 a
1103 5279 1188 5338 regno
1212 5265 1262 5320 Dei
1284 5265 1397 5320 alienus
1416 5264 1530 5320 existat.
1556 5264 1610 5333 Qui
1633 5272 1698 5318 vero

876 5368 974 5417 eustos
988 5365 1017 5415 et
1029 5354 1353 5424 observatorexstiterit,
1365 5353 1591 5409 benedictionem
1602 5356 1630 5406 ιι
1639 5361 1704 5420 gra·

878 5451 947 5506 tiam
962 5447 1110 5504 abomiuo
1132 5452 1334 5516 consequatur,
1355 5444 1499 5512 Scriptum
1522 5454 1571 5510 per
1586 5447 1699 5493 manum

876 5538 969 5611 Sergii
985 5536 1133 5594 scriniarii
1149 5540 1254 5591 sauctae
1269 5535 1400 5588 Romana
1414 5529 1547 5585 Ecclesiae
1562 5528 1592 5583 iu
1605 5536 1701 5581 meuse

877 5627 1004 5698 Octobri,
1024 5625 1183 5682 indictione
1205 5622 1305 5692 prima.
1328 5621 1401 5675 Beue
1417 5617 1515 5673 valete
