3876 6090
111 239 148 297 al
710 244 890 302 numerasti
919 245 1189 303 nlutloruucnuu
1748 242 1784 305 84

113 368 330 440 archiepiscopo
342 369 476 440 apanis,
494 371 599 426 toanne
619 369 675 427 Deo
693 371 870 428 amicissimo
892 385 928 427 e-
939 372 969 433 A
984 375 1157 442 quetautem
1169 385 1246 429 nunc
1258 370 1423 428 nobistrlcs
1434 367 1785 441 durius,dlviunsrldeli·

114 458 231 530 piscopo
256 457 312 529 Cli,
335 457 491 515 Athanasio
512 460 569 516 Deo
594 459 772 516 amicissimo
792 461 926 530 episcopo
983 464 1066 516 cetae
1077 461 1257 532 principalis,
1266 464 1295 515 et
1304 460 1507 517 sanctissimus
1518 460 1655 530 Spiritus,
1668 459 1705 515 de
1717 471 1787 530 quo

94 614 100 621 ¹
114 547 230 604 Anhelii
244 547 403 615 diathesis,
415 547 561 604 Theodoro
574 551 630 604 lieo
653 549 831 605 amicissimo
846 549 929 618 epis·
983 549 1056 605 dicit
1072 549 1203 606 divinum
1221 556 1249 605 et
1264 550 1424 621 principale
1438 549 1561 606 l'erbum
1576 549 1712 604 Christus
1729 547 1787 604 Sal·

116 650 188 706 copo
201 635 324 707 Sinopae,
342 636 497 692 Eustachio
515 638 571 692 ileo
593 638 769 693 amicissimo
794 638 929 707 episcopo
984 643 1064 693 vator
1077 639 1337 704 nosterroaicrrdr't
1349 641 1435 701 inme,
1447 640 1562 707 flumine
1575 638 1608 692 de
1621 642 1714 692 aenne
1727 638 1787 706 ejus

116 726 262 796 AEmoniar,
273 725 420 781 Theodoro
431 726 672 783 Deoamicissimo
689 727 822 796 episcopo
842 728 930 781 Lace-
983 729 1068 796 (tueor
1079 743 1157 797 uque
1168 730 1244 783 viva.
1257 731 1412 783 llocactem
1424 727 1530 783 dicebat
1545 727 1578 781 de
1588 726 1696 796 Spiritu
1708 740 1788 796 quem

119 815 277 872 damnaria.
287 814 446 884 Nicephoro
456 816 513 871 beo
523 816 700 872 amicissimo
710 816 930 886 episcopozacy.
984 819 1121 887 accepturi
1135 823 1213 871 erant
1223 818 1360 872 credentes
1371 820 1399 872 in
1409 834 1470 873 enm
1481 817 1568 888 sicut,
1579 816 1656 873 dixit
1669 818 1789 872 sanetus

120 903 360 975 nthi,Euthymio
373 903 507 973 episcopo
528 906 719 976 llosynorum,
744 905 850 961 Basilio
873 906 930 961 Deo
983 905 1377 980 ioannesevangelistatloon.
1390 905 1510 980 vispilio
1523 904 1789 975 estenimspiritus

120 993 439 1063 amicissimoepiseopo
461 993 567 1065 Pyrgii,
583 994 705 1066 Georgio
720 994 776 1050 Deo
790 993 931 1050 amicissi·
985 995 1020 1050 de
1032 1010 1088 1066 quo
1100 996 1177 1053 dixit
1190 997 1326 1066 propheta
1338 996 1442 1051 David:
1461 996 1595 1049 Fluminis
1608 995 1727 1065 trapetas
1746 994 1792 1048 loc-

122 1094 168 1138 mo
181 1080 313 1152 episcopo
323 1080 409 1152 Helii,
425 1081 507 1136 Petro
525 1081 582 1137 Deo
601 1082 778 1138 amicissimo
796 1082 930 1152 episcopo
986 1084 1372 1156 tipcatctottaternlleitl’sal.
1389 1083 1636 1157 xnr11),ridelicet
1659 1085 1789 1138 sanctam

121 1169 251 1237 Troadis,
270 1172 360 1226 Leone
375 1171 432 1225 Deo
450 1169 627 1226 amicissimo
648 1171 781 1242 episcopo
800 1170 933 1241 Daphnu·
986 1172 1152 1229 Ecclesiam.
1169 1175 1225 1229 istc
1238 1174 1343 1230 liutius
1354 1176 1483 1245 segregat
1495 1172 1619 1241 impetus
1630 1183 1699 1226 suos
1713 1181 1789 1225 nunc

123 1258 184 1330 sia,
195 1258 293 1315 h'iceta
303 1259 359 1314 Deo
372 1257 549 1314 amicissime
559 1259 816 1330 episcoporbotiae,
826 1259 932 1315 Basilio
989 1263 1019 1318 in
1036 1268 1160 1332 quatuor
1174 1263 1270 1331 initia,
1283 1264 1313 1318 in
1324 1261 1521 1318 sanctissimos
1539 1259 1651 1316 scilicet
1665 1258 1791 1314 vicarios

122 1348 180 1403 Deo
212 1346 389 1403 amicissimo
417 1346 550 1417 episcopo
575 1348 692 1418 Gratia,
716 1348 853 1404 Damiano
876 1348 933 1404 nco
989 1352 1115 1408 senioris
1129 1353 1234 1423 homa,
1248 1357 1277 1407 et
1289 1351 1319 1406 in
1332 1349 1680 1420 constantinopolitanum
1696 1346 1792 1402 imita

123 1435 300 1494 amicissimo
314 1439 448 1510 episcopo
471 1438 675 1509 Miletopoleos,
692 1438 861 1510 Theophane
877 1439 933 1492 Deo
988 1448 1078 1498 torem
1090 1442 1140 1497 Ilei
1154 1441 1347 1512 patriarcham
1362 1441 1515 1512 ignatium.
1531 1444 1618 1510 atque
1633 1437 1664 1492 iu
1676 1450 1727 1492 eos
1739 1435 1790 1506 qui

124 1527 566 1603 amicissimoepiscopol'rallae,
582 1530 699 1587 Leontio
717 1531 774 1586 Deo
793 1530 934 1587 amicissi·
988 1546 1023 1588 ex
1041 1531 1178 1587 ambabus
1195 1529 1312 1587 sedibus
1324 1529 1452 1586 Orientis
1470 1528 1654 1595 advenerunt,
1671 1522 1793 1581 sanetis

126 1628 171 1671 mo
183 1616 935 1693 episcopoNeopoleos,tosephDeoamicissimoepis-
989 1622 1078 1678 simos
1105 1620 1237 1677 vicarios.
1255 1620 1318 1675 llaec
1342 1618 1439 1690 itaque
1452 1621 1550 1675 sancta
1569 1622 1598 1673 et
1617 1612 1792 1673 universalis

124 1706 359 1774 copol‘alaeorum
369 1710 591 1782 ethorgiolleo
604 1709 781 1766 amicissimo
800 1707 934 1779 episcopo
947 1696 974 1759 B
989 1711 1115 1782 synodus
1127 1722 1193 1766 arca
1214 1708 1319 1765 salutis
1331 1711 1382 1765 est.
1397 1709 1431 1764 ad
1455 1721 1540 1780 quam
1566 1703 1742 1778 confugiunt
1764 1701 1794 1758 et

126 1792 273 1852 ddrianae:
287 1796 757 1871 bisitaconvenientibussurgens
768 1797 935 1868 Metropha-
990 1798 1260 1857 introibuntomnes
1274 1797 1324 1868 qui
1337 1797 1521 1867 praeordinati
1536 1795 1643 1854 suntin
1659 1794 1748 1850 vitam
1759 1806 1794 1847 ac·

127 1897 178 1940 nes
186 1885 243 1941 Deo
257 1885 453 1944 amicissimus
462 1887 782 1960 metropolitasmyrna,
793 1886 822 1942 in
841 1887 935 1944 medio
990 1896 1108 1945 ternam.
1122 1889 1157 1942 Et
1170 1891 1202 1942 tu
1213 1901 1253 1955 es,
1267 1887 1358 1943 amice
1369 1885 1478 1943 Christi
1500 1883 1624 1941 domine.
1640 1884 1710 1951 Noe,
1733 1880 1794 1950 jus

127 1979 231 2030 sanctae
244 1975 417 2033 universalis
432 1977 531 2048 synodi
553 1982 641 2048 stans,
664 1979 861 2049 pronuntiavit
880 1992 936 2034 ma·
991 1983 1038 2033 tus
1051 1976 1184 2032 inventus
1199 1976 1227 2030 in
1239 1982 1392 2044 conspectu
1404 1975 1454 2031 bei
1472 1974 1501 2029 in
1519 1971 1703 2045 generatione
1718 1974 1793 2052 tua3

128 2077 183 2138 gna
201 2077 268 2122 voce
286 2064 316 2121 in
336 2066 500 2123 audentiam
513 2066 642 2125 omnium
663 2067 858 2124 ita:Justitiae
880 2067 933 2123 sol.
991 2065 1059 2136 quia
1087 2065 1171 2120 talem
1194 2078 1289 2120 arcam
1318 2063 1476 2136 fabricasti,
1505 2058 1711 2130 benedixitque
1738 2057 1793 2113 tibi

129 2157 179 2226 qui
191 2162 235 2214 est
249 2169 382 2227 magnum
392 2154 699 2211 etrerumacdirinum
712 2156 934 2227 principaleque
989 2155 1074 2225 Deus,
1088 2158 1117 2209 et
1132 2153 1205 2224 proli
1219 2153 1328 2209 ventris
1344 2153 1398 2223 tui,
1415 2156 1443 2208 et
1455 2152 1542 2208 timor
1557 2155 1625 2207 tuus
1646 2154 1676 2205 et
1688 2154 1795 2203 tremor

128 2259 237 2318 pumen,
247 2244 442 2317 quiquesolus
453 2246 498 2300 cst
513 2243 633 2299 inunita
647 2244 780 2314 potentia
795 2244 936 2300 Dominus
990 2252 1060 2303 tuus
1074 2243 1130 2300 erit
1140 2242 1297 2300 secundum
1311 2246 1436 2297 veterem
1453 2244 1511 2299 Noe
1526 2253 1612 2310 super
1623 2251 1723 2296 omnes
1735 2237 1796 2293 bes

131 2337 242 2391 etDeus
253 2337 359 2402 noster,
371 2332 420 2403 qui
431 2331 525 2388 dixit:
539 2333 621 2386 Fient
634 2333 782 2387 heminaria
796 2335 824 2386 to
838 2336 938 2403 mmo·
992 2335 1048 2390 tias
1062 2332 1135 2403 agri,
1149 2336 1178 2386 et
1191 2345 1276 2401 super
1288 2331 1385 2386 omnia
1397 2330 1527 2386 volatilla
1540 2327 1614 2399 caeli,
1629 2328 1682 2383 boc
1692 2331 1737 2383 est
1749 2341 1798 2382 su-

128 2423 281 2478 rncatocoe-ti
292 2423 330 2476 cd
344 2422 570 2475 illuminationem
580 2425 658 2474 terrea
674 2439 682 2485 ς
697 2422 821 2488 fecitduo
836 2436 938 2489 meque
993 2421 1153 2494 peremnia
1169 2434 1233 2491 quae
1245 2419 1320 2475 bella
1336 2421 1441 2489 amant,
1457 2422 1485 2474 et
1505 2417 1644 2486 infidelia,
1664 2427 1729 2487 quae
1742 2415 1797 2471 sci·

131 2513 279 2567 luminaria
286 2512 533 2580 inminerequidem
542 2509 632 2578 mojus
647 2511 677 2564 ia
685 2511 851 2580 principiae
871 2511 936 2570 diei,
993 2511 1061 2568 licet
1074 2509 1128 2566 sub
1151 2508 1284 2564 universo
1299 2507 1370 2563 ooelo
1391 2507 1563 2565 consistunt.
1578 2507 1641 2561 llaec
1657 2509 1756 2561 saneta
1768 2508 1798 2559 et

128 2603 322 2656 minorantem
341 2602 371 2653 in
383 2601 520 2670 prirtcipto
532 2599 628 2660 noctis,
644 2602 669 2652 et
680 2601 775 2667 puscit
787 2615 818 2653 eo
843 2601 873 2652 io
886 2603 940 2669 fir·
998 2597 1169 2658 aniversalis
1182 2598 1308 2668 synodus
1319 2600 1364 2652 est
1378 2595 1520 2666 benignus
1535 2599 1563 2650 et
1573 2593 1666 2650 bonus
1679 2596 1795 2663 puteus,

130 2693 264 2744 memento
276 2688 344 2750 cccli,
355 2689 507 2758 ctpraesiat
517 2689 572 2743 diei
581 2690 692 2743 conecti
702 2687 776 2757 (Gen.
787 2702 807 2760 ι)
818 2706 826 2758 3
837 2692 866 2743 et
879 2693 940 2743 tan·
995 2702 1078 2761 quem
1089 2686 1187 2743 fodisti
1201 2692 1242 2756 tu,
1254 2689 1311 2742 Deo
1321 2684 1530 2752 amantissime,
1542 2681 1685 2738 Abraham
1697 2682 1798 2737 sertus

133 2791 217 2849 quam
229 2777 356 2848 quadam
369 2790 469 2848 magna
481 2776 645 2833 luminaria:
658 2776 792 2832 videlicet
810 2776 938 2846 quinque
995 2783 1023 2834 et
1034 2777 1144 2833 amicus
1154 2776 1204 2830 Dei
1216 2774 1323 2830 excelsi
1336 2792 1342 2826 :
1355 2773 1403 2828 cni
1418 2779 1446 2828 et
1457 2772 1588 2828 invident
1600 2770 1718 2841 quidem
1734 2770 1799 2824 Phi·

102 2864 108 2873 '
134 2865 337 2937 patriarchalia
357 2865 452 2935 capita
474 2865 504 2920 in
517 2865 758 2921 illuminationem
774 2865 864 2921 totius
886 2869 940 2921 ter-
996 2866 1111 2936 listiim,
1126 2879 1181 2920 non
1203 2867 1298 2919 autem
1324 2862 1439 2932 penitus
1451 2860 1596 2925 obruent3
1620 2859 1669 2914 scd
1683 2864 1800 2929 supera*

134 2968 183 3026 rae,
197 2968 253 3025 quo
267 2954 383 3023 praesint
397 2954 456 3009 diei
468 2968 501 3008 ac
515 2955 601 3010 nocti:
616 2960 644 3009 et
656 2959 788 3024 separent
802 2954 876 3009 inter
899 2953 941 3009 lu·
999 2956 1107 3011 buntur
1119 2952 1254 3022 operibus
1264 2957 1291 3006 et
1302 2948 1486 3016 studiistuis‚
1501 2947 1741 3019 quemadmodum
1753 2944 1799 3001 illi

133 3046 232 3098 menet
239 3040 378 3109 tenebras,
387 3041 847 3115 idestintereosquiaguntopera.
865 3041 940 3098 lucis
957 3059 982 3121 G
995 3045 1064 3101 olim
1077 3040 1163 3099 amici
1176 3044 1205 3095 et
1217 3038 1375 3095 beatissimi
1390 3035 1559 3107 patriarchae
1571 3034 1692 3091 hbrahae
1704 3040 1733 3090 et
1745 3035 1799 3091 sub

135 3131 189 3186 hoc
198 3129 496 3201 estdivinaejustitiae,
508 3134 536 3184 et
549 3129 678 3186 intereos
692 3129 863 3203 quinguntc
875 3143 940 3202 pera
995 3131 1131 3203 operibus
1143 3135 1171 3186 et
1183 3127 1299 3185 studiis.
1324 3128 1441 3196 Propter
1455 3125 1530 3196 quod
1555 3125 1641 3180 etiam
1668 3123 1747 3179 sicut
1763 3125 1798 3180 ad

136 3217 327 3288 tenebrarum,
336 3217 364 3273 ld
371 3218 812 3290 estinjustitiae3utquorundam
824 3219 941 3291 quidem
997 3219 1092 3289 illum,
1107 3219 1146 3275 ita
1160 3222 1189 3273 et
1200 3218 1234 3273 ad
1250 3221 1276 3273 te
1289 3217 1345 3272 Deo
1360 3214 1570 3270 amicissimum
1598 3213 1799 3285 imperatorem

136 3306 405 3379 illuminentmagis
416 3320 449 3363 ac
464 3308 555 3379 magis
572 3321 697 3380 gressus,
717 3308 765 3380 qui
784 3308 940 3364 secundum
997 3313 1127 3366 nostrum
1139 3307 1214 3364 dicit
1239 3306 1367 3363 omniurn
1381 3303 1529 3360 consultor
1541 3308 1569 3358 et
1581 3303 1726 3375 princeps,
1752 3317 1802 3373 per

135 3395 504 3466 Deumsunt3quorundam
520 3409 586 3453 vero
606 3397 788 3469 redarguant,
805 3400 833 3451 ot
851 3401 943 3452 osten·
997 3414 1091 3456 vocem
1106 3396 1282 3454 sanctissimi
1311 3392 1402 3466 patris
1418 3393 1472 3464 tui,
1497 3397 1525 3448 ct
1546 3391 1652 3448 summi
1677 3390 1802 3462 pastoris

136 3483 730 3556 dantatquedivulgentabsconditosactus
749 3484 941 3540 tenebrarum,
1003 3489 1105 3558 nostri,
1126 3501 1159 3543 ac
1176 3488 1234 3542 Deo
1256 3483 1498 3540 amicissimorum
1517 3480 1715 3538 vicariorum:
1737 3480 1802 3536 Nisi

139 3573 168 3628 id
179 3577 232 3643 est,
242 3571 405 3642 iniustitiae,
413 3584 445 3627 ac
457 3571 534 3627 lilios
543 3572 593 3626 Dei
607 3571 722 3627 aclucis
735 3571 889 3626 exhibeant
898 3575 942 3626 at·
999 3565 1170 3633 benedicens
1185 3573 1348 3629 benedicam
1361 3578 1397 3641 te,
1408 3575 1437 3626 et
1452 3570 1650 3640 multiplicans
1662 3569 1804 3640 multipli-

139 3658 941 3731 quedemonstrent.hdtalesdicitchristusbeusnoster:
999 3664 1069 3722 cape,
1081 3676 1175 3718 semen
1190 3668 1270 3719 tuum
1298 3661 1375 3717 sicut
1398 3658 1496 3715 stellas
1519 3659 1596 3730 emp,
1612 3658 1804 3714 stercorare

142 3749 319 3805 Vosestistaur
330 3745 540 3819 mundtfflotth.
550 3750 587 3820 v);
599 3746 669 3802 talos
678 3747 946 3802 nominavitetPau·
1000 3733 1064 3808 narn
1078 3764 1141 3823 qua
1155 3755 1198 3807 est
1211 3751 1241 3806 in
1255 3750 1352 3806 liltore
1366 3747 1463 3818 maris,
1480 3751 1508 3803 et
1521 3748 1687 3804 haereditate
1713 3747 1803 3818 possi-

141 3833 628 3908 lusmagnusapostolusluminaria
640 3835 670 3890 in
686 3835 802 3906 mundo,
828 3834 944 3892 verbum
1000 3840 1080 3896 debit
1095 3853 1188 3896 semen
1202 3844 1283 3894 tuum
1299 3843 1327 3894 et
1340 3835 1463 3908 populus
1476 3841 1544 3894 tuus
1556 3839 1689 3894 civitates
1708 3838 1804 3894 adver·

140 3920 731 3997 vitaecontinentia(Pht'tip.111)Talesergo,
744 3938 843 3997 magna
862 3925 948 3981 lumi·
1001 3931 1144 3987 sariorum
1156 3926 1232 4000 (Gen,
1248 3929 1319 4002 anu)
1345 3945 1351 3981 ι
1368 3928 1428 3997 ipse
1447 3929 1523 3985 enim
1538 3934 1582 3984 est
1596 3930 1671 3983 Deus
1695 3931 1802 3996 noster,

143 4013 234 4083 naria,
245 4011 377 4082 piissime
384 4011 533 4068 ethristo
546 4013 745 4086 dilectissimo,
754 4027 787 4069 ac
804 4014 947 4071 divinitus
1003 4020 1052 4092 qui
1067 4019 1211 4076 benedicit
1223 4019 1423 4078 benedicentes
1438 4035 1477 4091 se,
1494 4018 1543 4090 qui
1558 4017 1638 4074 solus
1661 4019 1705 4070 est
1724 4013 1805 4069 bene

143 4100 428 4173 gubernatedomine,
440 4101 678 4172 quemadmodum
696 4104 726 4159 in
745 4117 845 4176 magna
864 4105 948 4161 domo
1003 4108 1100 4164 dictus
1113 4121 1162 4177 per
1174 4106 1292 4164 infinita
1305 4111 1409 4166 sarcula
1425 4109 1605 4167 saeculorum.
1620 4105 1720 4161 limen.

144 4189 681 4261 multaslampades,inciritatetuaper
697 4192 950 4265 multamdiligcn·
1038 4199 1073 4254 lit
1098 4202 1161 4267 post
1185 4197 1451 4268 pronuntiationem
1479 4197 1562 4257 hanc.
1592 4192 1804 4264 periussionem

144 4279 214 4334 tiam
227 4278 616 4349 etstudiumacprudentiam
627 4280 770 4353 collegisti
788 4287 816 4337 et
835 4296 950 4355 congre
1005 4287 1091 4343 amici
1125 4286 1233 4343 Christi
1273 4286 1455 4356 imperatoris
1488 4283 1594 4352 nostri,
1636 4281 1707 4354 legit
1752 4279 1806 4336 de-

145 4366 218 4439 gasti
230 4371 259 4422 et
268 4366 492 4436 splendidiorem
501 4369 790 4441 ternetostendisti,et
797 4371 991 4440 iucundioD
1007 4381 1089 4432 votus
1111 4389 1126 4431 a
1148 4375 1266 4430 secretis
1293 4376 1347 4430 Leo
1374 4371 1629 4446 epanagnosticum
1658 4369 1807 4426 sanctissi-

147 4456 709 4525 rcmconversatiodemtuam,etChristi
726 4459 952 4516 ecclesiamniti·
1008 4477 1119 4519 morum
1147 4463 1338 4520 Romanorum
1361 4463 1548 4533 vicariorum,
1574 4461 1659 4530 cuius
1685 4458 1806 4515 initium

56 4592 62 4605 .
146 4544 256 4601 diorem
270 4544 440 4600 exhibuisti.
457 4546 603 4614 imovero,
619 4545 751 4615 piissime
763 4548 888 4620 domine,
903 4562 952 4620 per
1008 4558 1052 4610 est
1065 4554 1138 4610 hoc:
1475 4558 1479 4565 ‘

148 4637 244 4703 temet,
262 4631 315 4688 hoc
335 4638 379 4689 est
396 4633 577 4703 praesentiam
595 4639 687 4705 tuam,
704 4638 787 4707 quasi
811 4639 952 4710 quoddam
1043 4642 1195 4699 Credimus
1207 4655 1386 4713 nequaquam
1399 4642 1487 4698 latere
1500 4643 1664 4696 sanctamet
1675 4649 1807 4709 magnam

148 4721 304 4777 maximum
312 4719 440 4776 Orientis
452 4722 595 4778 luminare
606 4729 710 4780 sanetae
725 4726 794 4782 huie
807 4733 835 4783 et
845 4729 955 4784 unirer
1010 4733 1082 4789 hanc
1095 4731 1244 4804 synodum,
1261 4731 1386 4802 qualiter
1400 4731 1447 4788 hic
1463 4730 1617 4803 piissimus
1630 4732 1658 4783 at
1668 4726 1809 4782 christia-

149 4808 317 4879 salisynodo
329 4809 416 4864 etiam
436 4811 616 4883 predictaet
626 4815 771 4871 nuncvisa
786 4816 953 4889 luminaria,
1010 4817 1677 4891 sissimusetaneopretectusinperatorinitio
1689 4813 1807 4886 imperii

152 4896 295 4953 lucidiora
305 4898 591 4957 monstrastiverum
605 4915 654 4972 per
662 4903 718 4959 alia
732 4904 832 4961 divina
840 4905 955 4977 eloquia
1010 4911 1068 4981 sui,
1079 4912 1126 4966 cul
1138 4911 1331 4966 monarchiam
1347 4923 1427 4966 suam
1441 4907 1673 4980 magispracstitit
1690 4905 1810 4975 impera·

151 4983 351 5053 compendiose
363 4985 444 5042 valde
455 4993 620 5056 presentem
631 4996 757 5047 sanctam
770 4993 909 5063 synodum
926 4993 957 5049 fl·
1011 5005 1067 5071 tor,
1080 4998 1230 5056 confestim
1248 5000 1284 5055 de
1307 5004 1385 5055 statu
1408 5011 1440 5052 ae
1465 4997 1680 5067 recuperatione
1704 4998 1810 5050 sanetae

154 5083 298 5143 geremus.
308 5072 371 5127 llaec
384 5073 460 5129 enim
469 5080 512 5130 cst
522 5076 591 5131 olim
603 5078 764 5150 paradisus,
777 5093 860 5150 quem
879 5081 956 5152 plan·
1010 5086 1483 5158 ConstantinopolitanaeEcclesiae,
1501 5101 1564 5157 qua
1576 5084 1691 5141 diutius
1701 5097 1810 5153 posses·

154 5159 226 5214 urit
237 5161 312 5215 Deus
324 5160 358 5216 ad
371 5162 560 5233 orientemid
576 5167 661 5236 cujus
674 5167 767 5222 medio
784 5172 827 5224 est
845 5168 955 5242 lignum
1012 5191 1043 5233 sa
1055 5182 1116 5233 erat
1128 5173 1812 5245 abinvasoremtyrannorhoti0,c0gitarecoepe

155 5248 358 5319 rltae31nquem
370 5251 542 5324 ingreditur,
555 5266 589 5308 ex
599 5254 861 5327 intelligibiliEden
871 5257 894 5329 l,
908 5259 959 5315 liu-
1013 5267 1063 5336 rit,
1078 5264 1219 5337 quomodo
1232 5278 1266 5319 ex
1279 5264 1374 5319 eadere
1390 5263 1472 5320 illum
1488 5259 1810 5333 pelleretllcclesiaqsed

156 5337 266 5394 Villssid
278 5338 822 5413 irrigandumeumsicutscriptumest:
834 5347 960 5416 Qctepe-
1014 5354 1197 5411 etdirinitus
1223 5352 1392 5422 inspiratus,
1411 5357 1439 5408 et
1456 5356 1620 5408 sanctorum
1641 5355 1670 5405 et
1694 5351 1810 5406 Patrum

156 5427 961 5509 niuseprediturdeEdenirrepensparedtsttmffienul).Li·
1015 5440 1673 5514 praeceptainomuibusadimpleredeslderans,
1690 5437 1812 5509 proiecit

193 5533 209 5564 ³
222 5526 342 5618 llocest,
360 5524 610 5598 insprincipatum.
1054 5539 1069 5582 b
1087 5541 1116 5596 ld
1129 5545 1182 5614 est,
1196 5540 1331 5610 sprituali
1345 5539 1435 5595 Eden.
