3876 6090
150 234 197 292 tii
557 291 561 295 ,
759 239 937 297 nntsnxsn
959 240 1230 299 ututtovrtscnnss
1813 249 1867 311 472

149 357 320 413 universalis
330 363 433 414 octava
453 360 553 429 synodi
573 367 677 417 aeterna
697 364 833 419 memoria
851 364 856 417 i
872 364 972 419 Photio
986 367 1042 427 Ae
1065 368 1158 424 medic
1170 370 1289 426 removit
1303 371 1447 440 Ecclesiae,
1459 373 1604 444 hujusque
1619 374 1703 431 multi
1718 380 1860 446 temporis

146 451 174 502 et
193 448 330 519 Gregorio
345 462 377 503 ac
391 449 540 519 Eulampio
556 450 666 519 tripiici
690 450 820 508 funiculo
836 453 972 523 nequitiae
1028 457 1167 524 procellas
1185 460 1371 532 compescuit,
1393 466 1421 516 et
1439 463 1474 518 ad
1491 462 1639 531 limpidam
1652 465 1860 536 tranquillita-

144 537 308 592 anatbemai
327 537 443 592 i'ivifica
455 539 582 593 Trinitas
591 540 679 595 trium
696 540 813 609 typhum
825 541 967 610 deposuit.

144 625 284 681 Omnibus
313 627 513 681 consentaneis
536 618 564 681 et
585 628 758 698 sequacibus
777 643 874 684 eorum
897 643 970 685 ana-

143 713 236 769 thema
254 715 259 767 i
278 714 382 770 lluftos
394 729 484 770 annos
497 716 702 784 imperatorum
719 717 830 787 Basilii,
850 724 878 773 et
892 719 969 774 Con-

141 803 273 874 stantini,
289 808 316 857 et
329 803 443 858 Leonisl
453 805 617 874 niagnorum
629 804 869 874 irnperatcrumet
878 807 967 862 dicta·

142 895 237 946 terum
264 891 370 946 multos
383 891 495 947 anvrosl
518 892 656 948 Eudoxiae
671 893 810 963 piissimae
832 894 968 966 Auguste

142 978 248 1035 multos
266 979 376 1034 annosi
398 979 627 1036 Ortbodoxcrum
643 981 846 1051 imperatorum
862 983 968 1039 multos

140 1067 253 1122 annosi
279 1068 353 1122 Deus
374 1073 520 1124 conservet
542 1068 693 1139 imperium
711 1069 838 1139 ipsorum
856 1071 862 1124 i
878 1071 968 1140 Quis-

140 1155 207 1225 quis
221 1154 264 1211 eis
274 1156 404 1227 tyrannis
416 1156 554 1213 obsistere
568 1159 729 1228 tentaverit,
743 1159 785 1214 vel
795 1158 967 1216 obsistentes

139 1257 261 1314 nequam
282 1244 437 1301 consilium
452 1250 553 1302 contra
568 1260 617 1302 eos
633 1252 776 1304 moventes
788 1247 966 1317 comperiens

140 1331 258 1388 minime
275 1333 474 1403 propalaverit,
491 1334 642 1391 anathema
654 1330 695 1392 slt
706 1347 723 1391 a
734 1336 825 1403 Patre,
842 1335 963 1403 civilio,

138 1425 166 1476 et
185 1420 296 1490 Spiritu
312 1426 419 1493 sancto,
441 1429 469 1478 et
486 1422 613 1479 Ecclesia
630 1423 896 1495 primogenitorum,
913 1424 963 1495 qui

136 1507 237 1577 scripti
263 1514 330 1564 sunt
350 1509 380 1565 in
395 1509 486 1583 coelis,
501 1513 560 1567 eta
581 1511 690 1567 sanctis
704 1515 733 1566 et
753 1511 964 1568 universalibus

135 1600 200 1651 octe
215 1597 358 1653 consiliis.

133 1737 253 1795 Basilius
266 1740 410 1810 piissimus
424 1741 572 1810 imperator
590 1742 627 1795 ud
641 1746 763 1796 sunctum
777 1747 803 1799 ei
816 1743 964 1798 uniuersu-

397 1812 448 1866 lcm
461 1812 594 1880 synodum
607 1812 679 1867 dicii
693 1831 701 1866 ι

168 1934 247 1990 Licet
261 1932 409 1990 manifeste
429 1933 601 1991 laboraverit
624 1936 763 1992 sanctitas
788 1940 882 1994 vestra
903 1942 960 1993 tam

132 2020 189 2079 ioci
225 2022 446 2095 intercapedine,
475 2036 559 2094 quam
590 2024 727 2094 temporis
750 2038 827 2080 mora
851 2025 881 2081 in
901 2040 961 2081 mu·

131 2110 235 2167 nienda
248 2110 390 2168 divinitus
401 2111 471 2167 urbe
481 2116 577 2168 nostra
587 2117 752 2169 conservata
764 2131 771 2183 3
783 2113 830 2169 sed
848 2114 959 2186 magnis

130 2199 299 2257 muneribus
313 2214 345 2256 ac
359 2201 474 2256 divitiis
491 2201 624 2257 Cbristus
644 2203 719 2258 Deus
734 2206 831 2257 noster
846 2216 959 2258 recom-

130 2287 261 2358 pensabit
271 2287 518 2361 vobiscondignas
531 2289 760 2361 vicissitudines,
777 2295 806 2345 et
817 2291 958 2361 tranquil·

129 2375 273 2432 lissimum
287 2380 315 2431 et
333 2390 349 2430 a
368 2378 425 2432 Deo
449 2377 635 2433 muniendum
652 2377 805 2447 imperium
826 2383 955 2434 nostrum

129 2464 276 2534 praestabit
296 2464 387 2535 vobis,
407 2464 549 2535 quidquid
563 2464 598 2520 ab
612 2479 645 2521 eo
657 2466 836 2535 expetieritis
850 2467 885 2522 ad
899 2468 956 2523 Ec-

128 2551 280 2608 clesiarum
297 2557 456 2608 vestrarum
467 2553 707 2625 commoditatem,
720 2557 749 2609 et
761 2554 954 2610 venerationis

126 2643 226 2696 vestrae
246 2639 488 2711 consolationem,
508 2644 539 2697 ut
560 2646 588 2696 et
609 2641 743 2710 deinceps
760 2642 904 2698 orationes
925 2648 954 2698 et

127 2743 223 2800 preces
243 2742 353 2800 semper
365 2729 479 2785 faciatis
491 2730 525 2785 ad
548 2730 700 2785 Dominum
716 2731 803 2785 Deum
818 2745 868 2800 pro
882 2731 954 2787 uni-

124 2817 244 2874 versalis
256 2822 334 2873 statu
343 2823 371 2873 et
383 2818 520 2874 continua
536 2831 603 2887 pace
614 2831 647 2873 ac
658 2819 751 2874 salute
763 2818 952 2889 tranquillis-

124 2905 191 2961 simi
211 2910 240 2961 et
252 2906 400 2961 mitissimi
421 2906 534 2976 imperii
551 2907 652 2962 nostri.
673 2907 708 2961 Et
722 2911 784 2976 post
799 2907 950 2964 lectionem

123 2994 250 3065 termini,
264 2995 389 3051 Basilius
402 2994 561 3064 piissimus,
578 2999 606 3049 et
617 2995 731 3051 Cbristo
743 2995 877 3052 amabilis
892 2996 951 3051 im-

123 3088 235 3154 perator
249 3085 283 3139 ad
298 3089 424 3140 sanctam
437 3084 575 3154 synodum
588 3083 665 3139 dixit
680 3101 686 3136 :
704 3084 808 3155 Utique
823 3085 949 3141 audistis

122 3186 185 3244 quae
203 3172 275 3228 lecta
298 3176 387 3242 sunt3
411 3170 480 3242 quid
496 3185 562 3243 ergo
581 3172 694 3227 videtur
715 3173 878 3228 reverentie
898 3186 950 3228 ve-

120 3264 187 3316 strae
198 3260 293 3315 ‘iBene
304 3261 454 3330 expositus
466 3264 509 3315 est
524 3260 666 3316 terminus
679 3260 733 3316 iste
745 3261 759 3313 ‘i
770 3259 881 3316 Placuit
894 3275 948 3317 vo-

120 3348 166 3405 bis
189 3364 329 3406 canonum
354 3349 524 3419 expositio?
544 3361 580 3403 an
599 3353 643 3404 est
662 3349 774 3420 aliquid
802 3350 831 3405 in
855 3355 947 3405 mente

119 3444 211 3495 vestra
229 3441 264 3495 ad
280 3438 442 3510 ambiguam
458 3437 622 3508 opinionem
645 3438 811 3508 pertrahens
824 3438 839 3492 ‘i
851 3452 945 3493 veram

118 3526 187 3583 fecit
198 3527 399 3584 allocutionem
413 3527 447 3581 ad
468 3532 593 3582 sanciam
608 3525 680 3580 banc
692 3525 831 3594 synodum
853 3526 947 3596 impe-

117 3615 194 3672 rium
210 3621 350 3685 nostrum,
374 3620 402 3669 et
415 3614 439 3668 si
459 3613 629 3683 conspicitis
646 3611 751 3667 bonum
773 3626 844 3683 esse,
866 3612 946 3686 lega-

116 3710 173 3761 tur.
189 3704 290 3759 Sancta
302 3707 330 3757 et
345 3701 515 3757 universalis
534 3701 661 3771 synodus
681 3700 775 3755 dixit:
797 3700 865 3769 Quae
878 3714 946 3770 per-

115 3791 208 3846 tinent
219 3791 252 3846 ad
271 3789 425 3846 utilitatem
437 3788 570 3844 Ecclesiae
581 3788 631 3844 Dei
645 3789 787 3860 legantur,
800 3790 836 3844 Et
849 3803 945 3845 ascen-

113 3880 184 3935 dens
197 3880 249 3935 teo
273 3877 483 3933 famosissimus
507 3877 604 3949 regius
626 3876 876 3946 protospatharius
888 3883 942 3934 eta

114 3965 241 4037 secretis,
253 3965 341 4037 legit:

147 4091 268 4146 basilius
278 4092 420 4163 piissimus
430 4097 455 4146 et
467 4091 572 4218 cmo
585 4092 711 4145 umubilis
724 4092 870 4161 imperator

146 4287 264 4344 Multam
284 4287 399 4359 quidem
410 4287 586 4344 vexationem
603 4290 631 4343 et
643 4285 768 4343 laborem
781 4291 874 4344 vestra
888 4288 940 4344 di-

1027 550 1082 600 tem
1103 548 1241 604 traduxit.
1263 549 1378 606 Gratias
1389 564 1456 623 ergo
1479 554 1592 624 agimus
1611 554 1741 625 Domino,
1757 554 1859 611 Patres

1027 635 1211 708 venerabiles,
1235 639 1270 694 de
1292 639 1426 695 omnibus
1449 640 1616 714 bonisque
1645 643 1766 700 nobisa
1798 645 1858 701 Deo

1026 736 1158 781 concessa
1173 733 1250 798 sunt,
1264 733 1292 784 et
1312 729 1493 787 admittimus
1507 731 1593 787 etiam
1609 732 1701 788 zelum
1717 737 1856 804 vestrum,

1026 812 1076 882 qni
1092 816 1247 872 secundum
1260 818 1347 874 Deum
1364 822 1427 885 est;
1445 824 1474 874 et
1485 823 1618 889 optamus
1629 833 1645 875 a
1658 821 1857 879 munificentia

1024 903 1119 974 magni
1139 905 1189 960 Dei
1204 908 1232 961 et
1245 906 1321 979 regis
1336 907 1536 965 universitatis
1551 909 1714 979 opulentam
1731 911 1855 967 retribui

1022 990 1104 1051 vobis
1119 995 1286 1067 mercedem,
1304 994 1419 1053 dolores
1433 1004 1542 1054 vestros
1566 1004 1594 1053 ei
1615 998 1726 1055 labores
1742 1013 1856 1056 recom-

1023 1091 1204 1154 pensantem:
1223 1100 1275 1155 pro
1290 1084 1397 1156 quibus
1408 1089 1437 1142 et
1447 1086 1645 1158 tranquillitas
1657 1092 1755 1144 nostra
1768 1087 1856 1145 festi-

1021 1171 1103 1228 nabit
1118 1168 1231 1229 reficere
1249 1179 1278 1229 et
1301 1175 1429 1231 animare
1449 1189 1508 1246 vos,
1531 1179 1559 1231 et
1581 1188 1664 1231 omne
1674 1176 1852 1234 desiderium

1020 1266 1145 1318 vestrum
1175 1263 1302 1333 impiere.
1324 1264 1437 1320 iustum
1459 1268 1553 1321 autem
1576 1263 1714 1321 duximus
1734 1265 1765 1322 in
1786 1279 1853 1322 om-

1020 1348 1101 1405 nium
1126 1351 1304 1408 audientiam
1336 1365 1468 1423 expresse
1493 1351 1587 1423 fateri,
1619 1366 1670 1426 pro
1703 1354 1850 1412 communi

1019 1440 1147 1497 omnium
1161 1446 1290 1498 nostrum
1307 1441 1476 1512 munimine,
1496 1448 1525 1499 et
1536 1449 1640 1502 sancte
1652 1443 1701 1500 liei
1715 1444 1851 1500 Ecclesiae

1019 1530 1209 1598 perseveranti
1220 1530 1440 1602 tranquillitate,
1450 1536 1565 1602 propter
1576 1546 1624 1588 eos
1636 1533 1685 1604 qui
1700 1532 1848 1589 communi

1019 1615 1149 1675 invident
1172 1617 1305 1675 felicitati
1321 1637 1328 1682 ;
1345 1625 1373 1676 et
1393 1619 1581 1678 vulnerantur
1605 1621 1720 1693 quidem
1743 1622 1848 1694 sagitta

979 1704 1158 1780 Buerpentis
1173 1722 1259 1778 super
1277 1708 1472 1765 ecclesiastica
1487 1709 1680 1782 ordinatione,
1697 1716 1850 1783 congratu-

1016 1792 1114 1855 lantur
1132 1803 1227 1855 autern
1242 1798 1305 1868 ejus
1317 1798 1500 1854 commotioni
1520 1802 1549 1854 et
1563 1798 1657 1869 aestui,
1670 1803 1757 1870 atque
1767 1799 1849 1855 deli-

1015 1884 1076 1942 cias
1092 1887 1269 1956 existimant,
1292 1885 1316 1942 si
1342 1886 1468 1942 viderint
1485 1900 1546 1943 eam
1563 1887 1593 1943 in
1607 1892 1774 1958 tempestate
1787 1889 1847 1945 ftu-

1014 1979 1168 2032 ctuantem.
1193 1974 1311 2032 Talibus
1337 1989 1403 2048 ergo
1426 1988 1558 2046 expresse
1588 1975 1672 2032 bodie
1695 1976 1844 2034 dicimus:

1013 2064 1153 2137 Quisquis
1175 2064 1260 2121 babet
1282 2065 1393 2136 aliquid
1419 2065 1557 2122 adversus
1576 2066 1650 2123 banc
1673 2072 1801 2123 sanctam
1816 2071 1846 2123 et

1014 2154 1203 2211 universalem
1227 2155 1365 2225 synodum
1391 2154 1555 2223 dicendum,
1574 2155 1617 2211 vel
1633 2160 1732 2211 contra
1756 2156 1844 2226 buy'ns

1012 2256 1145 2315 canones,
1169 2248 1221 2299 aut
1238 2243 1403 2314 terminum,
1424 2243 1522 2299 stetin
1536 2243 1639 2314 medio,
1663 2247 1769 2314 etque
1783 2245 1843 2301 sibi

1011 2331 1154 2403 videntur,
1177 2333 1265 2401 dicat,
1287 2333 1346 2389 sive
1365 2332 1517 2403 episcopus
1536 2333 1586 2404 sit,
1612 2333 1672 2389 slve
1687 2335 1840 2407 quisquam

1010 2420 1045 2476 de
1059 2420 1254 2478 ecclesiastico
1268 2422 1354 2493 ciero,
1367 2422 1427 2478 sive
1439 2420 1533 2491 laicis,
1544 2427 1595 2478 aut
1610 2435 1644 2477 ex
1658 2422 1696 2478 iis
1707 2424 1757 2494 qui
1771 2425 1842 2481 civi-

1010 2507 1088 2565 libus
1113 2509 1216 2565 officiis
1237 2510 1447 2581 mancipantur,
1472 2510 1596 2581 existat3
1618 2524 1761 2581 quaquam
1782 2525 1838 2570 non

1008 2597 1106 2654 datum
1118 2598 1157 2653 sit
1169 2598 1235 2655 istis
1245 2598 1839 2671 secundumcanonemdicendiquidquam

1009 2686 1124 2756 penitus
1136 2687 1171 2742 de
1185 2686 1391 2743 ecclesiasticis
1406 2687 1502 2743 causis
1513 2686 1594 2758 (opus
1606 2688 1683 2743 enim
1704 2688 1757 2745 boc
1772 2703 1840 2760 pon·

1007 2773 1117 2831 titicum
1131 2780 1160 2831 et
1173 2777 1353 2833 sacerdotum
1369 2775 1420 2849 est)
1435 2793 1441 2830 :
1461 2775 1509 2832 sed
1525 2790 1558 2831 ex
1571 2775 1741 2849 abundanti,
1754 2791 1838 2835 omne

1007 2876 1038 2918 os
1055 2863 1188 2934 iniquum
1200 2863 1350 2920 obstruere
1361 2864 1497 2937 volentes,
1510 2864 1655 2920 licentiam
1667 2869 1838 2934 prestamus

1005 2951 1150 3023 omnibus,
1165 2956 1198 3008 ut
1219 2953 1270 3023 qui
1285 2953 1315 3009 in
1332 2959 1425 3009 mente
1440 2952 1525 3009 babet
1536 2953 1605 3024 quid
1618 2953 1785 3026 ambiguum
1800 2957 1837 3012 de

964 3032 988 3093 G
1006 3039 1052 3095 bis
1067 3054 1130 3111 quae
1151 3041 1264 3096 decreta
1279 3046 1350 3097 sunt
1369 3041 1405 3097 ab
1422 3041 1474 3097 bac
1487 3047 1584 3098 sancta
1599 3043 1717 3113 synodo,
1734 3041 1789 3099 hoc
1805 3043 1835 3099 in

1005 3128 1130 3184 medium
1151 3129 1264 3186 exibeat
1286 3136 1314 3186 et
1329 3130 1469 3200 suscipiat
1491 3128 1700 3186 satisfactionis
1719 3130 1835 3188 salubre

1003 3217 1170 3274 remedium.
1187 3219 1247 3274 Non
1263 3218 1404 3274 modicum
1423 3222 1565 3274 certamen
1581 3219 1763 3291 certavimus,
1781 3233 1840 3276 ne-

1002 3320 1057 3375 que
1077 3305 1168 3362 labori
1190 3306 1312 3363 cuilibet
1336 3307 1487 3378 cessimus,
1511 3311 1585 3363 utet
1609 3307 1664 3378 ipsi
1680 3307 1833 3388 nobiscum

1002 3394 1104 3463 nostis,
1127 3395 1161 3450 ad
1177 3395 1406 3467 congregandum
1426 3409 1474 3452 eos
1496 3396 1579 3467 quia
1601 3396 1725 3453 ltnmana
1747 3402 1775 3453 et
1796 3387 1841 3453 ab

1000 3481 1198 3540 Orientalibus
1214 3484 1455 3553 patriarchalibus
1470 3476 1588 3542 sedibus
1607 3491 1802 3542 convenerunt
1821 3505 1829 3541 z

1001 3583 1074 3640 quos
1095 3571 1254 3627 conducere
1276 3572 1361 3628 multi
1387 3573 1504 3643 quidem
1520 3576 1549 3629 et
1568 3578 1634 3629 ante
1657 3587 1709 3630 nos
1733 3575 1829 3631 conati

1001 3663 1077 3727 sunt,
1110 3659 1158 3714 sed
1191 3659 1271 3716 nullo
1298 3660 1381 3717 modo
1407 3662 1568 3719 valuerunt.
1599 3663 1661 3719 Non
1687 3663 1828 3720 modicam

999 3745 1176 3803 vexationem
1192 3754 1220 3805 ei
1238 3749 1441 3806 contritionem
1463 3750 1549 3806 etiam
1562 3751 1619 3806 lieo
1633 3751 1827 3808 amantissimi

998 3834 1103 3890 summi
1122 3837 1282 3894 sacerdotes
1297 3840 1508 3908 sustinuerunt,
1524 3853 1539 3894 a
1554 3839 1637 3912 longe
1649 3852 1829 3897 concurren-

998 3926 1040 3978 tes
1050 3922 1084 3977 ad
1101 3931 1205 3981 sanctae
1222 3927 1308 3998 bujus
1323 3928 1424 3999 synodi
1435 3932 1608 3984 tractatum:
1626 3928 1677 3999 qui
1690 3942 1758 4002 ergo
1772 3930 1828 3986 ba-

996 4010 1044 4066 bet
1052 4013 1121 4083 quid
1132 4016 1297 4086 dicendum,
1308 4018 1396 4085 dicat,
1408 4017 1477 4074 dum
1492 4018 1550 4073 baec
1560 4017 1730 4074 celebratur.
1743 4021 1824 4089 Nam,

996 4101 1090 4158 soluta
1115 4109 1212 4162 sancta
1235 4110 1262 4161 et
1277 4105 1433 4162 universali
1452 4107 1570 4177 synodo,
1588 4106 1638 4177 qui
1658 4102 1827 4177 apparuerit

994 4190 1128 4250 Ecclesiae
1141 4195 1192 4250 Dei
1202 4194 1410 4257 contradicens.
1425 4200 1544 4251 autnon
1557 4195 1775 4252 communicans
1785 4197 1822 4268 ei,

995 4284 1055 4340 sive
1064 4283 1217 4355 episcopus
1229 4283 1277 4356 sit,
1290 4285 1350 4341 sive
1359 4283 1489 4341 absolute
1506 4283 1647 4355 sacerdos,
1659 4283 1720 4340 sive
1730 4284 1825 4358 digni·

110 4377 220 4433 vinitus
239 4377 358 4433 collecta
389 4375 508 4446 pertulit
538 4375 685 4447 sanctitas,
708 4375 833 4448 singulis
856 4377 937 4434 vobis
952 4374 979 4437 D
995 4377 1052 4429 tate
1066 4372 1165 4443 aliqua
1180 4373 1328 4444 preditus,
1340 4374 1383 4429 vel
1398 4372 1484 4429 aliter
1497 4376 1692 4444 conversatus,
1709 4373 1822 4431 veniam

111 4465 246 4522 hincinde
269 4465 480 4523 confluentibus
504 4464 538 4520 ad
551 4461 747 4520 felicissimam
768 4464 864 4520 urbem
884 4479 939 4522 uo-
993 4463 1029 4521 ab
1055 4461 1175 4532 imperio
1200 4468 1298 4519 nostro
1317 4462 1436 4518 minime
1456 4465 1666 4532 consequetur3
1683 4461 1731 4518 sed
1744 4462 1823 4531 juste

109 4560 208 4627 stram,
231 4569 317 4612 causa
333 4554 534 4611 ecclesiasticae
549 4552 742 4609 ordinationis
752 4560 780 4609 et
791 4555 938 4612 constitu·
992 4551 1230 4610 condemnabitur
1244 4555 1272 4607 et
1294 4564 1311 4607 a
1325 4551 1441 4607 civitate
1460 4555 1557 4608 nostra
1570 4552 1694 4623 pelletur
1708 4556 1742 4608 ui
1753 4565 1823 4610 cor-

109 4644 269 4715 tionis3pro
281 4658 337 4715 qua
347 4644 432 4699 etiam
447 4643 614 4698 diuturnam
629 4641 659 4697 in
669 4656 702 4698 ec
725 4656 832 4699 moram
850 4645 936 4700 susti·
992 4645 1093 4712 ruptor
1101 4646 1130 4696 et
1143 4639 1289 4710 pestilens,
1300 4643 1329 4696 et
1336 4639 1491 4696 membrum
1504 4640 1651 4709 putridum
1662 4643 1690 4696 et
1703 4639 1819 4712 inutile,

108 4732 225 4802 nuistis,
241 4738 270 4788 et
287 4737 401 4802 propter
422 4744 506 4801 quam
528 4730 610 4785 multi
627 4735 655 4786 et
677 4736 850 4789 senectutem
871 4745 936 4787 con·
990 4734 1018 4786 et
1027 4743 1178 4785 commuue
1187 4742 1291 4801 corpus
1300 4728 1435 4785 Ecclesiae
1445 4727 1565 4784 violans.
1578 4730 1735 4786 vosautem
1745 4742 1824 4786 ama.

108 4821 276 4890 tempsistis,
307 4827 335 4876 et
366 4819 540 4890 corporalem
564 4818 759 4876 infirmitatem
780 4819 935 4891 parvipen-
989 4823 1065 4876 tores
1079 4817 1268 4891 virtutum,et
1279 4817 1517 4874 Deoamicissimi
1530 4817 1634 4874 summi
1646 4818 1819 4891 sacerdotes,

7 4933 14 4947 ·
106 4909 203 4981 distis,
219 4914 247 4965 et
268 4914 379 4966 exortes
401 4909 469 4965 iacti
494 4922 591 4964 eorum
615 4904 674 4981 lui,
699 4908 787 4965 fortes
808 4907 876 4964 facti
900 4921 933 4963 ea
989 4907 1039 4979 qui
1055 4907 1212 4977 episcopali
1225 4907 1402 4964 decoramini
1412 4907 1497 4977 dono,
1514 4906 1624 4979 singuli
1639 4919 1820 4964 commonere

106 5014 179 5072 xpuae,
195 4996 272 5074 etc.],
289 5014 351 5070 quae
365 4998 655 5070 requieiccngruunt,
668 4997 821 5069 tolerastis,
832 4995 934 5053 etdiu·
989 4995 1137 5066 proprium
1150 5009 1272 5068 gregem,
1287 5000 1315 5052 et
1329 4997 1363 5052 ad
1384 4995 1505 5051 salutem
1525 4995 1629 5051 ducere
1645 5009 1680 5050 ne
1693 4994 1819 5068 pigrite-

105 5086 932 5157 turnamseparationemspiritualiumtiliorumvestrorum
988 5084 1072 5155 mini,
1094 5085 1323 5140 demonstrantes
1338 5088 1477 5155 quantum
1498 5084 1603 5141 malum
1619 5084 1668 5156 sit,
1684 5097 1744 5154 eos,
1761 5086 1819 5140 Ec-

105 5177 324 5249 magnanimiter
335 5176 506 5247 pertulistis.
523 5176 574 5231 Sed
586 5189 650 5231 ecce
662 5174 794 5230 doiorum
807 5180 835 5229 et
849 5175 932 5230 labo-
986 5173 1074 5231 ciesia
1088 5174 1138 5229 Dei
1149 5177 1278 5229 manente
1294 5174 1324 5229 in
1338 5173 1560 5246 tranquillitate,
1575 5173 1610 5229 ab
1620 5173 1670 5229 ilia
1684 5173 1814 5244 desilire,

104 5280 165 5322 rum
180 5272 336 5323 vestrorum
351 5266 455 5321 videtis
477 5278 561 5336 quam
575 5264 615 5318 sit
628 5263 694 5319 finis
707 5263 814 5333 suavis,
830 5266 858 5318 et
875 5265 932 5319 Ec-
986 5267 1015 5319 et
1028 5268 1127 5320 contra
1137 5276 1185 5319 ecs
1196 5262 1246 5332 qui
1261 5266 1387 5333 praesunt
1397 5262 1548 5319 animabus
1562 5262 1624 5318 suis
1636 5262 1776 5333 insanire,
1788 5265 1817 5318 et

102 5354 208 5427 clasiae,
218 5355 267 5411 Dei
284 5357 364 5412 valde
379 5355 532 5425 proficuus.
546 5355 616 5408 Nam
631 5352 793 5407 communis
805 5364 931 5409 concur-
985 5351 1096 5408 divinis
1106 5351 1250 5422 mysteriis
1263 5356 1379 5422 propter
1387 5350 1601 5408 irrationabiles
1618 5350 1751 5407 seuviles
1762 5365 1816 5407 oc-

102 5459 162 5516 sus,
178 5448 207 5501 et
217 5445 247 5501 in
260 5444 371 5516 Spiritu
383 5450 480 5501 sancto
493 5454 599 5512 magnae
613 5439 700 5509 bajus
711 5444 740 5495 et
756 5439 929 5497 universalis
984 5441 1114 5499 essiones
1133 5454 1194 5496 sese
1206 5454 1345 5497 coercere.
1361 5441 1397 5496 Et
1413 5439 1528 5511 quidem
1550 5438 1710 5510 subjectum
1730 5439 1816 5496 vobis

102 5534 203 5606 synodi
220 5548 387 5608 cousensus,
402 5544 485 5591 omne
496 5528 662 5587 scandalum
680 5533 709 5585 et
723 5525 928 5589 offendiculum
984 5542 1095 5603 gregem
1120 5542 1169 5602 per
1192 5540 1424 5602 unumquemque
1445 5527 1628 5587 Dominicum
1651 5528 1728 5587 diem
1743 5541 1815 5587 ver-
