3876 6090
56 284 129 351 tera
485 294 619 356 rsuubo
636 264 846 356 numenium
864 296 928 355 ms.
947 299 993 356 na
1016 300 1104 359 vrnrs
1128 302 1213 360 nou.
1234 282 1336 361 ronrss
1694 274 1765 350 1111

57 413 158 473 stltult
176 412 213 489 (3,
237 430 265 489 q.
288 412 316 476 ὅ.
338 431 363 474 c.
386 415 575 493 Accusatores)
597 433 633 477 ne
651 420 701 478 ille
721 422 772 494 qui
793 434 823 478 se
847 419 883 478 ab
897 418 928 481 Α
941 423 992 496 qui
1006 424 1036 482 in
1049 427 1223 499 quibusdam
1239 427 1421 503 gravioribus
1436 426 1590 500 pulsantur
1601 427 1652 483 aut
1666 422 1764 482 crimi-

55 504 205 576 eliitcoiw,
220 510 272 564 aui
286 505 322 563 ab
336 507 400 577 ejus
415 507 570 581 ministris,
587 509 687 568 lasum
702 523 764 568 csse
778 509 885 568 existi·
940 519 1047 573 nantur
1061 517 1167 589 causis,
1182 517 1297 590 quoties
1310 530 1424 576 necesse
1437 515 1536 581 luerit,
1550 514 1640 573 libere
1651 518 1764 585 aposto

57 599 126 665 mat,
141 595 186 652 rel
207 610 258 667 pro
275 596 426 668 aliquibus
446 598 550 656 erratis
569 612 618 657 eos
632 600 777 672 corripere
791 598 882 672 cupii,
940 603 1024 662 licam
1048 606 1143 665 sedem
1167 608 1320 679 appellent,
1345 614 1435 681 atque
1458 606 1492 664 ad
1517 620 1589 678 earn,
1615 604 1700 677 quasi
1726 601 1761 660 ad

57 685 204 756 priusnos
218 699 355 743 accusem
371 693 536 760 presumat,
551 702 699 762 quameos
713 689 885 747 charitative
940 700 1068 767 mairem,
1093 695 1288 770 confugiant:
1313 701 1341 755 et
1364 696 1390 753 si
1413 695 1480 769 quis
1503 696 1656 768 episcopus
1676 692 1763 751 etlam

56 774 104 832 bis
118 779 170 833 aut
185 778 229 832 ter
240 775 400 848 conveniat,
416 782 448 835 ut
464 777 499 834 ab
511 778 555 835 els
568 779 717 851 percipiat,
732 784 784 837 aut
796 777 886 835 lami·
936 783 1085 854 judicatus
1098 798 1114 841 a
1129 786 1422 855 comprovincialibus
1442 784 1587 856 episcopis
1601 782 1711 839 venerit
1725 779 1761 836 ad

56 864 158 923 ilarem
182 865 419 940 emendationem,
445 874 495 926 aut
517 868 626 939 iustam
655 868 881 927 excusationem.
939 873 1072 931 Romanae
1086 875 1164 932 sedis
1177 861 1349 948 antistitem,
1370 877 1399 933 in
1415 877 1480 948 ejus
1494 878 1632 946 potestate
1647 872 1695 940 sit,
1714 884 1764 942 per

56 956 179 1027 Quodsi
196 957 451 1028 praesumpserim
467 957 622 1016 liminibus
641 958 770 1016 ecciesiae
792 971 884 1031 usque
939 976 979 1033 se,
1000 968 1053 1021 aut
1076 978 1125 1035 per
1147 964 1271 1023 vicarios
1290 980 1359 1023 suos
1381 969 1533 1023 retractare
1553 962 1719 1035 negotium:
1735 965 1764 1015 ct

54 1045 91 1104 ad
113 1045 232 1120 dignam
254 1044 480 1120 satisfactionem
500 1047 591 1118 jussit
612 1047 833 1106 eliminandum.
938 1052 1008 1109 dum
1023 1053 1077 1110 boc
1091 1059 1185 1112 actum
1202 1059 1230 1114 et
1246 1060 1391 1126 peractum
1406 1054 1482 1127 apud
1495 1054 1591 1126 ipsum
1602 1051 1762 1109 Romanum

92 1137 162 1194 ltenr
175 1136 338 1206 constituit,
356 1140 389 1193 ut
403 1136 516 1195 nulllus
531 1137 703 1210 perscripta
718 1139 882 1196 anathema·
940 1141 1103 1213 pontificem
1119 1142 1218 1213 luerit,
1235 1143 1336 1202 nullus
1350 1144 1429 1203 alins
1441 1144 1471 1201 in
1483 1144 1547 1215 ejus
1561 1141 1624 1199 loco
1639 1143 1763 1212 ponatur

54 1224 159 1283 tlmtlo
171 1224 352 1296 suscipiatur
365 1243 372 1295 3
389 1225 437 1281 sed
453 1225 567 1297 propria
581 1239 658 1299 voce,
672 1240 703 1283 se
716 1225 844 1301 legitima
857 1229 886 1283 et
938 1235 990 1287 aut
1004 1232 1157 1290 ordinetur
1170 1233 1339 1305 episcopus:
1357 1232 1494 1305 quoniam
1510 1226 1764 1304 perscrutariqui·

54 1316 201 1390 condigna
214 1315 391 1373 accusatoris
405 1329 527 1389 persona
540 1315 638 1388 luerit,
654 1320 791 1389 prasente
803 1315 887 1373 nide-
938 1319 1002 1377 dem
1028 1321 1155 1379 accusati
1181 1322 1309 1393 episcopi
1334 1337 1449 1381 causam
1469 1315 1763 1392 comprovincialibus

56 1404 128 1462 licet
150 1418 194 1475 eo,
217 1417 301 1476 quem
328 1418 464 1463 accusare
486 1406 662 1477 desiderant,
689 1406 757 1479 qnia
786 1405 885 1463 nullus
938 1408 1083 1480 episcopis
1103 1409 1180 1481 licet,
1202 1410 1323 1470 diltlniri
1344 1419 1440 1470 autem
1458 1409 1622 1468 inconsulto
1635 1408 1762 1465 liomano

54 1493 162 1552 absens
171 1494 302 1552 accusari
315 1499 416 1567 potest,
428 1500 478 1552 aut
486 1508 630 1553 accusare.
641 1498 709 1553 ltem
719 1495 882 1565 constituit,
940 1495 1074 1569 pontillce
1088 1511 1142 1555 nou
1158 1506 1202 1556 est
1218 1499 1389 1571 permissum
1403 1498 1439 1573 (3,
1456 1516 1485 1571 q.
1501 1498 1529 1567 6,
1549 1513 1574 1555 c.
1588 1497 1761 1571 comoros).

55 1583 886 1658 utnullusepiscopuspriusaccusetur,anisnisrespon·
974 1587 1042 1643 ltem
1066 1587 1096 1645 in
1111 1587 1170 1646 alia
1190 1589 1323 1661 epistola,
1347 1603 1431 1663 quam
1453 1588 1534 1646 misit
1547 1585 1692 1660 episcopis
1714 1597 1763 1655 per

53 1672 124 1732 deat
137 1673 367 1738 accusatoribus,
383 1688 468 1747 quam
482 1674 681 1748 regularitera
696 1688 749 1732 suo
763 1672 884 1746 primate
938 1675 1083 1747 Hispanico
1104 1678 1268 1749 provincias
1287 1679 1456 1738 constitutis
1478 1677 1559 1751 (epist
1574 1674 1611 1750 2),
1637 1674 1715 1732 sicut
1735 1676 1764 1730 et

54 1764 98 1822 sit
112 1769 242 1839 vocatus,
263 1770 291 1823 et
304 1764 398 1823 locum
415 1764 588 1823 ostendendi
609 1766 644 1823 ad
658 1764 799 1824 abluenda
819 1764 883 1822 cri·
897 1744 925 1809 Β
938 1771 1133 1825 antecessores
1152 1767 1199 1826 sui
1224 1767 1359 1839 lecerunt,
1380 1767 1571 1826 constitutum
1591 1763 1660 1822 lecit
1675 1759 1711 1836 (2.
1733 1778 1761 1835 q.

55 1852 137 1911 mina
149 1853 285 1926 accipiat.
300 1855 378 1928 ltem,
392 1868 428 1912 ne
437 1854 547 1929 aliquis
556 1854 710 1928 episcopus
718 1858 880 1926 accusetur,
936 1850 964 1926 7,
986 1870 1012 1912 c.
1032 1856 1063 1912 Si
1082 1855 1164 1930 quis),
1188 1861 1221 1914 ui
1241 1870 1323 1914 nemo
1343 1856 1520 1929 episcopum,
1540 1854 1584 1912 vel
1605 1850 1763 1927 quemlibet

53 1946 109 2001 aut
122 1941 269 2017 audiatur,
282 1943 341 2001 nisi
358 1944 388 2001 in
405 1943 556 2017 prasentia
570 1943 701 2002 omnium
723 1943 883 2017 provincia·
935 1942 1071 2001 Ecclesia
1086 1944 1235 2016 praelatum
1252 1945 1333 2018 prius
1348 1957 1484 2003 accusare
1497 1945 1660 2015 presumat,
1674 1951 1760 2011 quam

56 2028 144 2097 llum,
160 2034 189 2087 ei
200 2030 237 2089 ab
250 2032 386 2090 omnibus
401 2031 694 2104 comprovincialibus
716 2031 880 2104 episcopis3
935 2046 1001 2090 eum
1013 2032 1172 2104 conveniat,
1189 2038 1226 2104 et,
1241 2033 1266 2092 si
1279 2033 1365 2092 allier
1375 2034 1475 2107 egerit,
1492 2029 1693 2090 communione
1705 2025 1762 2098 pri·

57 2117 217 2192 qulaipsis
230 2120 410 2194 absentibus,
427 2135 478 2179 nec
496 2118 589 2194 debet,
607 2134 658 2179 nec
679 2125 772 2193 potest
783 2119 881 2178 audiri
936 2127 1029 2179 retur.
1041 2121 1185 2179 Similiter
1194 2122 1308 2194 statuit,
1321 2128 1354 2180 ut
1364 2136 1444 2180 nemo
1456 2120 1623 2194 pontiacum
1633 2116 1760 2190 aliquam

56 2212 111 2265 ant
120 2208 258 2279 iudicari.
273 2210 343 2267 ltem
357 2211 461 2267 statuit
474 2224 508 2267 ne
521 2209 639 2266 licentia
649 2208 805 2268 accusandi
821 2222 883 2281 pro
936 2211 1103 2284 episcopum
1131 2211 1195 2269 suis
1223 2212 1309 2271 rebus
1336 2211 1538 2284 exspoliatum,
1574 2211 1626 2266 aui
1651 2220 1668 2264 a
1694 2203 1761 2262 sede

54 2295 297 2369 mediaturnltra
307 2298 446 2356 terminos
457 2298 613 2370 provinciae
623 2295 659 2371 (3,
669 2314 695 2371 q.
708 2296 736 2367 6,
744 2312 770 2355 c.
784 2299 880 2369 llitrc3
936 2299 1088 2373 expulsum
1105 2301 1364 2373 excommunicare,
1379 2304 1430 2357 aut
1445 2298 1576 2371 iudicare
1589 2299 1759 2369 presumat:

55 2383 84 2453 3,
98 2400 129 2458 q.
143 2383 187 2461 ii,
200 2400 226 2444 c.
241 2386 395 2463 maroneo).
411 2389 480 2445 item
494 2387 659 2459 constituit,
674 2401 709 2445 ne
720 2386 881 2445 accusatori
937 2389 1007 2462 quia
1021 2403 1078 2469 non
1092 2396 1136 2448 est
1158 2390 1353 2464 privilegium,
1374 2404 1432 2463 quo
1452 2388 1572 2462 spoliari
1592 2384 1685 2461 possit
1700 2386 1759 2456 jam

56 2477 143 2549 prius
154 2476 367 2537 daturllcentia
379 2476 537 2550 quemlibet
549 2477 736 2549 criminandi,
751 2489 837 2549 quam
852 2488 883 2533 se
937 2478 1074 2537 nudatus.
1087 2482 1155 2538 ltenn
1168 2481 1304 2550 decrerit,
1320 2484 1352 2538 ut
1362 2479 1463 2537 nullus
1473 2478 1627 2551 episcopus
1638 2472 1760 2533 alterius

56 2565 193 2639 crimine,
204 2579 262 2639 quo
273 2566 424 2638 premitur,
436 2566 585 2640 purgando
597 2565 711 2624 exuerit
723 2584 730 2621 ε
744 2565 813 2639 qula
825 2577 881 2623 non
938 2569 1143 2640 parochianum
1160 2574 1313 2642 presumat
1332 2570 1466 2640 retinere,
1487 2567 1531 2626 rel
1552 2565 1696 2635 ordinare,
1717 2559 1762 2620 rel

55 2659 103 2715 est
116 2655 292 2714 credendum
307 2660 406 2715 contra
421 2655 495 2713 allos
509 2669 608 2713 eorum
628 2654 814 2726 confessioni,
831 2654 882 2727 qui
935 2656 1085 2728 iudicare:
1101 2657 1180 2731 qnia,
1197 2658 1275 2717 sicui
1294 2659 1379 2717 irrita
1397 2659 1460 2730 eius
1479 2654 1625 2716 ordinatio
1637 2651 1703 2723 erit,
1722 2651 1763 2710 ita

54 2744 235 2804 criminibus
247 2745 384 2817 impliciti
397 2750 475 2818 sunt,
490 2744 548 2803 nisi
562 2759 593 2802 se
605 2744 687 2817 prius
701 2742 884 2816 probaverint
937 2753 965 2805 et
977 2746 1151 2818 dijudicatio
1162 2767 1171 2821 ;
1182 2749 1252 2821 quia
1263 2749 1363 2807 nuilus
1372 2748 1430 2807 nisi
1444 2748 1490 2805 sui
1498 2745 1610 2819 iudicis
1620 2743 1763 2803 sententia

57 2835 237 2893 innocentes.
260 2834 342 2892 liixit
365 2833 452 2892 etiam
475 2830 512 2907 (Ξ,
540 2849 567 2907 q.
589 2829 617 2906 7,
644 2849 669 2891 c.
695 2832 883 2909 Quarundam)
938 2841 1032 2907 potest
1054 2837 1166 2894 teneri:
1190 2837 1327 2910 quoniam
1350 2836 1401 2910 qui
1416 2850 1481 2895 eum
1496 2833 1631 2893 ordinare
1646 2844 1764 2903 nonpo-

56 2919 884 2997 unspuamlegllacultatemdisponendldeecclesiasticis
938 2924 1006 2991 tuit,
1030 2938 1080 2981 nac
1097 2925 1228 2996 iudicare
1248 2926 1394 2983 ullatenus
1413 2928 1516 2997 potest.
1535 2921 1679 2981 Similiter
1697 2934 1764 2978 oon·

57 3010 146 3071 rebus
159 3011 330 3071 attributam
345 3025 407 3071 esse
422 3013 516 3086 laicis,
532 3014 618 3071 etlam
633 3011 789 3087 religiosis.
807 3012 885 3068 Prae-
938 3012 1047 3082 stituit,
1064 3012 1163 3070 ncilla
1178 3028 1241 3085 qua
1259 3013 1368 3070 incerta
1388 3017 1458 3071 suot
1479 3011 1668 3083 iudicentur:
1692 3008 1762 3081 quia

54 3102 138 3173 cepit
159 3100 244 3160 etlam
264 3102 300 3159 de
324 3102 455 3175 personis
475 3106 675 3160 accusatorum
698 3099 734 3174 (i,
756 3117 783 3174 q.
805 3098 833 3173 8,
857 3114 882 3156 c.
899 3075 1069 3176 Cepiramrls
1091 3101 1151 3159 sint
1170 3115 1244 3173 vera,
1268 3107 1431 3160 nontamen
1448 3104 1519 3158 sunt
1535 3098 1687 3169 credenda,
1701 3097 1760 3154 nisl

54 3190 265 3266 necessarum)
288 3196 322 3249 ut
341 3204 441 3249 aarum
466 3191 544 3263 tides,
569 3191 631 3248 rita
654 3195 682 3247 et
704 3186 883 3248 conversatio
938 3205 1002 3264 qua
1017 3190 1105 3248 certis
1125 3190 1245 3248 indiciis
1261 3188 1494 3263 comprobantur,
1514 3187 1573 3246 nisi
1590 3200 1654 3259 qua
1673 3185 1762 3242 mani·

57 3278 156 3352 primo
170 3278 327 3354 diligenter
342 3280 520 3353 inquiratur,
534 3285 562 3337 ct
577 3284 672 3351 postea
685 3292 716 3336 ea
730 3292 793 3350 quse
805 3275 885 3347 obli·-
939 3274 1763 3351 lestoludlcioconvincuntur,nisiqnaejudlciarioordine

56 3370 181 3428 ciuntur
192 3369 315 3428 tidellter
325 3374 552 3442 pertractentur:
566 3369 634 3442 quia
643 3368 717 3426 nibil
728 3366 810 3439 prius
820 3365 883 3423 neri
940 3368 1135 3441 publicantur.
1147 3370 1214 3426 lienr
1227 3368 1399 3427 auctoritate
1408 3372 1437 3426 et
1448 3366 1544 3436 serbis
1555 3362 1684 3437 apostoli
1697 3375 1764 3422 con·

55 3458 154 3529 debet,
169 3471 254 3529 quam
271 3458 474 3530 predictorum
490 3459 570 3531 tides,
586 3458 644 3516 rita
664 3465 692 3516 et
705 3456 884 3516 conversatio
939 3457 1033 3515 tirmat
1046 3457 1145 3530 (licod.
1164 3457 1244 3531 ιιιι),
1264 3457 1482 3530 inscriptionem
1496 3455 1635 3512 adversus
1650 3450 1764 3526 presby·

56 3548 215 3623 diligenter
241 3549 432 3616 discutiatur,
462 3563 496 3606 ne
526 3549 652 3619 alicujus
684 3547 805 3620 invidia,
833 3551 885 3604 aut
939 3553 1032 3604 terum
1047 3561 1104 3605 uon
1118 3561 1180 3605 esse
1196 3548 1390 3619 recipiendam
1405 3545 1513 3618 absque
1526 3542 1641 3603 duobus
1654 3542 1697 3600 vel
1713 3540 1763 3600 iri·

57 3635 240 3709 inimicitiis,
256 3644 308 3696 aut
322 3638 483 3696 intentione
498 3638 572 3696 mala
587 3637 742 3711 quisquam
755 3639 883 3693 vexetur.
939 3637 994 3695 bus
1009 3637 1122 3695 idoneis
1149 3637 1272 3695 testibus
1286 3637 1312 3709 (l
1326 3640 1393 3694 Tim.
1410 3637 1446 3711 v).
1460 3638 1555 3695 ltema
1569 3633 1761 3706 predecesso-

278 3724 367 3784 xxv.
385 3756 423 3768 -
440 3726 467 3783 S.
489 3725 613 3784 sixliis
632 3726 666 3783 ll.
941 3725 1024 3784 ribus
1044 3726 1108 3785 suis
1133 3726 1302 3800 plerumque
1328 3732 1468 3785 statuturo
1494 3728 1706 3793 commemorat,
1732 3724 1763 3779 ut

320 3813 413 3888 (Anno
428 3815 530 3873 cirsai
549 3812 623 3890 aab.)
941 3829 1023 3874 nemo
1042 3816 1193 3873 anathema
1213 3817 1244 3874 in
1263 3816 1462 3889 episcoporum
1487 3813 1630 3885 suscipiat
1649 3823 1764 3869 accusa·

95 3903 209 3978 Sixtus,
238 3903 355 3964 natione
380 3904 507 3977 Graecus,
536 3920 570 3962 ex
599 3904 780 3977 pbliosopbo,
810 3903 886 3961 sedit
940 3906 1039 3963 tione:
1057 3906 1137 3978 item,
1153 3905 1273 3978 necilli,
1290 3905 1342 3979 qui
1357 3900 1765 3972 eosinsuanolnnirecipere

56 4004 169 4049 annum
185 4005 287 4066 unum,
304 4006 414 4051 menses
427 3992 534 4065 decem,
548 3993 612 4051 dies
620 3991 724 4066 viginti
737 3996 805 4049 tres.
819 3991 886 4048 Fuit
941 3993 1057 4067 querela
1071 3993 1116 4052 rel
1130 3995 1326 4053 accusatione.

58 4085 157 4138 anum
181 4081 326 4139 Valeriani
351 4088 379 4140 et
403 4081 484 4140 Decii
511 4087 656 4154 tempore:
682 4086 711 4138 et
734 4079 791 4138 luit
817 4085 886 4137 tunc
1155 4082 1343 4141 xxvi-S.
1359 4082 1549 4141 DIONYSIUS.

58 4169 187 4227 maxima
208 4171 378 4242 persecutio.
404 4171 507 4229 Eodem
532 4177 657 4243 tempore
685 4170 731 4227 bic
754 4181 888 4241 compre-
1204 4171 1297 4242 (Amoo
1312 4169 1504 4243 constabat.)

60 4258 172 4317 bensus
191 4265 235 4318 est
254 4274 270 4318 a
291 4260 452 4333 Valeriano,
473 4266 500 4318 et
521 4262 636 4332 ductus,
657 4264 690 4319 ut
706 4259 887 4317 daernonibus
976 4260 1133 4334 Dionysius
1152 4276 1185 4319 ex
1205 4259 1354 4330 monacho,
1374 4259 1459 4330 cuius
1478 4258 1689 4333 generationem
1707 4270 1762 4314 non

58 4347 248 4408 sacrilcaret.
271 4348 337 4422 Qui,
364 4350 433 4424 quia
457 4354 597 4423 precepta
620 4350 683 4421 ejus
704 4347 885 4420 contempsit,
943 4352 1090 4427 potuimus
1111 4351 1246 4424 reperire,
1268 4348 1448 4407 sedliannos
1468 4362 1528 4418 sex,
1551 4360 1661 4403 menses
1679 4345 1764 4415 duos,

57 4435 157 4509 ⁰³9¹oe
176 4440 328 4496 1111111111
353 4444 406 4509 est,
428 4445 597 4497 1111111110
621 4453 670 4496 ⁵0¹
692 4436 808 4495 1111110111
832 4436 927 4519 subp)
942 4444 1005 4502 dies
1027 4450 1161 4515 quatuor.
1182 4441 1248 4499 Fuit
1268 4444 1362 4497 autem
1385 4436 1563 4509 temporibus
1582 4433 1707 4504 Galicni,
1729 4447 1763 4492 ex

58 4524 111 4583 dle
124 4538 176 4583 vlit
190 4527 258 4585 ldns
278 4527 414 4602 Augusti.
435 4528 531 4585 Tertia
552 4533 646 4585 autem
668 4526 716 4585 die
740 4532 803 4598 post
823 4526 887 4597 ejus
941 4533 990 4590 die
1003 4546 1032 4588 ιιι
1050 4530 1168 4588 Kalend.
1184 4530 1305 4602 August.
1320 4527 1476 4585 AEmlliano
1490 4531 1518 4584 ct
1531 4526 1616 4583 Basso
1631 4522 1766 4582 consuli-

60 4615 226 4688 passlonem
236 4630 340 4689 passus
348 4622 401 4689 est,
413 4622 442 4674 et
451 4617 636 4674 beatissimus
647 4615 888 4688 laurentinsejus
943 4621 996 4678 bus
1012 4634 1103 4693 usque
1116 4619 1146 4676 in
1159 4633 1199 4676 vn
1211 4617 1329 4676 Kalend.
1341 4616 1483 4689 ianuarii,
1494 4612 1672 4674 aconsulatu
1683 4612 1765 4670 Clau·

58 4705 297 4780 archidiaconns,
315 4721 342 4763 rr
358 4708 426 4765 ldus
440 4706 575 4781 Augusti.
592 4705 644 4763 llic
658 4705 805 4765 ordinavit
822 4705 888 4777 epi·
942 4709 985 4767 dii
1007 4716 1036 4766 et
1055 4706 1178 4765 Paterni.
1194 4707 1246 4764 llic
1262 4705 1437 4779 presbyteris
1456 4704 1552 4762 Romae
1566 4701 1720 4777 parocblas
1735 4704 1766 4759 ct

58 4806 166 4865 scopos
179 4795 264 4867 duos,
279 4795 459 4870 presbyteros
472 4800 606 4868 quatuor,
619 4794 757 4852 diaconos
769 4800 886 4866 septem.
942 4797 1079 4856 ecclesias
1093 4796 1173 4854 dedit
1185 4793 1240 4869 (ia,
1254 4812 1282 4868 q.
1301 4792 1326 4859 i.
1342 4809 1366 4852 c.
1383 4792 1537 4865 Ecclesicsi,
1553 4791 1685 4867 singulas
1699 4790 1764 4849 sin·

96 4882 151 4940 liic
168 4882 198 4940 ln
213 4883 347 4957 epistola,
367 4897 453 4959 qnam
474 4883 561 4942 Grato
575 4884 710 4956 episcopo
724 4883 887 4941 consulenti
943 4885 1038 4960 gulis:
1055 4891 1084 4943 et
1109 4886 1187 4957 ipsas
1202 4884 1354 4957 parocblas
1368 4890 1396 4942 et
1411 4881 1573 4941 cremeteria
1592 4880 1636 4939 eis
1650 4880 1765 4939 dimisit

57 4984 127 5031 eum
148 4972 230 5032 misit
245 4973 333 5047 (epist.
355 4971 390 5048 i),
405 4974 569 5032 rationibus
588 4979 616 5032 et
629 4971 804 5032 auctoritate
819 4972 889 5045 pln-
944 4969 1763 5051 [dirisiilptunicuiqnejusbaberepropriumconstituit,

58 5062 205 5121 rimorum
224 5062 419 5138 irrefragabili
443 5063 569 5122 asseruit
591 5069 619 5121 et
634 5060 766 5135 probarit
779 5061 887 5120 Filium
943 5066 984 5123 ita
1000 5064 1144 5137 videlicet,
1165 5068 1198 5122 ut
1217 5062 1317 5121 nulius
1336 5060 1458 5119 alterius
1473 5059 1615 5134 parochiae
1626 5059 1766 5117 terminos

59 5150 114 5211 Dei
136 5164 195 5209 non
213 5165 248 5209 ex
273 5156 411 5226 tempore,
433 5166 524 5227 neque
544 5156 609 5225 post
627 5157 755 5225 tempora
776 5156 886 5225 natum,
941 5153 1185 5227 autjusinvadat,
1199 5153 1248 5210 sed
1262 5150 1763 5224 unusquisquesuissitcontentus.

43 5242 110 5303 sed
124 5248 194 5300 ante
211 5243 309 5300 omnia
323 5243 500 5314 temporale
516 5247 631 5313 paterno
647 5249 728 5300 utero
744 5241 888 5300 inenarra·
941 5245 976 5301 Et
997 5244 1026 5301 in
1047 5242 1170 5315 epistola
1192 5255 1278 5315 quam
1297 5242 1398 5299 Severo
1420 5241 1554 5312 episcopo
1572 5234 1766 5298 Cordubensis

58 5330 164 5392 blllter
175 5337 352 5406 generatum.
367 5332 429 5404 llic,
444 5332 474 5389 in
486 5334 582 5391 eadem
596 5331 728 5405 epistola,
745 5333 798 5390 boc
810 5332 885 5405 quod
942 5333 1098 5407 provinciae
1111 5332 1271 5391 destinarit
1282 5330 1370 5404 (epist.
1386 5326 1423 5404 Ξ),
1439 5330 1496 5402 ipsi
1509 5330 1620 5398 Severo,
1635 5322 1766 5382 cateris-

57 5437 76 5482 ι
97 5421 201 5481 multis
220 5421 285 5479 suls
304 5421 534 5480 antecessoribus
554 5423 744 5481 constitutum
764 5426 834 5493 erat,
851 5422 885 5479 ad
942 5435 999 5493 que
1019 5420 1176 5493 episcopis,
1199 5419 1252 5478 boc
1272 5418 1347 5491 quod
1370 5420 1431 5492 ipse
1451 5417 1517 5474 inde
1536 5415 1598 5486 ipse
1616 5414 1766 5480 statuerat,

56 5510 194 5572 omnium
208 5510 410 5584 episcoporum
429 5511 573 5570 auxilium
588 5524 619 5569 se
633 5510 782 5570 roborasse
796 5515 889 5568 osten·
942 5522 1054 5566 servare
1075 5514 1104 5567 ei
1126 5508 1210 5582 sequi
1233 5506 1378 5580 praeceplt.
1395 5507 1464 5563 ltem
1485 5502 1581 5559 eadem
1603 5497 1766 5569 constituit,

55 5600 106 5661 dlt
116 5598 156 5673 (2,
169 5616 199 5674 q.
211 5598 240 5672 6,
250 5614 276 5657 c.
291 5597 416 5673 Omnesl:
431 5600 575 5665 uidelicet,
591 5605 626 5656 ut
638 5598 885 5672 omnesepiseopi,
943 5598 1020 5656 sicut
1033 5603 1061 5655 et
1076 5598 1122 5656 sui
1137 5598 1357 5669 predecessores
1371 5592 1494 5650 fecerant
1509 5584 1563 5661 (ia,
1580 5604 1607 5662 q.
1623 5586 1651 5660 3,
1666 5601 1692 5644 c.
1707 5588 1767 5645 lie-
