3876 6090
124 245 177 305 oct
553 242 717 300 surrmu
748 211 1106 298 remurmuremus.
1126 208 1209 293 nou.
1230 235 1312 293 sse.
1333 237 1383 293 ιιι.
1781 233 1833 295 aa

125 367 213 431 sium.
234 355 376 438 quatenus
397 368 430 421 ut
453 364 489 435 is,
505 364 555 436 qui
572 366 692 435 praeerat
703 362 782 436 regia
793 361 855 418 vice
871 364 946 428 aute,
961 336 990 421 Α
1003 356 1038 413 de
1053 370 1140 429 regno
1152 356 1336 430 egrederetur
1355 355 1465 414 Italico.
1481 357 1623 430 Egressus
1636 370 1761 429 namque
1774 357 1830 430 rix,

125 456 261 512 itomanis
286 454 432 512 videretur
456 459 603 525 postesse
634 453 789 524 sublectus.
820 448 950 505 Removit
1004 444 1156 502 defunctus
1166 452 1219 503 est.
1230 446 1272 503 nb
1285 446 1337 504 illo
1347 451 1441 504 numm
1452 447 1500 503 die
1511 446 1702 505 bonorillcias
1712 461 1832 504 cousue-

124 543 211 601 etiam
234 542 270 600 ab
297 544 340 600 cis
365 544 459 615 regias
487 542 654 615 legationes,
682 539 883 597 assiduitatem
905 535 948 593 vel
1005 536 1120 592 tudines
1135 537 1220 608 regiae
1246 537 1400 610 dignitatis
1416 551 1497 594 nemo
1513 538 1734 609 imperatorum,
1755 552 1831 594 nemo

124 632 640 705 praesentiamapostolicaeelectionis.
650 631 724 701 Quid
734 627 950 701 pluraicuncta
1005 639 1103 697 regum
1119 626 1289 697 acquisivit:
1304 627 1372 699 quia
1384 627 1539 685 autvirtus
1553 625 1659 699 deluit,
1672 631 1724 685 aut
1738 627 1832 684 scien-

125 722 187 781 illis
202 722 575 795 contulitquaevoluerunt3
592 718 830 792 quemadmodum
845 718 951 774 dantur
1005 714 1056 785 tia,
1083 729 1134 786 pro
1162 715 1263 772 multis
1291 717 1370 790 regni
1396 716 1634 775 contentionibus
1656 721 1687 773 et
1708 717 1831 775 assiduis

126 812 189 885 illa,
216 827 279 885 quae
307 825 358 869 nec
382 816 457 869 recte
483 810 687 883 acquiruntur,
709 823 760 866 nec
785 819 951 879 possessura
1006 805 1212 863 divisionibus.
1245 805 1324 863 Unde
1351 808 1440 865 multa
1467 807 1576 880 prelia,
1611 807 1773 865 delationes
1806 813 1831 864 et

125 908 288 975 sperantur.
305 904 413 974 Fugato
436 902 534 972 itaque
547 901 603 957 isto
617 899 718 957 carolo
740 912 797 970 pra
817 902 894 954 metu
906 896 953 953 al-
1007 894 1115 967 rapina
1130 893 1288 954 lueruutin
1302 909 1397 969 regno.

124 994 216 1051 terius
243 991 349 1063 Caroli,
375 990 425 1062 qui
447 988 589 1058 veniebat,
605 987 778 1060 infirmatur,
800 993 952 1059 antequam

124 1165 1823 1220 m

646 1356 1310 1626 subsistentium

163 1735 797 1897 aristatas
898 1735 1033 1883 ΕΤ
1134 1733 1790 1890 plantiniana

427 1993 936 2113 nonarureuu
1011 1991 1526 2110 nuunuonuu

527 2197 600 2272 QUI
622 2193 848 2260 CURRENTE
867 2190 1038 2256 SAEOULO
1059 2192 1172 2257 NONO
1191 2193 1425 2259 FLORUERE.

954 2465 994 2568 l.

798 2685 985 2807 mo
1008 2688 1159 2807 tn.

522 3022 544 3079 1.
964 3021 1088 3095 Bregis,
1101 3021 1144 3080 vel
1155 3025 1214 3095 tua,
1229 3022 1375 3083 licentiam
1389 3024 1756 3089 babeatmissascelebrare
1770 3030 1823 3089 uisi

1003 3126 1052 3182 per
1067 3117 1188 3171 vestram
1203 3117 1443 3188 convocationem,
1462 3118 1509 3175 sed
1527 3121 1678 3192 proprium
1695 3121 1825 3180 babentes

1002 3201 1178 3276 episcopum,
1199 3202 1312 3262 tabulas
1327 3210 1356 3262 et
1378 3207 1505 3265 chrisma
1525 3211 1764 3284 consecrandum,
1784 3210 1824 3270 vel

449 3287 624 3365 (dnnolilss.)
1002 3295 1119 3349 caeteros
1137 3307 1234 3351 sacros
1256 3295 1382 3369 ordines,
1399 3296 1476 3354 sicut
1495 3298 1524 3355 in
1541 3299 1697 3373 privilegio
1717 3300 1823 3360 domini

569 3437 574 3448 ⁸
680 3437 685 3449 ¹
1001 3380 1137 3451 Stephani
1156 3396 1235 3455 papae
1251 3384 1366 3455 plenius
1384 3387 1558 3459 continetur,
1576 3389 1782 3448 auctoritatem
1800 3396 1826 3449 et

229 3435 389 3514 [muman
398 3439 470 3493 Hm·
485 3436 709 3500 desmnfflm’
721 3448 748 3506 Ρ·
760 3429 840 3509 452]
1002 3468 1149 3527 licentiam
1159 3472 1189 3528 in
1202 3473 1338 3531 omnibus
1347 3475 1545 3550 attribuimus,
1557 3483 1586 3535 et
1596 3478 1650 3537 boc
1663 3479 1741 3537 beati
1752 3480 1824 3538 Petri

156 3567 211 3623 Leo
238 3565 401 3637 episcopus,
423 3576 524 3620 servus
551 3573 698 3618 servorum
719 3558 780 3630 Dei,
811 3556 945 3629 Fulrado,
1001 3560 1196 3631 apostolorum
1218 3564 1360 3636 principis
1387 3567 1559 3625 auctoritate
1578 3568 1735 3628 fulcientes
1759 3584 1824 3643 pro-

119 3654 226 3712 dilecto
248 3655 315 3725 beo,
345 3651 509 3723 presbytero
532 3655 561 3706 et
574 3649 670 3706 abbati
696 3644 869 3706 venerabilis
883 3659 948 3703 mo-
1003 3651 1151 3721 testamur,
1168 3653 1201 3707 ut
1221 3664 1320 3708 omnes
1329 3664 1432 3710 causas
1455 3654 1497 3711 vel
1513 3656 1702 3715 necessitates
1716 3662 1782 3716 tuas
1794 3671 1824 3715 ac

120 3743 240 3801 nasterli
253 3741 345 3798 sancti
360 3739 467 3796 cbristi
480 3738 616 3810 martyris
634 3736 776 3808 Dionysii,
790 3738 819 3791 el
832 3735 947 3793 cunctis
1002 3738 1169 3795 monasterii
1183 3740 1228 3797 tui
1238 3741 1417 3799 sanctissimi
1428 3743 1704 3819 Dionysiimartyris
1713 3753 1743 3805 et
1752 3752 1827 3805 cate

120 3831 289 3903 posterisad
304 3834 483 3900 perpetuum.
1000 3838 1097 3883 rorum
1122 3830 1360 3889 monasteriorum
1385 3832 1431 3889 illi
1454 3833 1649 3909 subditorum,
1671 3838 1707 3894 ad
1729 3838 1824 3896 Smetri

154 3919 293 3989 Quoniam
312 3918 446 3989 expetisti
462 3930 478 3973 a
500 3915 570 3973 Sede
583 3914 741 3986 apostolica
760 3913 945 3988 privilegium
999 3918 1184 3987 apostolicam
1201 3917 1347 3977 licentiam
1366 3921 1480 3995 babeas,
1496 3928 1525 3981 et
1536 3938 1634 3982 omues
1648 3940 1824 3986 successores

120 4008 251 4066 renovari
272 4008 347 4080 quod
371 4007 509 4064 hactenus
529 4009 691 4062 antecessor
706 4010 802 4062 noster
814 4004 894 4062 bonae
918 4009 947 4061 et
999 4006 1043 4063 tui
1058 4006 1176 4066 abbates
1187 4009 1373 4083 reclamandi,
1398 4016 1426 4070 et
1438 4027 1483 4070 res
1497 4028 1530 4071 ac
1543 4016 1663 4091 pradia,
1684 4018 1748 4075 sive
1764 4032 1824 4077 mo-

119 4104 223 4156 sanctae
245 4098 397 4155 memoriae.
419 4097 581 4167 Stephanus
598 4108 669 4167 papa
683 4109 718 4151 ex
734 4094 945 4167 monasteriissa
1000 4098 1152 4154 nasleriaa
1175 4103 1202 4156 te
1214 4105 1379 4158 constructa
1394 4104 1578 4175 etordinata,
1599 4106 1680 4164 sicut
1692 4108 1723 4165 in
1737 4113 1822 4166 testa-

118 4204 148 4248 se
160 4189 337 4246 constructis
348 4186 538 4257 confirmavit,
550 4185 604 4242 tibi
617 4190 645 4241 et
657 4184 792 4243 omnibus
803 4198 946 4242 successo·
999 4193 1093 4243 mento
1119 4191 1170 4245 tuo
1195 4188 1291 4260 babes,
1316 4190 1351 4246 ad
1378 4193 1582 4250 monasterium
1603 4196 1698 4253 sancti
1718 4197 1822 4256 Christi

118 4279 201 4338 ribus
212 4279 272 4336 tuis
286 4276 448 4348 abbatibus,
467 4276 571 4333 iterum
585 4287 720 4332 renovare
734 4277 763 4329 et
776 4273 945 4331 confirmare
999 4277 1134 4347 martyris
1148 4278 1290 4351 Dionysii,
1305 4283 1333 4336 et
1352 4282 1555 4341 monachorum
1575 4298 1697 4343 suorum
1719 4289 1823 4346 tradita

119 4385 169 4443 per
192 4374 318 4427 nostram
340 4366 541 4424 auctoritatem
563 4365 594 4421 in
618 4368 700 4420 antm
721 4361 898 4434 deberemus,
916 4367 944 4419 et
958 4396 983 4460 G
997 4371 1026 4422 et
1037 4366 1203 4424 condrmata
1216 4368 1246 4423 in
1261 4367 1392 4427 futurum
1405 4376 1593 4445 perseverent,
1606 4379 1769 4435 statuentes
1776 4392 1823 4451 per

117 4459 284 4517 subditione
309 4461 412 4514 sanctae
431 4454 509 4512 sedis
532 4453 667 4509 Ecclesia
687 4452 818 4509 ltomanae
833 4466 943 4522 semper
997 4455 1069 4512 banc
1087 4457 1190 4514 seriem
1210 4459 1419 4529 scripturarum
1450 4467 1536 4533 atque
1561 4462 1772 4525 interdicentes
1791 4472 1822 4526 ut

118 4555 253 4622 perpetua
289 4545 504 4605 conservatione
537 4541 695 4599 subsistere
722 4546 751 4598 et
780 4555 943 4612 permanere
998 4546 1142 4619 quisquis,
1154 4547 1196 4604 uel
1209 4549 1428 4623 cunjuscuuque
1442 4552 1821 4625 dignitatispersonaama·

117 4638 292 4696 omnimodis
305 4636 435 4705 debeant,
451 4646 483 4690 eo
495 4631 630 4688 videlicet
642 4631 743 4689 ordine
755 4637 786 4688 ut
797 4631 941 4703 quidquid
996 4649 1051 4708 gno
1062 4636 1154 4709 gradu
1168 4652 1259 4708 usque
1272 4639 1307 4696 ad
1320 4640 1472 4699 minimum
1485 4641 1583 4717 luerit,
1601 4646 1653 4715 qui
1672 4646 1727 4705 boc
1738 4648 1820 4719 priri-

117 4740 151 4784 οι
160 4727 314 4783 donatione
326 4721 562 4781 excellentissimi
578 4721 632 4778 lilii
644 4722 720 4794 regis
731 4721 823 4779 nostri
833 4721 940 4792 Caroli,
997 4724 1102 4797 legium
1115 4727 1275 4797 irrumpere
1289 4731 1451 4800 tentaverit,
1465 4731 1508 4788 vel
1524 4731 1625 4790 lecerit
1638 4734 1696 4793 sub
1709 4739 1820 4795 anatbe

116 4815 293 4873 velaliorum
307 4826 417 4887 regum,
433 4824 466 4868 ac
480 4811 619 4869 bonorum
633 4811 782 4869 bominum
795 4816 823 4868 et
836 4825 942 4883 paren·
996 4815 1081 4872 matis
1092 4815 1219 4888 vinculo,
1234 4817 1309 4874 beati
1325 4819 1400 4875 Petri
1415 4821 1612 4890 apostolorum
1626 4825 1776 4900 Principis
1788 4840 1819 4884 ac

116 4912 177 4963 tum
191 4911 317 4976 tuorum,
332 4908 360 4962 et
371 4918 405 4961 en
418 4905 467 4960 tua
483 4902 655 4975 proprietate
666 4901 942 4960 etcommutationi-
995 4909 1092 4962 nostra
1107 4905 1287 4979 auctoritate,
1301 4921 1362 4965 esse
1376 4909 1526 4982 alligatum
1542 4913 1721 4974 universalis
1732 4916 1819 4974 Bccle

117 4995 171 5053 bus
183 4995 286 5051 babere
298 4999 326 5051 et
338 4993 482 5051 dominari
504 4992 586 5050 modo
606 4993 724 5064 videris,
747 4992 790 5048 vel
807 4991 836 5047 in
858 4995 941 5048 antea
995 4993 1039 5049 sia
1051 4995 1134 5067 sciat,
1151 4995 1304 5068 nisidigna
1319 4997 1516 5057 satisfactione
1532 5015 1629 5059 coram
1642 5006 1700 5064 lieo
1712 5012 1742 5063 et
1753 5019 1817 5064 san-

116 5085 265 5156 acquirere
280 5087 312 5140 tu
326 5089 353 5140 et
366 5096 544 5140 successores
556 5081 599 5138 tui
612 5072 750 5151 potueris,
766 5087 823 5139 tarn
838 5080 868 5136 in
885 5094 941 5138 mo
993 5088 1105 5139 ctorum
1120 5097 1238 5140 suorum
1254 5086 1450 5155 penitentiam
1472 5089 1572 5162 egerit.
1595 5092 1672 5150 Beue
1685 5094 1784 5154 valete.

116 5174 252 5232 nastcriis
267 5172 540 5243 adillcandisquam
559 5171 688 5242 etvillis,
712 5172 771 5227 sive
785 5171 940 5241 mancipiis
1027 5174 1097 5229 Data
1118 5187 1146 5229 rr
1172 5174 1233 5230 lial.
1263 5176 1343 5233 iunii
1362 5188 1437 5234 anno
1463 5178 1492 5234 in
1520 5184 1722 5241 sacratissima
1745 5184 1814 5243 beati

116 5264 146 5321 in
160 5263 381 5335 quibuscunque
394 5261 485 5331 pagis,
499 5260 571 5316 locis
583 5261 697 5332 etagris
707 5260 886 5329 constitutis,
898 5260 938 5319 ita
992 5262 1068 5319 Petri
1089 5263 1154 5319 sede
1174 5277 1217 5335 ur,
1242 5278 1291 5322 seu
1316 5265 1420 5325 domno
1445 5268 1556 5340 carolo,
1574 5272 1814 5332 excellentissimo

113 5351 243 5412 stabilita
257 5354 286 5407 et
301 5354 361 5406 rata
375 5349 404 5405 in
422 5354 588 5419 perpetuum
604 5353 745 5419 maneant,
770 5349 841 5406 etin
861 5364 939 5421 prae·
992 5366 1056 5424 rege
1071 5354 1244 5411 Francorum
1266 5359 1294 5412 et
1317 5357 1568 5428 Langobardorum
1588 5366 1678 5434 atque
1698 5363 1814 5436 patricio

111 5442 201 5501 dictis
209 5438 393 5499 monasteriis
405 5437 503 5495 nullus
517 5436 715 5508 episcoporum
731 5438 774 5495 vel
792 5440 934 5509 sacerdos,
990 5443 1192 5517 Romanorum,
1208 5458 1293 5517 aquo
1305 5451 1387 5517 capta
1404 5445 1462 5506 luit
1481 5448 1575 5525 ltalia,
1588 5464 1668 5511 anno
1683 5454 1812 5513 vicesimo

111 5533 219 5606 absque
233 5531 379 5590 voluntate
392 5526 650 5602 precellentissimi
665 5526 718 5584 lllil
733 5529 824 5586 nostri
839 5529 933 5587 Caroli
990 5531 1103 5605 quinto,
1117 5533 1277 5593 indictione
1291 5539 1380 5594 sexta.

122 3181 303 3229 PRIVILBGIU!
315 3179 413 3225 isonis
425 3179 458 3225 iit
469 3179 522 3223 ulto
530 3177 701 3223 uobtsrsnlo
712 3177 763 3222 snit
772 3176 946 3222 biblitsltrm.
