3876 6090
42 215 98 276 alu
394 216 669 274 lNl'lillPlils'lthO
686 213 938 274 CllRONOLOGlAE
956 216 983 273 S.
1005 216 1197 274 NlCEPllOlll.
1217 248 1254 260 -
1272 220 1358 276 Palas
1381 224 1414 278 ll.
1701 222 1758 293 550

43 359 141 416 senus,
154 343 541 415 sedemprincipisurbisper
549 344 707 401 triennium
716 344 875 414 occuparit.
891 346 920 407 A
970 341 1648 422 lllthonstantinius,prasesetprotovestiarius,
1656 300 1756 426 cogno

77 432 115 490 89
128 433 243 505 Trypho
268 433 434 506 monachus,
458 432 505 490 hio
530 448 593 492 curn
614 433 770 490 eilluxisset
801 449 878 505 prae-
933 437 1027 490 mento
1042 433 1193 507 lichudes,
1206 433 1345 507 liberalis,
1368 444 1396 492 et
1416 437 1594 512 magnillcus,
1611 448 1640 497 et
1653 442 1755 517 solers,

45 524 188 594 scriptum
212 536 229 579 a
250 522 377 580 llomaao
404 525 549 597 lacapeno
571 525 743 596 imperatore
764 531 877 597 tempos
930 520 1057 579 Ecclesia
1069 537 1119 594 per
1131 536 1221 581 annos
1231 528 1356 597 quatuor
1367 530 1396 582 ct
1408 539 1519 584 menses
1531 542 1580 585 sex
1588 527 1755 603 gubernata

44 626 100 687 quo
120 611 230 669 solium
249 611 453 670 administrare
476 612 623 685 debuerat,
648 615 737 671 donec
758 613 879 685 impera·
932 610 963 667 in
977 611 1162 669 aliamritam
1173 613 1315 687 migravit.

44 702 213 760 torishlius
230 700 458 775 Theopbylactus
479 703 514 760 ad
534 703 643 773 justam
658 709 767 761 aetatem
784 718 881 775 perse
968 697 1016 756 lot
1030 701 1151 760 loannes
1167 702 1355 775 xyphilinus
1378 704 1544 780 monachus,
1567 713 1682 780 propter
1703 663 1760 771 elo.

45 793 149 851 nisset
143 791 300 864 ,deeeptus
316 803 333 847 a
347 791 518 863 Theophane
531 792 700 850 cesariensi
720 798 797 864 pont.
809 805 875 850 oum
931 790 1088 863 quantiam,
1100 791 1292 865 prudentiam,
1306 794 1466 850 doctrinam
1479 801 1507 852 et
1518 795 1653 854 virtutem
1666 794 1759 856 omni-¹

44 883 157 953 mpura
176 882 276 938 charta
291 880 520 953 subscrlpSlssel,
538 881 600 939 loco
620 887 715 940 motus
728 887 801 939 est.
930 891 967 936 no
992 880 1189 953 admirandus,
1227 881 1370 940 oriundus
1390 884 1576 956 Trapezunte,
1605 884 1692 945 vitam
1723 862 1761 944 in¹

74 968 110 1027 90
123 969 876 1043 Theopbylactns,1tomanilacapeniimp.lllius,ea·
928 966 1047 1041 Olympo
1067 970 1213 1044 religiosis
1231 972 1379 1029 exercitlls
1393 973 1504 1046 agebat,
1528 974 1603 1033 unde
1618 980 1754 1048 tanquam

45 1059 167 1131 aurbus,
183 1060 359 1117 aetatisanno
369 1059 480 1117 decimo
490 1065 569 1117 sexto
584 1065 811 1118 contracanones
824 1075 873 1132 gu·
930 1057 1005 1115 inter
1016 1059 1090 1118 alios
1103 1061 1238 1133 eximius,
1260 1062 1287 1118 vi
1301 1063 1334 1120 ad
1349 1063 1574 1134 patriarchatum
1593 1070 1754 1136 pertractus

45 1147 873 1221 bernaculaEcclesieusurparit:equorumsupraomnem
927 1152 981 1220 ost,
999 1153 1027 1205 et
1047 1149 1123 1220 pavit
1152 1150 1308 1209 Ecclesiam
1333 1153 1418 1210 annis
1445 1152 1577 1212 undecim
1606 1154 1754 1213 mensibus

47 1239 157 1296 undum
178 1244 298 1310 amator,
314 1239 400 1295 vitam
421 1237 495 1295 uixit
516 1238 695 1296 insolentem.
712 1239 792 1309 aqua
807 1252 872 1296 vero
928 1242 1045 1307 septem.

48 1330 186 1385 intercute
201 1341 234 1383 ex
245 1327 422 1399 equitatione
437 1336 595 1400 correptus,
611 1342 675 1385 cum
691 1328 813 1385 sedisset
826 1341 875 1385 an·
965 1323 1016 1383 idi
1031 1327 1146 1386 cosmas
1175 1330 1339 1389 ineruditos
1360 1330 1411 1389 ille
1432 1331 1558 1407 quidem,
1580 1334 1628 1391 sed
1659 1335 1757 1392 omnis

49 1419 87 1474 uis
96 1417 204 1489 viginti
216 1415 321 1479 tribus.
337 1417 451 1474 vivendi
468 1416 551 1474 inem
563 1415 640 1475 iecit.
929 1417 1041 1489 pencris
1062 1417 1221 1476 virtutibus
1239 1427 1357 1478 ornatus
1373 1418 1438 1493 (qua
1458 1422 1493 1478 de
1516 1437 1600 1480 causa
1621 1422 1759 1483 etiamid

76 1505 107 1562 ul
120 1505 306 1564 substitutus
318 1511 361 1563 est
378 1506 409 1562 in
423 1507 486 1577 ejus
498 1507 590 1565 locum
606 1507 785 1581 Polyeuetus,
799 1507 874 1565 soli-
929 1506 1051 1563 maximo
1078 1509 1170 1578 pretio
1191 1509 1227 1566 ab
1249 1511 1348 1581 imper.
1371 1511 1540 1587 habebatur)
1561 1514 1753 1585 Nicephorum

52 1590 121 1652 iaris
131 1595 199 1652 rita
209 1600 343 1666 sectator,
359 1598 388 1653 ot
402 1596 469 1653 inde
487 1610 578 1668 usquc
593 1610 707 1669 apuero
717 1599 752 1655 de
768 1611 874 1668 paren·
929 1596 1104 1653 botoniatem
1121 1597 1286 1672 insignibus
1299 1601 1415 1672 imperil
1430 1602 1587 1661 redimiuit.
1599 1606 1670 1675 Ejus
1687 1612 1754 1663 vero

54 1692 101 1742 tam
121 1685 271 1743 voluntate
283 1688 444 1757 castratus3
476 1686 521 1743 vir
542 1687 659 1744 omnino
683 1687 872 1757 venerandus,
887 1679 914 1741 B
928 1688 1104 1744 soccessoris
1122 1689 1216 1746 lilexil
1237 1691 1385 1765 comneni,
1401 1705 1466 1750 cun
1482 1693 1642 1765 imperandi
1661 1695 1755 1752 ratio-

55 1774 205 1847 eloqaentia
222 1780 251 1833 et
265 1775 372 1833 virtute
386 1780 533 1847 prestans.
551 1777 713 1849 Nicephoro
734 1777 834 1834 Pbocae
844 1782 874 1834 et
928 1789 991 1832 nem
1013 1777 1132 1848 probare
1147 1790 1202 1834 non
1218 1785 1322 1850 posset,
1338 1781 1558 1854 desperaretque
1571 1783 1607 1840 de
1618 1785 1755 1842 emenda-

56 1865 139 1922 loanni
154 1865 287 1922 Zimiscae
298 1864 416 1922 restitit.
888 1872 891 1876 “
927 1866 1016 1936 tione,
1030 1866 1108 1923 Tolle
1119 1863 1236 1940 (inquit,
1252 1869 1386 1927 ministro
1396 1871 1459 1943 suo)
1472 1871 1580 1929 librum
1592 1873 1669 1931 huuc
1680 1873 1756 1931 Psal-

81 1951 113 2011 li
126 1955 281 2026 Polyeucto
305 1956 444 2014 suecessit
466 1956 593 2015 Basilius
612 1957 778 2028 monachus,
802 1956 873 2014 sca-
928 1968 1050 2028 morum,
1064 1960 1091 2012 ot
1108 1969 1151 2012 me
1164 1970 1291 2028 sequere.
1307 1959 1358 2015 llis
1376 1960 1474 2030 dictls,
1493 1973 1528 2018 ex
1545 1961 1665 2019 ecclesia
1685 1976 1755 2019 san-

60 2045 227 2116 madrenus,
240 2045 291 2117 qui
306 2060 372 2102 cnm
394 2051 458 2116 post
479 2045 703 2119 quadriennium
718 2060 777 2104 suae
792 2045 874 2103 desi-
927 2044 1077 2102 ctissimus
1101 2046 1263 2116 patriarcha
1284 2046 1429 2105 discessit
1445 2049 1515 2119 litus
1533 2063 1600 2108 uero
1615 2051 1645 2106 ln
1661 2051 1754 2108 locum

62 2134 197 2206 pastionis,
213 2136 250 2192 ob
259 2136 388 2207 quaedam
399 2136 509 2208 objecta
523 2136 647 2193 crimina
658 2150 708 2208 per
716 2135 872 2194 concilium
928 2134 1064 2192 sullectus
1079 2142 1132 2208 est,
1149 2150 1213 2192 cum
1233 2135 1343 2193 fidelem
1360 2138 1509 2209 populum,
1521 2153 1612 2196 annos
1627 2141 1756 2212 quinque

64 2223 109 2281 loco
120 2230 277 2282 motusest.
928 2228 956 2279 et
969 2238 1079 2281 menses
1101 2239 1197 2281 novom
1217 2227 1348 2296 pavisset.

84 2313 113 2372 93
124 2315 269 2373 Antonius
287 2316 416 2373 studites
432 2317 595 2388 patriarcha
615 2323 659 2374 ost
684 2317 869 2389 designatus3
965 2311 1201 2387 insensuales,
1219 2317 1316 2389 spado,
1331 2316 1459 2388 simplici
1473 2317 1657 2392 rirlnqenlo,
1673 2326 1701 2377 et
1714 2319 1756 2377 dl-

64 2404 97 2475 qui
115 2420 179 2463 cum
198 2406 393 2464 renuntiasset
407 2407 578 2478 sacerdotio,
599 2407 673 2479 quod
698 2422 747 2479 per
761 2422 809 2465 sex
823 2422 871 2465 an·
928 2417 1002 2477 gnus
1014 2405 1064 2476 qui
1079 2406 1108 2461 in
1121 2406 1227 2478 angulo
1236 2405 1344 2463 lateret.
1363 2409 1466 2464 verum
1479 2414 1507 2464 et
1520 2408 1569 2465 ille
1583 2417 1648 2480 post
1662 2410 1757 2468 trien-

66 2506 100 2550 nos
120 2500 315 2566 tenuerat„ac
336 2496 422 2567 paulo
445 2501 510 2568 post
537 2496 667 2569 obiisset,
692 2503 720 2554 ct
748 2502 874 2554 vacasset
928 2493 1009 2550 nium
1024 2494 1218 2551 administrati
1242 2496 1437 2566 pontilianus,
1459 2498 1495 2554 ob
1509 2497 1634 2570 ignotam
1659 2512 1757 2570 quam·

65 2582 305 2657 bolesiaquatuor
321 2585 406 2643 annis
417 2600 482 2643 cum
499 2586 632 2657 dimidio,
650 2586 818 2659 designatas
830 2589 873 2643 cst
927 2584 991 2641 dam
1007 2598 1131 2655 causam,
1149 2585 1248 2642 nolens
1266 2585 1445 2659 deturbatur,
1465 2594 1561 2644 erecto
1575 2587 1704 2645 vicissim
1718 2589 1754 2646 ad

87 2671 258 2732 llNicolaus
271 2675 497 2748 Chrysoherpes3
517 2676 567 2747 qui
590 2691 654 2732 cum
675 2676 872 2747 pontificatum
928 2674 1115 2731 Patriarcbioi
1131 2674 1204 2731 solii
1225 2674 1433 2732 sublimitatem

66 2775 133 2821 annos
152 2764 305 2822 duodecim
320 2772 348 2821 et
369 2779 480 2823 menses
493 2771 559 2824 octo
578 2772 717 2838 ornasset,
736 2763 871 2823 delunoto
965 2760 1145 2821 ldilllcolao
1174 2763 1321 2834 monacho,
1344 2771 1531 2837 cognomento
1550 2765 1754 2837 Grammatico,

67 2855 192 2911 snocmsit.
247 2857 249 2860 ’
926 2853 977 2925 qui
999 2852 1028 2909 in
1048 2853 1145 2909 studio
1168 2853 1286 2910 virtutis
1310 2859 1391 2910 atate
1411 2859 1484 2924 acia,
1510 2854 1672 2912 litterarum
1697 2870 1756 2916 nou

87 2941 115 2999 95
123 2943 273 3001 sisinnius
303 2945 448 3019 magister,
472 2945 517 3001 vir
537 2945 572 3001 ab
591 2945 708 3003 ineunte
735 2949 816 3002 aute
842 2945 872 3001 in
927 2942 1009 2999 rudis
1021 2946 1092 3013 erat,
1109 2941 1176 2999 licet
1191 2956 1247 2998 non
1262 2943 1406 3014 exquisite
1421 2945 1548 3014 peritus:
1565 2945 1693 3002 Ecclesia
1706 2959 1756 3016 per

67 3026 150 3091 litteris
162 3038 302 3091 versatos.
316 3036 377 3106 Quo
391 3040 419 3093 et
439 3036 501 3106 ipso
514 3031 588 3106 (cum
602 3035 758 3091 triennium
772 3034 873 3091 Eccle-
887 3023 912 3091 C
927 3046 1017 3090 annos
1042 3031 1145 3104 viginti
1181 3036 1288 3102 septem
1317 3031 1483 3105 gubernata,
1509 3033 1585 3091 obiit
1608 3048 1693 3091 senex
1719 3035 1754 3091 ad

67 3118 117 3178 anm
129 3123 261 3196 rexisset)
273 3131 386 3182 mortuo
402 3124 523 3196 cligitur
533 3124 696 3196 patriarcba
928 3122 1054 3179 modum.

87 3210 251 3286 ltscrgios,
267 3214 317 3284 qui
337 3213 478 3270 Manuelis
496 3214 668 3271 monasterio
686 3217 807 3286 praeerat
820 3226 874 3284 pa-
964 3208 1016 3267 loa
1030 3213 1082 3267 Leo
1097 3210 1234 3282 Stypiota.

68 3301 180 3376 triarcba,
192 3304 298 3360 Photio
320 3316 422 3376 genere
445 3303 624 3375 conjunctus.
647 3304 717 3361 Cum
730 3308 824 3361 autem
837 3303 871 3359 ad
965 3298 1016 3356 luo
1031 3299 1161 3372 llichael,
1177 3299 1263 3357 Acuti
1279 3300 1447 3358 monasterii
1464 3300 1631 3376 monachus,
1647 3305 1757 3361 uirtute

66 3400 133 3449 annos
148 3393 254 3465 viginti
276 3393 431 3451 Ecclesiam
450 3395 585 3468 pavisset,
603 3398 721 3451 mortem
742 3392 826 3463 obiit,
846 3397 875 3449 et
928 3390 1060 3460 celebris,
1077 3390 1274 3460 imperatorem
1287 3389 1455 3461 Manuelem,
1471 3405 1553 3463 aquo
1565 3399 1669 3450 anctus
1684 3399 1756 3464 erat,

68 3475 252 3554 incluslooum
265 3483 463 3540 sullectuscst.
928 3479 1058 3536 vicissim
1083 3479 1166 3552 ungit
1180 3493 1289 3535 sacram
1301 3480 1389 3536 aedem
1406 3480 1576 3552 ingressum.
1591 3481 1689 3538 Oxites
1703 3495 1757 3539 oo-

87 3566 306 3643 mensuratus,
316 3572 493 3631 sacerdotum
501 3575 572 3632 aedis
581 3573 714 3645 palatinae
724 3573 872 3646 princepsa
930 3569 1122 3643 gnominatus,
1139 3582 1250 3625 summa
1272 3569 1338 3625 sede
1351 3568 1428 3625 ultro
1448 3569 1546 3640 cessit,
1565 3575 1600 3627 et'
1610 3570 1641 3626 in
1654 3570 1755 3627 Oxiam

67 3659 171 3728 lucum
186 3662 413 3719 orthodoxorum
426 3663 559 3721 Ecclesiae
574 3669 637 3721 octo
648 3664 733 3721 annis
748 3662 876 3734 praalais
931 3659 1056 3715 insulam
1071 3658 1168 3729 rediit,
1181 3659 1277 3729 inqua
1288 3657 1355 3714 sitas
1368 3657 1464 3728 inopis
1473 3663 1501 3714 et
1514 3658 1659 3729 simplicis
1673 3659 1761 3716 insti-

67 3753 100 3819 ιιι
113 3752 237 3809 moritur
252 3751 337 3822 paulo
357 3757 422 3809 ante
439 3752 580 3810 Basiliam
599 3753 874 3826 Porphyroqenitum
930 3751 1023 3805 tutum
1040 3761 1056 3803 a
1079 3761 1166 3818 puero
1182 3748 1331 3818 amplexos
1346 3745 1448 3803 luerat.

68 3835 255 3911 inperatorem.
966 3833 1017 3892 tol
1029 3837 1154 3909 cosmas,
1172 3836 1265 3908 patria
1276 3836 1416 3908 AEgineta,
1435 3851 1470 3893 ex
1483 3850 1602 3894 numero
1618 3836 1760 3895 diacono-

88 3926 220 4004 hibique
232 3930 362 3987 succedit
379 3929 507 4004 Alexim,
527 3930 875 4002 solitarius,cmansione
930 3939 1004 3997 rum,
1031 3924 1099 3982 licet
1123 3925 1351 3996 eruditissimus,
1375 3926 1515 3982 uirtutum
1545 3930 1639 3983 tamon
1671 3926 1758 3984 choro

68 4012 181 4077 badiano
194 4021 225 4077 in
241 4019 469 4091 patriarcharum
483 4021 588 4078 solium
609 4022 773 4080 translatus.
792 4020 876 4078 hece
931 4015 1085 4086 illustrior,
1099 4015 1293 4085 imperatricis
1309 4020 1421 4071 uterum
1439 4022 1602 4073 exsecratus
1613 4020 1667 4072 est.

68 4107 107 4173 ulls
119 4109 275 4182 nonaginta
297 4108 361 4166 auri
382 4109 467 4166 libris
485 4115 513 4168 et
528 4110 645 4168 totidem
662 4111 739 4168 clero
760 4111 876 4169 donatis
967 4102 1210 4161 lddTheodosius
1229 4104 1391 4176 principem
1412 4105 1506 4161 sedem
1523 4104 1679 4175 imperante
1704 4107 1759 4163 lla·

70 4197 265 4257 matrimonium
281 4196 430 4256 Michaelis
446 4198 514 4269 imp.
529 4214 594 4256 oum
611 4200 664 4257 Zoe
684 4199 874 4272 imperatrice,
931 4196 1015 4252 nuele
1034 4194 1152 4251 curabat
1166 4198 1194 4250 et
1205 4193 1333 4250 ornabat.
1348 4193 1482 4250 Sedlsuae
1496 4193 1659 4264 restitutus,
1674 4202 1759 4253 natus

70 4278 163 4345 lamani
177 4286 352 4361 argyropoli
371 4287 458 4345 sidua
479 4288 667 4345 contlrmanit.
683 4290 754 4346 Pone
768 4288 877 4346 excidii
932 4289 1011 4357 patre
1021 4283 1166 4356 Armenio,
1181 4287 1282 4354 sponte
1299 4283 1418 4340 secessit
1431 4283 1459 4338 in
1475 4283 1600 4340 insulam
1618 4284 1760 4341 Terebin-

72 4377 257 4448 latriarcbatu,
274 4375 374 4435 fraude
386 4377 505 4434 loannis
518 4377 760 4451 Orphanotrophi,
778 4377 877 4436 iratrls
890 4364 917 4426 D
932 4373 1024 4430 thuna.

70 4456 193 4524 licnselis
207 4466 403 4540 Paphlagonis
414 4468 483 4538 lmp.
969 4462 1020 4521 l09
1033 4465 1179 4522 camatero
1194 4463 1310 4525 Basilio,
1331 4462 1527 4520 oecumenicus
1546 4461 1759 4532 patriarchatus

90 4549 225 4612 lanterio
236 4559 350 4611 mortuo
359 4569 424 4612 cuna
435 4555 529 4612 sedem
540 4556 619 4613 illam
630 4557 771 4614 tenuisset
781 4558 878 4630 quiete
931 4555 967 4610 ab
979 4553 1142 4611 Andronico
1153 4555 1275 4623 delatus,
1288 4552 1330 4609 rel
1340 4552 1437 4624 potius
1447 4551 1582 4608 venditus
1596 4551 1758 4623 syngrapha

71 4644 202 4702 modocim
218 4644 314 4717 annis,
329 4645 532 4703 ilonomacbus
546 4647 700 4717 imperator
712 4648 776 4704 auri
788 4654 878 4706 cente·
932 4657 1017 4717 quam
1035 4644 1209 4715 premiserat
1216 4657 1247 4699 se
1256 4641 1400 4714 quidquid
1416 4642 1442 4697 ei
1455 4639 1592 4697 libuisset
1602 4639 1755 4711 iacturum,

73 4733 144 4790 nrios
156 4733 263 4807 uiginti
282 4734 411 4807 quinque
432 4749 447 4791 e
466 4736 637 4794 monasterio
657 4737 749 4793 alexii
770 4737 806 4793 ab
826 4736 877 4795 illo
932 4733 1040 4803 dejecto
1056 4747 1105 4804 per
1117 4732 1253 4789 isaacium
1269 4731 1408 4803 Angelum
1422 4731 1632 4801 imperatorem.

73 4813 241 4882 ilibesauros
258 4823 363 4882 relatos
385 4824 516 4882 abstulit.
536 4825 569 4882 Ei
585 4839 650 4883 vero
665 4829 805 4884 successit
820 4828 878 4886 nli·
969 4821 1019 4878 ΗΟ
1040 4822 1154 4878 Nicetis
1175 4822 1345 4891 hundinis,
1368 4819 1502 4876 Ecclesiae
1524 4821 1655 4877 maximat
1673 4819 1761 4877 sucel-

73 4904 172 4987 thelos,
195 4919 384 4986 cognomento
397 4913 582 4987 Caralarins,
600 4917 665 4972 ritae
684 4917 822 4973 solitariae
837 4931 878 4973 se-
932 4911 1024 4968 larius
1043 4910 1191 4981 successit,
1206 4923 1289 4980 quem
1304 4915 1373 4965 natu
1387 4909 1542 4964 maximum
1558 4909 1587 4964 in
1604 4910 1759 4966 sacrasede

73 4997 156 5060 ator:
171 5004 352 5073 ejusmortui
367 5005 575 5061 manuscrucis
586 5004 615 5061 in
631 5006 745 5062 modum
756 5007 872 5065 siccon-
931 5003 1078 5073 exspirare
1096 5005 1209 5057 nonest
1223 5011 1325 5070 passus
1344 4997 1463 5067 imper.;
1484 4998 1533 5054 sol
1558 4997 1707 5071 delirium,
1733 5003 1761 5054 et

75 5077 176 5165 binata,
192 5097 227 5149 ut
243 5092 354 5150 solebat
369 5107 431 5150 esse
445 5107 510 5150 oum
528 5095 634 5167 populo
650 5109 745 5166 pacem
760 5097 876 5154 dennn-
932 5092 1074 5150 levitatem
1088 5094 1117 5146 et
1131 5089 1243 5147 senium
1259 5092 1404 5156 causatus,
1420 5087 1542 5156 expolit

76 5169 143 5255 bret,
155 5180 319 5239 immobilis
334 5196 386 5239 neo
397 5188 506 5241 mutata
516 5185 630 5241 mansit.
968 5179 1014 5237 tlt
1032 5181 1169 5239 Leontius
1185 5193 1249 5237 vero
1267 5178 1424 5237 monachus
1438 5178 1555 5249 quidam
1570 5182 1668 5250 pastor
1687 5178 1761 5235 desi-

671 5384 702 5444 h.
725 5384 839 5445 CONTll
857 5382 958 5445 NOTAE
976 5381 1173 5442 lllsToitldAE.

95 5529 180 5593 a‘lide
200 5527 330 5608 Glycam,
352 5535 487 5593 Zonaram
501 5536 530 5593 et
551 5535 679 5592 Nicetam
710 5530 816 5606 passim
841 5530 876 5592 ad
901 5527 979 5591 huno
992 5531 1020 5588 et
1036 5527 1071 5588 ad
1087 5532 1239 5604 sequentes
1251 5529 1437 5602 patriarchas.
