3876 6090
111 225 165 286 603
728 221 906 280 axxsrnsx
923 220 1195 279 bxbbloxrlbcxnn
1765 217 1818 277 dat

108 350 314 421 iustoiudicio
328 363 381 408 sno
394 348 610 407 deleveriteum
630 349 667 406 de
681 347 756 405 libro
770 348 928 404 virentium
943 344 974 406 A
990 345 1090 403 multa.
1116 346 1233 403 Sanmm
1259 359 1372 418 quoque
1394 346 1491 402 Patres
1510 347 1634 414 nostros,
1658 341 1760 399 saltem
1786 346 1819 398 ut

111 439 254 496 Similiter
274 444 368 498 autem
387 443 415 496 et
436 452 525 495 noxus
547 438 660 511 praesul,
677 443 709 494 ut
729 437 931 510 comperimus,
990 448 1077 492 unum
1092 448 1127 490 ex
1137 435 1243 506 egenis,
1257 434 1535 506 singulisecundum
1550 433 1627 488 uires
1643 429 1816 497 reficiamus.

112 529 251 600 Pyrrhum
279 532 308 585 et
333 528 552 600 predecessores
574 527 647 600 ejus,
672 526 769 584 beatos
793 528 890 582 Patres
907 529 936 582 et
988 528 1016 579 et
1038 523 1218 580 consolemur
1238 523 1442 580 tribulationes
1460 535 1569 579 eorum.
1590 522 1626 576 Ει
1647 519 1767 591 quidem
1785 519 1820 575 de

112 621 225 673 sanctos
239 617 359 673 vocarit.
375 615 410 672 Ut
421 630 487 689 ergo
500 616 632 686 scientes,
645 615 755 684 dilecti,
772 614 841 691 quia
855 613 937 669 terri·
990 612 1171 669 sanctissimo
1193 610 1338 669 etlamulo
1353 611 1460 668 Cbristi
1480 610 1530 665 bei
1547 609 1640 666 nostri
1657 607 1820 679 apostolico

113 703 201 760 bilem
213 704 340 774 judicem
361 704 507 774 babemus,
528 703 577 775 qni
600 708 738 760 venturus
750 707 793 758 est
804 702 935 773 iudicare
989 699 1067 757 dictu
1082 701 1150 758 sint.
1164 703 1204 756 De
1219 705 1321 758 caetero
1335 713 1402 757 xero
1421 699 1613 756 necessarium
1634 696 1720 767 duxi,
1734 696 1820 752 etiam

112 791 303 864 cogitationes
321 795 350 847 et
364 797 445 848 actus
469 795 589 861 nostros,
612 795 641 847 et
658 789 808 862 exquirere
830 794 935 845 rectam
988 788 1024 845 de
1038 789 1181 846 divinitus
1192 789 1340 846 honoratis
1351 797 1379 845 et
1392 787 1548 845 illustratis
1560 785 1697 842 Patribus
1713 785 1820 841 nostris

113 877 196 935 tidem
219 893 310 951 suam,
335 881 505 950 sapientiam
528 878 627 936 loram
642 882 671 935 et
692 877 833 949 stabilem,
847 877 935 934 sicuti
989 882 1018 934 et
1044 878 1291 935 concertatoribus
1321 878 1384 948 ejus
1401 876 1552 935 dilectioni
1577 878 1679 931 restrae
1710 872 1821 946 signid-

113 968 294 1039 snscepimns
323 969 352 1023 in
374 969 495 1026 Domino
524 973 670 1025 teneamus
702 980 767 1023 curn
796 965 936 1037 patientia
988 979 1071 1023 care.

414 1097 1179 1119 ,mo—*nnn*-
1193 1097 1536 1114 ιι--μι-ἡ-ι-μ--ῃ

282 1184 472 1244 maritata:
494 1187 571 1245 ΤΗΣ
592 1187 783 1245 ΚΙΝΠΣΕΩΣ

146 1267 287 1349 Γενομένης
296 1269 390 1349 μεταξὺ
396 1278 441 1331 τοῦ
450 1279 529 1354 κυροῦ
537 1271 605 1331 ἀῦύῦ
616 1271 749 1350 Μαξίμου,
759 1275 805 1333 καὶ
814 1277 865 1333 τῶν
873 1273 918 1334 σύν

251 1362 332 1440 αύτῷ,
348 1360 392 1419 καὶ
402 1364 454 1420 τῶν
466 1359 609 1442 ἀρχόντων,
619 1363 663 1421 καλ
673 1361 813 1444 Σεκρέτου.

184 1463 226 1544 Τῇ
240 1463 325 1548 ἡμέρῳ
337 1459 356 1546 ᾗ
368 1468 602 1550 προσωρμίσθησαν
612 1466 693 1544 ταύτῃ
704 1473 736 1548 τῇ
751 1468 919 1548 βασιλευούσῃ

144 1550 228 1621 πόλει,
254 1551 311 1615 ὅτε
330 1553 414 1636 κύριος
440 1555 569 1634 Μάξιμος,
592 1557 637 1616 καί
661 1559 685 1616 οἱ
705 1554 750 1617 οῦν
770 1560 840 1638 αὐτῷ
862 1559 921 1640 περί

144 1637 241 1716 δυσμδς
266 1639 352 1716 ἠλίου,
379 1640 494 1709 ἐλθόντες
515 1641 560 1702 δύο
586 1643 747 1726 μανδιίτωρες
769 1641 834 1721 μετὰ
855 1641 917 1702 δέκα

146 1725 364 1810 ἐκσκουύιτύιροα,
385 1731 435 1808 ἐπῇ
439 1752 485 1812 ραν
497 1728 588 1796 αὐτοὺς
601 1733 630 1788 ἐκ
646 1736 692 1788 τοῦ
705 1731 796 1790 πλοίου
809 1729 920 1809 γυμνούς

145 1815 188 1872 καὶ
201 1813 377 1882 ἀνυποδέτους.
392 1817 444 1875 Καί
460 1816 608 1896 μιρίσαντες
621 1815 712 1883 αὐτοδς
725 1819 770 1875 ἀπ’
785 1819 918 1890 ἀλλήλων,

147 1901 156 1955 ε’
162 1898 267 1978 ρύλαξαν
276 1905 311 1968 είς
324 1903 431 1984 διύρορα
444 1903 611 1980 έκσκούύιτα,
621 1905 665 1965 καί
675 1906 730 1982 μεθ’
741 1903 839 1986 ἡμέρας
851 1904 921 1973 told<

145 1984 309 2068 ἀναρέρουσιν
322 1986 412 2055 αύτούς
428 1992 506 2072 ἐντῷ
524 1991 654 2073 παλατίῳ,
668 1993 713 2053 καί
725 1993 858 2071 εἰσάγουσι
876 1993 920 2052 τδν

143 2071 259 2150 γέροντα,
274 2067 335 2157 lna}
350 2073 421 2158 τύπῳ
435 2077 550 2157 συνήχθη
568 2084 585 2151 ἡ
600 2077 753 2152 σύγκλητος,
778 2079 823 2139 καί
840 2078 920 2148 πολὺς

144 2157 222 2224 ἄλλος
236 2160 326 2241 ὄχλος·
339 2163 383 2223 καί
400 2168 559 2246 παριστῶσα
572 2165 649 2226 αὐτὸν
667 2164 746 2243 μέσον
758 2170 810 2226 τῶν
823 2165 919 2249 ιἰρχύν·

143 2268 195 2302 τιον
216 2247 373 2326 καθημένων.
391 2251 446 2310 Καὶ
467 2250 537 2330 λέγει
558 2257 655 2336 αύτῷδ
669 2253 836 2335 σακελλᾶριος
860 2256 917 2333 μετ’

142 2333 219 2413 ὀργῆς
228 2337 327 2408 πολλῆς
341 2337 386 2396 καί
399 2338 501 2416 μανίας·
513 2339 665 2421 Χριστιανδς
678 2331 716 2412 ε’ί;
731 2332 855 2415 καλεῖτε,
871 2341 919 2422 χαί·

144 2442 193 2499 ριτι
217 2425 334 2504 Χριστοῦ
348 2432 395 2484 τοῦ
408 2427 479 2485 Θεοῦ
498 2430 551 2486 τῦιν
572 2426 652 2503 ὅλων,
679 2426 828 2509 χριστιανύς
852 2429 914 2507 εἰμί.

143 2507 195 2567 Καί
207 2507 275 2587 λέγει
290 2513 396 2588 ἐκεῖνος,
410 2516 457 2572 οὐκ
465 2511 533 2573 ἔστιν
540 2514 644 2585 ἀληθές.
655 2513 794 2595 Ἀπεκρίθη
804 2520 818 2575 δ
828 2517 918 2584 δοῦλος

141 2601 189 2653 τοῦ
201 2597 283 2656 Θεοῦ·
299 2597 338 2657 Σίν
351 2598 446 2677 λέγεις,
457 2604 504 2660 οῦκ
517 2603 582 2678 εἶμι,
599 2604 657 2661 ἀλλ’
669 2600 760 2669 δΘέος
771 2601 840 2681 λέγει
851 2595 919 2664 εἷναί

142 2704 186 2758 με,
204 2684 249 2742 καὶ
266 2682 391 2762 διαμένειν
410 2687 566 2769 χριστιανύν.
593 2689 649 2749 Καὶ
660 2693 727 2766 πῶς,
744 2691 832 2771 φησίν,
846 2689 918 2770 εἴπερ

140 2769 287 2850 χριστιανδς
301 2762 334 2840 cl,
353 2779 438 2848 μισεῖς
456 2773 500 2835 τδν
515 2775 624 2855 βασιλέα
637 2800 645 2848 ;
663 2777 825 2859 Ἀποκριθεὶς
844 2783 917 2838 δτοῦ

141 2858 211 2917 Θεοῦ
232 2861 331 2936 δοῦλος,
355 2860 420 2943 ἔφη·
437 2863 489 2923 Καὶ
510 2861 586 2923 πύθεν
605 2864 699 2939 δῆλον;
713 2864 745 2924 εδ
758 2863 808 2946 γὰρ
829 2871 915 2944 μῖσος,

141 2946 227 3025 ψυχῆς
244 2947 301 3007 ἐστί
319 2949 482 3032 κεκρυμμένα,
505 2951 623 3024 διάθεσις,
648 2951 737 3036 ὤσπερ
763 2943 807 3013 οῦν
828 2955 873 3015 καί
898 2959 916 3028 ἡ

141 3033 239 3110 ἀγάπη.
252 3035 305 3094 Καὶ
315 3034 386 3114 λέγει
397 3040 482 3120 αὐτῷ·
499 3039 543 3108 Ἐξ
555 3029 591 3122 {aa
600 3041 732 3113 ἐποίησας,
743 3050 821 3100 πᾶσιν
830 3039 917 3119 ἐγένου

140 3120 256 3203 φανερὸς,
277 3122 316 3184 ὅτι
339 3130 422 3203 μισεῖς
444 3126 489 3187 τδν
510 3127 630 3208 βασιλέα,
653 3129 698 3188 καί
718 3127 915 3201 τὴνπολιτείαν

140 3211 230 3281 αὐτοῦ,
245 3207 277 3270 σύ
290 3209 339 3294 γδρ
352 3210 429 3290 μένος
442 3213 585 3294 Αἴγυπτον,
599 3216 645 3276 καί
661 3216 860 3299 Ἀλεξάνδρειαν,
872 3217 917 3278 καί

139 3297 686 3388 Πεντύπολιν,καλΤρίπολιν,ιιαίἈρρικὴν
694 3307 855 3387 Σαραιιηνοῖς
868 3330 917 3366 πα·

141 3383 260 3464 ρέδοικας.
267 3387 319 3447 Καὶ
327 3389 365 3457 τίς
372 3389 471 3451 τούτων
478 3389 680 3476 ιἰπιίδειξις,έρη;
691 3394 745 3454 Καὶ
752 3392 916 3477 παραφέρου-

139 3494 178 3531 σιν
199 3472 317 3546 luderes
340 3474 385 3534 τδν
408 3476 544 3556 γενόμενον
568 3479 734 3560 σακελλιίριον
750 3479 851 3559 Πέτρου
868 3486 916 3540 τοῦ

138 3560 275 3640 γενομένου
288 3571 432 3644 στρατηγοῦ
443 3565 591 3644 Νουμηδίιις
604 3570 649 3637 τῆς
659 3568 782 3648 Ἀρρικῆς
792 3566 915 3645 λέγοντα,

138 3646 178 3707 δτι
190 3649 241 3730 πρδ
254 3649 381 3712 εἰκοσιδύο
394 3655 459 3711 tabo
468 3657 483 3712 δ
491 3651 596 3719 πάππος
605 3659 650 3712 τοῦ
660 3651 785 3713 δεσπότου
795 3653 916 3715 ἐκέλευσε

138 3739 177 3818 τῷ
192 3737 310 3820 μακαρίῳ
324 3737 419 3820 Πέτρῳ
431 3739 518 3799 λαύεῖν
540 3739 661 3822 στρατὸν,
682 3741 728 3801 καί
746 3744 864 3803 ἀπελθεῖν
881 3745 917 3810 εῖς

138 3821 269 3902 Αἴγυπτον
282 3823 348 3883 κατὰ
360 3827 586 3909 τῶνΣαρακηνῦν,
595 3828 641 3888 καί
649 3825 746 3910 ἔγραψέ
755 3853 797 3889 σοι
806 3833 842 3897 ὡς
852 3829 916 3914 πρδς

138 3910 226 3968 δοῦλον
239 3915 285 3968 τοῦ
298 3911 370 3970 Θεοῦ
389 3915 487 3984 λαλῶν,
508 3914 685 3998 πληροφορίαν
703 3913 771 3996 ἔχων
783 3919 819 3983 είς
835 3914 865 3977 cd
878 3922 914 3986 ὥς

138 3986 210 4064 ἅγιον
222 3987 366 4069 ἄνθρωπον,
382 3993 405 4050 εἶ
419 3992 604 4071 σιιμύουλεύεες
625 3999 696 4077 αὐτῷ
717 3997 845 4060 ἀπελθεῖν.
860 3998 916 4059 Καί

138 4071 298 4156 ἀντέγραίνας
324 4081 405 4160 αύτῷ,
428 4077 529 4160 λέγων,
557 4080 638 4162 μηδὲν
660 4090 764 4145 τοιοῦτο
792 4089 912 4163 ποιῆσαι,

138 4162 224 4235 ἐπειδὴ
233 4168 280 4224 οῦκ
289 4167 410 4230 sabeis
420 4170 489 4238 Θεὸς
502 4172 597 4243 ἔπλτῆς
606 4172 737 4253 βασιλείας
746 4174 913 4256 Ἡρακλείου,

136 4253 181 4311 καὶ
202 4259 250 4312 τοῦ
271 4252 359 4332 γένους
379 4261 470 4333 αὐτοῦ,
498 4266 696 4342 συμπραχθῆναι
716 4259 765 4332 τλν
783 4262 914 4322 πολιτείαν

136 4343 188 4399 τῶν
196 4341 344 4420 Ῥωμαίων.
355 4342 432 4424 Λέγει
443 4351 458 4406 ὁ
470 4347 562 4415 δοῦλος
571 4355 619 4408 τοῦ
627 4349 707 4408 Θεοῦ·
718 4345 780 4407 ’Fauo
788 4348 912 4432 ἀληθεύῃ,

136 4427 239 4495 πάντως
254 4428 324 4509 ἔχεις
341 4431 387 4491 καί
398 4431 446 4505 τὴν
463 4433 525 4515 πρδς
539 4432 585 4513 ἐμὲ
601 4432 715 4513 Πέτρου,
730 4436 774 4494 καί
787 4434 835 4508 τὴν
848 4435 914 4515 ἐμὴν

136 4515 200 4596 πρδς
224 4517 300 4576 αὐτὸν
327 4521 476 4594 ἐπιστολήνς
498 4525 689 4602 παρενεχθῶσι,
711 4522 913 4603 καῖ’ῦπύκιιμαι

135 4608 192 4671 ταῖς
212 4603 345 4672 δοκούσαις
358 4610 396 4688 τῷ
407 4607 480 4690 νόμῳ
492 4613 600 4675 ποιναῖς.
617 4610 670 4669 Καί
682 4608 768 4690 λέγει·
779 4610 851 4691 Ἐγὼ
865 4615 912 4674 οῦκ

137 4689 192 4771 ἔχει
212 4692 362 4766 ἐπιστολὴν,
383 4696 441 4755 ἀλλ’
456 4695 515 4756 crire
534 4686 599 4768 οἶδα,
617 4701 639 4756 εἰ
659 4695 728 4765 ὅλως
744 4697 840 4782 ἔγραψέ
857 4725 909 4764 σοι.

143 4782 218 4840 Ἀλλ’
233 4784 260 4840 ἐν
267 4785 305 4863 τῷ
316 4783 422 4866 ροσιίτῳ
434 4791 518 4844 ταῦτα
529 4787 587 4846 κατ’
598 4788 692 4847 ἐκεῖνον
704 4788 812 4849 ἐλάλουν
819 4788 913 4858 πάντες

133 4869 178 4930 τδν
191 4868 293 4953 καιρόν.
317 4868 395 4950 Λέγει
407 4873 470 4956 πρδς
482 4874 558 4934 αῦτδν
571 4881 644 4937 θεοῦ
660 4878 731 4937 Θεοῦ
744 4879 833 4946 δοῦλος
847 4901 855 4918 ·
878 4881 912 4939 Εἰ

132 4956 164 5016 τδ
176 4967 289 5040 ροσατον
301 4955 364 5018 δλον
381 4966 459 5021 τοῦτο
478 4962 600 5039 διιλᾶλιι,
622 4968 678 5032 πῶς
692 4963 724 5025 cb
738 4964 815 5044 μόνος
835 4972 912 5029 τοῦτο

133 5051 300 5128 συκορανεεῖς
316 5070 370 5125 με;
385 5047 515 5131 θεύιρησιίς
539 5077 573 5130 με
593 5051 668 5120 πότε,
691 5051 709 5124 ἢ
731 5052 784 5132 ἐγώ
802 5079 841 5115 σε.
859 5057 912 5116 Καί

132 5131 213 5212 λέγει,
236 5132 368 5194 οὐδέποτε.
385 5136 454 5198 Τότε
467 5141 585 5220 στραρεὶς
605 5141 669 5223 πρδς
680 5139 728 5213 την
741 5141 886 5221 σύγκλητον
898 5151 912 5206 δ

131 5227 179 5279 τοῦ
189 5221 261 5280 Θεοῦ
270 5221 457 5295 δοῦλος,εῖπεν·
469 5227 502 5285 Et
515 5225 612 5285 δίκαιόν
622 5231 676 5287 ἐστι
687 5228 818 5296 τοιούτους
829 5253 911 5312 παρα-

131 5305 280 5383 κομίζεσθαι
291 5309 464 5392 κατηγόρους.
478 5311 644 5393 ἢμσίρτορας,
652 5313 770 5396 κρίνατε·
787 5305 847 5401 ιιᾯ
861 5317 911 5402 γὰρ

131 5393 236 5476 κρίματι
253 5395 361 5476 κρίνετε,
377 5398 656 5483 protosecretae
678 5400 765 5487 μέτρῳ
780 5404 907 5487 μέτρεῖτε,

132 5481 332 5563 μτρηθησισθέ,
347 5508 424 5566 φησιν
435 5491 450 5546 δ
461 5489 513 5546 τῶν
526 5485 593 5547 ὅλοιν
606 5486 705 5557 Θεός.»

1191 1192 1381 1256 asbanio
1407 1191 1617 1255 MOTIONlS

989 1290 1089 1374 facte
1098 1292 1192 1355 inter
1201 1292 1359 1354 domnum
1368 1290 1776 1370 Monimommoaccium,
1790 1298 1819 1358 ct

989 1372 1209 1452 sociomcjns.
1227 1387 1339 1435 corum
1343 1370 1567 1453 principibus
1576 1371 1817 1436 iasccrctarc'o.

1025 1487 1077 1544 Dic
1098 1501 1162 1560 que
1174 1488 1298 1544 domnus
1321 1487 1464 1554 Maximus
1477 1490 1505 1542 et
1520 1486 1547 1543 is
1567 1487 1618 1558 qui
1634 1501 1703 1544 cum
1719 1494 1819 1546 ecerat

991 1590 1077 1649 penes
1088 1578 1161 1634 banc
1174 1577 1280 1650 regiam
1299 1576 1398 1633 urbem
1410 1577 1624 1649 applicuerunt,
1640 1576 1723 1633 circa
1739 1593 1820 1636 occa-

991 1665 1146 1735 causalis,
1161 1665 1372 1723 venientesduo
1383 1666 1563 1723 mandatores
1576 1678 1713 1724 unacum
1724 1667 1817 1724 decern

991 1754 1208 1811 excubitoribus
1221 1755 1430 1811 tulerunteose
1443 1755 1507 1810 nari
1519 1754 1614 1813 nudos
1625 1759 1654 1812 et
1666 1755 1819 1813 discalcea·

991 1848 1083 1915 tos,et
1093 1848 1239 1914 separatos
1249 1843 1339 1900 eosab
1349 1843 1818 1902 invicemcustodieruntindirer

991 1932 1034 1988 sis
1045 1931 1239 1989 excubitibus.
1250 1934 1285 1988 Et
1295 1940 1359 2003 post
1369 1933 1433 1990 dies
1445 1933 1558 2005 aliquot
1565 1932 1717 1990 adducunt
1730 1947 1779 1991 eos
1791 1935 1816 1991 iu

992 2021 1140 2092 palatium,
1156 2026 1184 2076 et
1198 2013 1386 2079 introducunt
1399 2035 1494 2079 senem
1514 2022 1544 2078 iu
1558 2022 1665 2093 locam,
1683 2023 1714 2079 in
1739 2037 1816 2096 quem

991 2114 1108 2166 senatus
1129 2110 1267 2166 collectus
1281 2116 1334 2182 est,
1354 2116 1382 2166 et
1396 2110 1453 2167 alia
1470 2109 1560 2166 multa
1574 2109 1681 2181 turba3
1697 2116 1725 2168 et
1737 2111 1818 2168 exbi-

992 2199 1060 2255 bent
1072 2213 1136 2256 eum
1153 2199 1183 2256 in
1196 2200 1320 2256 medium
1336 2200 1497 2256 sedentium
1508 2200 1685 2271 principum.
1700 2202 1813 2260 Etdicit

990 2290 1018 2347 ei
1031 2288 1198 2346 sacellarius
1212 2304 1276 2347 cum
1300 2291 1343 2345 ira
1359 2289 1447 2345 multa
1466 2293 1494 2344 et
1509 2288 1615 2346 lurore.
1631 2289 1815 2348 Christianus

991 2379 1046 2435 es‘l
1059 2381 1094 2434 Et
1107 2378 1198 2435 dicit:
1215 2378 1314 2435 Gratia
1328 2378 1436 2434 Christi
1452 2378 1502 2434 liei
1519 2378 1725 2436 universorum
1736 2377 1817 2436 cbri-

991 2469 1105 2525 stianus
1117 2483 1190 2524 sum.
1207 2467 1325 2524 Ecdicit
1340 2467 1408 2523 ille:
1430 2469 1492 2524 Non
1505 2474 1549 2524 cst
1561 2481 1673 2525 verum.
1691 2471 1815 2540 Respon-

990 2557 1035 2613 dit
1049 2556 1099 2613 bei
1111 2569 1227 2612 servus:
1241 2557 1282 2611 Tu
1297 2555 1383 2627 dicis,
1396 2557 1445 2612 sed
1457 2558 1533 2612 Deus
1543 2556 1601 2612 scit
1610 2570 1676 2613 esse
1686 2571 1732 2613 me
1744 2557 1815 2614 cbri-

991 2649 1115 2700 stanum.
1144 2645 1179 2699 Et
1200 2645 1354 2714 quomodo,
1381 2643 1487 2715 inquit,
1515 2644 1541 2700 si
1564 2644 1757 2702 Christianus
1780 2659 1813 2715 es,

991 2734 1058 2791 odio
1080 2733 1166 2790 babes
1192 2733 1419 2804 imperatoremt
1440 2734 1623 2804 llespondcns
1647 2735 1701 2791 Dei
1723 2749 1813 2792 serras

991 2823 1049 2878 ait:
1065 2823 1100 2878 Et
1114 2822 1190 2879 unde
1210 2822 1262 2879 boc
1283 2823 1397 2880 clareti
1411 2823 1510 2880 odium
1533 2823 1641 2894 quippe
1655 2825 1812 2881 montisel

991 2912 1121 2969 occultus
1151 2912 1280 2983 allectus,
1306 2914 1544 2986 quemodmodum
1576 2918 1605 2970 ct
1631 2914 1814 2971 dilectiollt

955 3003 1063 3080 edicit
1075 3000 1101 3057 ei
1112 3019 1119 3057 :
1132 3002 1173 3057 Ex
1195 3001 1242 3058 bis
1255 3017 1318 3074 quae
1333 3001 1427 3058 iecisti
1444 3003 1557 3060 cunctis
1571 3001 1680 3059 lactum
1697 3008 1743 3060 est
1760 3016 1813 3060 ma-

991 3089 1127 3148 nifastum
1145 3092 1219 3162 quod
1242 3091 1309 3147 odio
1331 3091 1434 3149 habeas
1459 3093 1661 3163 imperatorem
1689 3097 1719 3149 et
1744 3106 1812 3150 rern-

992 3178 1135 3250 publlcam
1148 3180 1221 3249 ejus.
1232 3181 1274 3238 Tu
1284 3180 1360 3236 enim
1376 3180 1456 3238 solus
1466 3181 1628 3253 AEgyptum‚
1650 3186 1681 3238 et
1692 3181 1811 3239 Alexan·

990 3268 1095 3332 driam,
1107 3268 1334 3340 etPentapolim
1360 3273 1389 3325 et
1403 3267 1530 3326 Africam
1544 3270 1699 3328 Saracenis
1727 3271 1810 3328 tradi-

990 3357 1071 3414 disti.
1086 3359 1121 3413 Et
1136 3363 1265 3432 quaeest,
1282 3359 1355 3425 iniit,
1371 3359 1473 3415 borum
1489 3358 1686 3430 approbatio?
1700 3361 1736 3416 Et
1747 3359 1821 3416 lalsn'

992 3445 1285 3504 inducuntloannem.
1295 3448 1344 3521 qui
1356 3446 1718 3505 lueratsacellariusPetri
1734 3460 1809 3519 quon

990 3536 1055 3592 darn
1069 3536 1200 3606 praetoris
1210 3537 1353 3594 Numidiae
1367 3537 1522 3609 provinciae
1531 3534 1647 3608 Africae,
1658 3537 1806 3595 dicentem:

990 3623 1064 3695 Quir
1072 3629 1138 3680 ante
1148 3624 1254 3698 viginti
1265 3626 1339 3684 duos
1348 3640 1439 3684 annos
1449 3640 1519 3683 arus
1528 3626 1725 3684 dominatoris
1731 3625 1808 3698 jussit

991 3716 1079 3778 beata
1095 3717 1238 3777 memorie
1253 3719 1335 3774 Petro
1349 3717 1506 3773 exercitum
1520 3730 1644 3788 sumere,
1661 3722 1690 3774 et
1706 3727 1807 3790 pergere

991 3813 1022 3869 in
1036 3811 1187 3885 AEpyptum
1201 3812 1301 3866 contra
1315 3807 1485 3864 Saracenos:
1506 3810 1534 3862 et
1548 3806 1671 3876 scripsit
1686 3807 1741 3863 tibi
1761 3812 1808 3863 tau·

990 3913 1076 3973 quarn
1093 3900 1128 3956 ad
1144 3911 1258 3955 seruum
1272 3897 1322 3953 Dei
1338 3894 1468 3967 loquens,
1489 3894 1698 3951 certitudinem
1712 3894 1807 3952 babens

990 3991 1073 4061 inte,
1090 3993 1189 4060 utpote
1205 3989 1235 4043 in
1252 3986 1367 4043 bomine
1383 3990 1491 4056 sancto
1510 3984 1536 4040 si
1550 3984 1642 4041 desei
1658 3985 1805 4042 consiliunt

988 4079 1078 4136 abire.
1101 4077 1140 4134 Et
1154 4076 1331 4147 rescripsisti
1355 4074 1394 4148 ei,
1415 4074 1534 4131 dicens:
1558 4073 1606 4130 llil
1636 4072 1694 4131 tale
1716 4073 1805 4136 sacca.

990 4169 1126 4241 quoniam
1144 4181 1201 4224 non
1218 4166 1288 4222 bene
1303 4164 1440 4236 placitum
1458 4167 1502 4219 est
1515 4175 1610 4219 coram
1626 4163 1697 4234 Deo,
1719 4168 1754 4220 ut
1770 4162 1807 4218 ira

990 4257 1068 4327 perio
1084 4255 1207 4314 lieraclii
1221 4260 1250 4312 et
1266 4253 1379 4328 generis
1393 4253 1456 4322 ejus
1471 4255 1644 4322 cooperetur
1655 4250 1807 4323 respublica

939 4380 968 4443 D
989 4349 1191 4404 Romanorum.
1213 4344 1291 4400 Dicit
1305 4356 1404 4399 seruus
1423 4341 1492 4398 lici:
1512 4340 1542 4397 Si
1562 4342 1713 4397 veritatem
1728 4337 1809 4412 loqui·

990 4442 1047 4507 tur,
1063 4436 1164 4507 utique
1179 4434 1263 4490 babet
1277 4436 1306 4489 et
1316 4430 1391 4487 Petri
1407 4430 1440 4486 ad
1455 4443 1509 4499 me,
1522 4433 1550 4486 et
1565 4442 1656 4485 meam
1672 4431 1709 4487 ad
1724 4429 1807 4500 ipsum

988 4524 1149 4597 epistolam,
1166 4537 1229 4594 quae
1241 4520 1416 4590 delerentur,
1428 4524 1457 4576 et
1475 4518 1609 4588 subjaceo
1631 4518 1729 4589 poenis
1747 4531 1764 4575 a
1780 4515 1809 4572 lc·

988 4612 1246 4687 gibusconstitutis
1256 4611 1270 4665 ‘l
1281 4612 1313 4666 Et
1323 4609 1410 4666 dicit:
1422 4605 1809 4680 Egononbabeoepistolan,

988 4703 1036 4760 sed
1053 4715 1103 4758 nec
1118 4699 1183 4758 nori
1198 4699 1224 4755 si
1244 4699 1361 4756 omnino
1380 4695 1530 4767 scripserit
1545 4694 1611 4751 tibi.
1636 4696 1744 4752 verum
1759 4694 1809 4750 bac

989 4794 1019 4850 in
1037 4790 1142 4849 castris
1159 4803 1209 4860 per
1226 4788 1300 4845 illud
1320 4793 1433 4859 tempus
1449 4799 1547 4843 omnes
1563 4784 1767 4856 loquebantur.
1781 4782 1830 4838 at·

988 4882 1061 4939 dicit
1075 4881 1109 4938 ad
1125 4893 1190 4937 curn
1206 4879 1257 4934 Dei
1276 4891 1376 4934 servus
1388 4895 1395 4932 :
1408 4876 1438 4932 Si
1454 4873 1599 4932 exercitus
1611 4878 1693 4931 totus
1708 4873 1763 4932 boc
1777 4870 1811 4928 la·

988 4971 1112 5040 tebatur,
1131 4969 1272 5042 quomodo
1292 4971 1324 5023 tu
1343 4965 1423 5023 solus
1438 4975 1524 5035 super
1540 4963 1594 5021 boc
1609 4977 1655 5020 me
1672 4959 1813 5021 aecumst

986 5060 1093 5117 Vidisti
1107 5073 1150 5115 me
1160 5056 1327 5129 aliquando,
1339 5055 1382 5112 vel
1393 5069 1445 5128 ego
1457 5053 1554 5110 terat
1564 5052 1633 5110 ille:
1648 5054 1811 5127 Nunquam.

985 5153 1064 5208 lunc
1073 5149 1124 5205 Dei
1138 5162 1238 5205 servus
1250 5147 1285 5204 ad
1299 5149 1429 5202 senatum
1446 5157 1602 5202 cnumrsus
1612 5141 1694 5200 dixit
1708 5162 1716 5199 ι
1731 5142 1761 5200 Si
1773 5142 1816 5213 ju·

986 5247 1063 5299 stum
1081 5243 1125 5294 est
1141 5237 1213 5295 tales
1234 5235 1374 5293 adducere
1395 5233 1630 5301 calumniatores,
1652 5231 1698 5288 rel
1719 5235 1815 5294 este.

983 5329 1129 5401 judicate:
1154 5330 1188 5383 ln
1202 5343 1258 5397 quo
1278 5326 1350 5380 enim
1367 5323 1475 5393 jndicio
1490 5322 1689 5392 juduouerttts
1705 5321 1818 5392 judicu·

986 5419 1083 5473 dimini
1095 5437 1105 5484 3
1118 5421 1143 5472 et
1154 5419 1185 5471 in
1199 5431 1255 5486 qua
1268 5429 1397 5470 mensuro
1409 5413 1567 5483 notamini,
1578 5412 1710 5467 metietur
1723 5410 1757 5467 de
1770 5425 1817 5465 νο·

987 5503 1222 5576 belmonticus),
1240 5503 1283 5560 ait
1297 5502 1424 5559 omniurn
1441 5497 1591 5557 Dominus.
