3876 6090
495 232 746 300 conluctantia.
767 272 804 286 ·-
820 245 951 305 DlSPUT.
970 249 1075 308 INTER
1094 252 1123 307 S.
1142 251 1269 307 MAXIM.
1288 254 1331 308 ET
1349 254 1473 312 vitudu.
1764 256 1818 319 θθθ

178 667 290 729 ΘΕΟΔ.
306 669 483 749 flamminio
494 667 613 748 βασιλεῦς
626 671 670 731 καλ
682 675 697 731 θ
710 669 873 753 πατριάρχης
885 673 915 730 δι’

135 758 226 832 ἡμῶν,
243 759 332 833 μαθεῖν
342 754 413 836 πσρό
426 780 484 831 σου,
500 754 541 815 διὰ
556 757 630 818 ποίαν
649 759 730 818 αἰτίαν
750 763 779 819 οὐ
793 763 919 824 κοινωνεῖς

133 846 175 925 τῷ
187 840 271 926 θρόνῳ
295 842 588 913 Κωνσταντινουπόλεως
610 848 724 919 ςΜΑΞ.
744 846 841 927 Ἔχετε
859 841 918 926 περὶ

132 934 230 992 τούτω
256 930 396 1012 ἐπιτροπὴν
420 931 544 1016 ἔγγραφον
570 934 639 1017 παρὰ
662 941 707 996 τοῦ
734 932 917 995 secedentes

133 1015 275 1096 βασιλίοις,
289 1019 307 1091 ῆ
319 1018 389 1099 παρὰ
401 1026 449 1081 τοῦ
463 1021 643 1103 πατριάρχους
659 1022 767 1083 ΘΕΟΔ.
780 1025 839 1081 Οὐκ
847 1018 916 1100 ὤρε-

132 1107 190 1180 λες,
205 1104 333 1180 δι’σπστα,
347 1109 488 1180 ἀπιστῆσαι
500 1113 580 1187 ἡμῖν·
596 1107 643 1192 κᾷν
655 1107 706 1191 γθρ
719 1107 836 1175 ταπεινός
851 1112 914 1185 εἰμι,

132 1193 276 1262 ἰπίσκοπσς
291 1198 388 1267 ἀκούω,
404 1197 447 1256 καὶ
457 1200 481 1256 οἱ
490 1196 612 1257 δεσπόται
624 1221 674 1275 μου
684 1197 830 1276 συγκλήτου
840 1194 915 1275 μόρος

132 1281 301 1362 τυγχάνωσι,
313 1284 412 1344 καὶούκ
421 1284 532 1357 litem
542 1285 661 1365 πειράσαι
669 1309 715 1345 σε·
729 1284 765 1362 μὴ
774 1282 828 1366 δῴη
836 1281 912 1349 Θεός.

131 1369 225 1429 ME.
260 1371 414 1454 Οἰῳδῆπατε
439 1373 528 1455 τρόπῳ
554 1374 650 1446 ἤλθατε
670 1372 734 1453 πρδς
760 1373 805 1432 τὸν
826 1374 915 1431 δοῦλον

131 1459 215 1536 θρῖον,
230 1456 284 1539 ἰγὼ
296 1461 376 1541 χωρίς
388 1460 472 1532 πόσης
484 1463 628 1533 ὑποστολῆς
637 1460 706 1540 λέγω
716 1460 763 1533 τὴν
771 1461 866 1530 αἰτίαν,
882 1460 913 1517 δι’

131 1535 367 1630 mammaea
376 1547 456 1631 θρόνῳ
464 1550 770 1617 Κωνσταντινουπολεοις.
781 1546 855 1619 Πλὴν
867 1545 913 1630 κθρν

131 1631 217 1694 mure
229 1624 263 1707 ῆν
275 1634 410 1719 τδέρωτᾷν
421 1661 454 1714 με
467 1636 508 1698 διδ
516 1638 591 1697 ποίαν
600 1637 695 1710 αἰτίαν,
707 1641 779 1716 ὑμῶν
790 1641 837 1698 οὐκ
846 1635 909 1697 ἔστι.

945 376 977 438 Α
990 376 1160 448 patriarchae
1184 389 1217 431 ac
1234 376 1276 447 pii
1300 377 1412 434 domini
1435 378 1515 435 orbis
1538 379 1713 440 audirimus.
1735 385 1814 442 llam

987 465 1096 537 iubete,
1110 464 1221 523 domini
1233 465 1299 539 mei,
1310 466 1406 523 dicere
1427 482 1491 538 qua
1510 468 1598 527 vultis
1623 473 1652 526 et
1677 487 1740 544 quae
1760 487 1818 531 au·

987 554 1085 612 distis.

1023 647 1125 703 Tueon.
1147 646 1238 721 Rogat
1267 648 1422 716 imperator
1447 655 1475 706 et
1499 651 1662 722 patriarcha
1685 668 1736 726 per
1753 668 1815 729 nos,

988 750 1158 809 cognoscere
1179 750 1195 793 a
1220 742 1256 809 te,
1283 751 1338 809 qua
1363 753 1414 809 pro
1438 753 1524 798 causa
1547 755 1603 799 non
1624 744 1817 803 communices

989 825 1092 883 throno
1115 826 1456 898 Constantinopolitano?
1480 831 1555 886 llam
1590 830 1705 889 Habetis
1730 848 1818 907 super

988 913 1265 987 lrocpraeceptionem
1279 916 1309 972 in
1324 918 1470 988 scriptisa
1485 918 1619 989 piissimo
1634 920 1814 995 imperatore,

986 1002 1029 1058 vel
1044 1003 1231 1073 patriarcha?
1245 1004 1347 1060 Tunoo.
1356 1008 1418 1062 Non
1428 1005 1577 1079 debueras,
1591 1009 1717 1081 domine,
1732 1011 1816 1067 nobis

988 1090 1155 1149 incredulus
1166 1107 1237 1149 esse.
1251 1094 1329 1151 Licet
1340 1095 1416 1151 enim
1426 1097 1550 1169 exiguus
1561 1098 1627 1169 sim,
1640 1098 1688 1155 sed
1699 1099 1816 1171 episco-

987 1182 1165 1254 pusaudior,
1179 1189 1206 1240 et
1217 1183 1267 1239 isti
1277 1183 1389 1240 domini
1405 1185 1459 1242 mei
1472 1199 1537 1257 pars
1547 1190 1663 1245 senatus
1673 1189 1811 1246 existunt.

985 1272 1042 1328 Nec
1054 1273 1185 1330 venimus
1199 1274 1233 1330 ad
1251 1275 1417 1331 mnmndum
1431 1279 1467 1345 te,
1483 1275 1569 1333 absit
1584 1275 1659 1334 Max.
1683 1279 1814 1351 Quoquo·

987 1361 1070 1417 modo
1091 1361 1243 1418 venissetis
1267 1362 1302 1418 ad
1326 1377 1440 1420 serrum
1472 1371 1608 1437 vestrum,
1635 1381 1687 1440 ego
1705 1367 1813 1440 absque

985 1450 1063 1506 omni
1079 1451 1236 1507 reverentia
1249 1451 1315 1508 dico
1325 1465 1440 1509 causam
1455 1454 1491 1510 ob
1503 1469 1589 1525 quam
1604 1469 1661 1513 uon
1679 1469 1814 1513 eommu-

985 1539 1052 1595 nico
1074 1540 1178 1596 throno
1192 1539 1517 1613 Constantinopolitano.
1538 1543 1739 1602 Verumtamen
1754 1546 1811 1603 etsi

983 1626 1108 1684 aliorum
1117 1633 1193 1685 esset
1202 1627 1245 1684 las
1252 1631 1437 1699 percontandi
1447 1645 1504 1704 qua
1514 1648 1566 1704 pro
1574 1646 1671 1704 causa,
1685 1640 1811 1692 vestrum

131 1724 183 1783 τῶν
193 1722 374 1802 emtores
387 1727 611 1809 ωμηςςπμησ
625 1725 856 1806 apocrisarius.
943 1702 971 1765 Β
984 1730 1040 1774 non
1053 1725 1129 1775 essct
1138 1720 1188 1789 qui
1205 1733 1248 1776 me
1258 1734 1373 1778 causam
1388 1723 1497 1780 certius
1505 1724 1605 1781 nostis.

169 1811 193 1870 Γ
194 1835 317 1873 ινυνσκετν
327 1811 373 1881 aa<
386 1813 523 1893 γενομένας
536 1814 699 1892 καινοτομίας
712 1814 764 1874 ἀπὸ
779 1818 826 1885 τῆς
839 1812 913 1884 ἵκτης

130 1898 305 1978 διανεμήσεως
332 1901 539 1970 medullino:
562 1904 670 1971 κύκλου,
697 1900 837 1983 ἀρξαμένας
861 1902 913 1961 ἀπὸ

130 1980 327 2068 Ἀλεξανδρείας
336 1986 377 2048 od
387 1993 439 2049 τῶν
453 1988 605 2050 ἐκτεθέντων
613 1987 682 2049 ἐννέα
691 1990 833 2071 κεφαλαίων
843 1986 913 2069 παρὰ

128 2073 231 2155 Κόρου,
244 2081 292 2136 τοῦ
305 2079 352 2137 ote
372 2069 429 2137 οἰδα
440 2082 496 2146 πῶς
517 2077 651 2158 γεγονότος
674 2081 755 2139 ἐκεῖσε
777 2076 909 2162 προέδρου,

129 2165 180 2222 τῶν
189 2163 494 2242 βοΰαωνθέντωνθπδποῦ
504 2165 592 2250 θρόνου
602 2165 909 2234 Κωνσταντινουπόλιως·

128 2249 174 2310 καί
183 2247 233 2319 τθς
248 2252 331 2320 ἄλλας
344 2252 506 2326 ἀλλοιώσεις,
520 2255 667 2337 προσθήκας
680 2256 766 2314 τεκαὶ
780 2252 908 2334 μονώσεις.

128 2335 172 2406 κθς
181 2337 323 2418 γενομένης
337 2343 474 2409 συνοδοιῶς
491 2342 542 2402 ὑπὸ
559 2346 611 2402 τῶν
625 2343 847 2424 προεδρευαάντων
864 2347 910 2415 τῆς

127 2426 178 2484 τῖεν
189 2426 339 2496 Βυζαντίων
352 2429 521 2503 Ἐνοιλησίσς,
531 2428 725 2513 Σεργίουλίγον.
735 2432 780 2492 καί
791 2433 909 2514 Πύρρου,

128 2511 307 2594 κσίΠαθλου,
333 2515 364 2585 ός
387 2540 456 2586 τινας
477 2518 642 2596 καινοτομίας
664 2527 735 2579 πᾶσα
758 2515 908 2597 γινώσκειῆ

128 2599 278 2678 αἰτιωμένη.
293 2601 344 2664 Διθ
356 2609 452 2679 ταύτην
464 2604 512 2677 τὴν
525 2605 607 2666 αἰτίαν
621 2609 651 2666 οδ
664 2610 778 2666 κοινωνῶ
790 2610 804 2666 ό
818 2607 908 2674 δοῦλος

128 2690 198 2766 brba
220 2694 255 2771 τῆ
276 2691 422 2776 Ἐκκλησία
434 2693 742 2761 Κωνσταντινουπολίως.
758 2696 868 2776 ’λρθῶσι
877 2692 909 2753 τὰ

128 2775 321 2858 κρυπτόμματα
335 2778 368 2840 τθ
381 2780 483 2842 τεθέντα
499 2782 549 2841 ὕπὸ
568 2786 619 2842 τῶν
637 2781 779 2864 εἰρημένων
797 2784 904 2865 ἀνδρῶν,

129 2865 182 2941 μετ’
198 2869 286 2927 αὐτῶν
299 2869 401 2930 tntae
414 2873 467 2930 τῶν
480 2869 592 2949 θεμίνων
613 2870 689 2941 atsi,
705 2867 788 2938 καθὼς
811 2861 880 2930 εἶπεν
893 2874 908 2930 θ

129 2948 192 3021 θνλς
206 2977 216 2994 ·
234 2957 312 3017 illd
324 2955 384 3026 τοῦς
396 2958 481 3024 λίθους
494 2961 578 3032 ἐκτῆς
591 2960 651 3019 ὁδοῦ
664 2960 825 3040 διαρρίψατε,
838 2983 849 3009 ¹·
862 2960 908 3020 καὶ

1017 1807 1105 1864 Scitis
1118 1808 1331 1880 novitatesque
1350 1808 1431 1868 iactae
1448 1815 1517 1868 sunt
1528 1826 1545 1869 a
1557 1817 1636 1870 sexta
1651 1813 1812 1872 indictione

982 1898 1121 1954 transacti
1133 1898 1249 1969 circuli,
1263 1899 1403 1970 incoeptas
1416 1900 1453 1956 ab
1462 1902 1634 1959 Alexandria
1647 1918 1698 1974 per
1712 1917 1809 1960 novem

981 1984 1137 2055 capitulae
1151 1986 1223 2057 Cyro
1236 1987 1298 2057 qui,
1315 1988 1477 2060 nescioquo
1487 1993 1580 2061 pacto,
1594 1990 1656 2047 illis
1666 1990 1811 2050 lactusest

982 2073 1177 2145 praesulque
1203 2074 1337 2132 videlicet
1352 2074 1463 2133 drmata
1487 2082 1584 2134 sunta
1605 2078 1710 2135 tlrrono
1731 2080 1810 2137 Gon-

981 2163 1258 2235 stantinopolilan03
1290 2177 1399 2221 necnon
1423 2170 1452 2221 et
1481 2166 1555 2223 alias
1580 2167 1806 2241 immutationes,

981 2251 1200 2323 additionesque
1214 2266 1247 2308 ac
1265 2252 1486 2326 diminutiones,
1507 2269 1571 2325 quae
1591 2253 1672 2312 iactae
1694 2260 1763 2313 sunt
1777 2257 1808 2313 in

980 2340 1253 2413 concilioaScrgio,
1280 2342 1399 2414 Pyrrho,
1420 2355 1454 2400 ac
1478 2343 1574 2410 Paulo,
1598 2344 1648 2416 qui
1672 2344 1808 2402 Ecclesia

979 2428 1108 2499 Byzautri
1126 2427 1321 2498 prefuerunt:
1335 2443 1407 2502 quas
1420 2430 1555 2488 videlicet
1567 2444 1654 2489 novas
1664 2432 1809 2490 adinven-

980 2517 1073 2574 tiones
1092 2530 1153 2574 esse
1173 2517 1269 2575 omnis
1292 2523 1388 2576 noster
1412 2517 1493 2576 orbis
1515 2521 1655 2593 agnoscit.
1676 2522 1732 2579 llac
1756 2537 1807 2593 pro

979 2621 1066 2664 causa
1082 2622 1136 2664 non
1156 2608 1337 2666 communico
1359 2622 1411 2681 ego
1437 2623 1536 2666 servus
1558 2614 1651 2667 vester
1672 2611 1806 2669 Ecclesia

978 2694 1312 2766 constantinopolitana.
1355 2695 1505 2754 Tollantur
1540 2696 1712 2755 olicndicula
1741 2713 1806 2770 quae

979 2784 1073 2855 posita
1083 2790 1180 2841 sunta
1195 2784 1342 2855 praedietis
1353 2785 1437 2855 viris,
1448 2799 1513 2843 cum
1534 2786 1642 2844 eisdem
1662 2786 1735 2859 ipsis
1753 2787 1805 2859 qui

978 2880 1137 2947 posuerunt
1149 2876 1218 2946 lnaec,
1232 2876 1469 2946 quemadmodum
1481 2875 1558 2932 dixit
1569 2878 1646 2933 Deus
1659 2895 1666 2932 ι
1680 2878 1716 2932 Et
1731 2877 1809 2948 lupi-

978 2965 1111 3020 desecta
1121 2965 1249 3035 projicite
1260 2968 1324 3036 (ter.
1347 2979 1373 3027 n,
1389 2964 1443 3038 26),
1470 2970 1499 3021 et
1521 2965 1635 3036 planam
1658 2970 1687 3024 et
1709 2966 1806 3026 detri-

128 3037 170 3113 τλν
181 3040 255 3102 λείαν
268 3043 312 3104 καὶ
324 3044 556 3127 mappale-esaei
567 3045 652 3119 πάσης
666 3045 824 3113 ἀκανθώδους
838 3049 906 3128 cipe·
938 3027 963 3092 G
978 3057 1045 3124 tam,
1057 3059 1143 3124 atque
1155 3053 1191 3110 ob
1206 3054 1284 3110 omni
1297 3054 1421 3124 spinosae
1435 3055 1573 3111 hereseos
1587 3056 1727 3125 pravitate
1737 3055 1806 3113 libe·

129 3133 195 3203 ναῆς
207 3130 302 3196 κακίας
321 3131 451 3213 decepero
472 3133 529 3193 θδδν
542 3141 589 3195 τοῦ
605 3132 778 3213 Εὗαγγελίου,
793 3133 906 3217 καθάπερ

130 3207 208 3291 udde
221 3216 357 3299 εθρίακων,
373 3218 455 3280 Esto»
468 3221 553 3293 πόσης
567 3221 629 3301 δίχα
641 3225 788 3303 προτροπῆς
806 3222 905 3303 ἄνθρω-

130 3303 204 3387 τίννς.
220 3304 294 3373 Ἕως
306 3305 334 3368 δί
345 3305 376 3367 tv
392 3312 550 3374 celesticius
572 3307 770 3392 προσκόμμασι,
795 3309 905 3374 καὶτοῖς

131 3391 261 3455 πθεεκθσιν
272 3393 336 3455 αθτθ
350 3399 522 3474 αεμνίνωνται
535 3400 559 3457 οἰ
571 3395 689 3479 πρόεδροι
698 3399 905 3456 Κωνσταντινου-

131 3477 233 3567 πόλεις,
249 3484 329 3548 οὐδείς
343 3486 412 3544 ἐστιν
426 3488 440 3544 θ
453 3484 545 3545 πείθων
567 3508 600 3564 με
617 3484 694 3564 λόγος
706 3483 724 3557 ῆ
737 3482 831 3568 τρόπος
845 3508 902 3545 κοι·

130 3573 206 3628 κυνεῖν
218 3573 316 3638 αθτοῖς.

161 3658 272 3718 θΕΟΔ.
289 3659 325 3719 Τί
337 3656 387 3739 γθρ
401 3659 480 3720 κακόν
502 3663 692 3740 ὁμολογῶμεν,
711 3658 754 3719 ἵνα
771 3664 903 3742 χωρισθῇς

129 3747 168 3816 τῆς
175 3744 310 3814 κοινωνίας
319 3749 405 3826 ἡμῶν;
414 3746 575 3809 aaaron
582 3749 643 3823 μίαν
653 3747 778 3830 ἐνέργειαν
784 3747 902 3827 λέγοντες

129 3830 255 3906 θεότητος,
282 3835 327 3895 καί
347 3835 542 3916 ἄνθρωπόν-ητις
564 3841 610 3896 τοῦ
630 3837 699 3896 Θεοῦ
725 3837 768 3896 καί
787 3842 902 3917 σωτῆρος

127 3922 195 3996 ἡμῖν
216 3922 307 3994 Ἰησοῦ
321 3923 448 4003 Χριστοῦ,
465 3922 589 4003 ευγχίετε
602 3922 646 3983 τὸν
659 3948 689 3984 τι
701 3928 747 3996 τῆς
757 3924 899 4004 θεολογίας,

127 4011 221 4085 καὶτῆς
235 4014 382 4092 οἰκονομίας
404 4013 489 4093 λόγον.
510 4016 544 4073 lit
564 4013 613 4096 γθιρ
637 4020 771 4087 πεισθῆναι
793 4017 832 4075 δεῖ
849 4021 902 4082 τοῖς

127 4096 199 4178 &fare
211 4100 344 4182 Πατρόαι,
359 4098 488 4180 λίγαυτιν,
512 4093 548 4160 ὧν
565 4106 582 4173 ἡ
598 4101 711 4182 ἐνέργεια
725 4103 782 4181 μία,
803 4107 902 4164 τούτοιν

81 4203 84 4210 ’
126 4186 164 4247 καί
175 4192 194 4261 ἦ
206 4189 282 4249 olcis
296 4188 359 4266 μία·
374 4189 484 4269 τετρόδα
496 4194 592 4250 ποιεῖτε
602 4189 649 4259 τῆν
662 4189 739 4268 ἁγίαν
749 4191 849 4271 τριάδα,
865 4195 901 4259 ὡς

977 3156 1037 3199 ram
1056 3144 1131 3199 viam
1153 3143 1299 3215 Evangelii
1318 3141 1489 3215 gradiamur
1502 3161 1508 3199 :
1521 3148 1550 3199 et
1573 3150 1633 3200 tum
1656 3144 1805 3202 inveniens

977 3232 1215 3303 quemadmodum
1237 3236 1308 3297 erat,
1334 3232 1435 3289 incedo
1458 3237 1486 3289 et
1510 3233 1571 3303 ipse
1589 3232 1698 3304 absque
1723 3234 1803 3289 omni

977 3320 1093 3377 hortatu
1115 3320 1247 3376 humano.
1269 3322 1363 3376 Donec
1384 3327 1479 3377 summ
1508 3334 1594 3391 super
1618 3319 1803 3377 offendiculis

976 3409 1091 3480 positis,
1101 3414 1130 3465 ct
1143 3409 1189 3465 iris
1200 3408 1249 3479 qui
1261 3411 1420 3479 posueruut
1431 3421 1463 3464 ea
1479 3407 1641 3480 gloriantur
1665 3407 1802 3478 presules

975 3497 1296 3567 constantinopolitani,
1318 3495 1416 3553 nullus
1439 3510 1531 3554 sermo
1554 3497 1598 3553 vel
1632 3496 1737 3553 modus
1758 3501 1802 3553 est

976 3587 1027 3659 qui
1043 3586 1116 3642 mitri
1132 3588 1301 3658 persuadeat
1315 3584 1377 3642 illis
1388 3586 1608 3643 communicare.

1010 3677 1113 3731 Tuuoo.
1126 3675 1263 3746 Nunquld
1287 3674 1393 3731 malurn
1406 3673 1476 3745 quid
1496 3673 1675 3746 confitemur,
1693 3679 1726 3733 ut
1752 3687 1802 3731 se-

976 3771 1116 3838 paranete
1131 3764 1219 3834 liujus
1232 3764 1273 3820 rei
1287 3776 1373 3819 causa
1395 3764 1546 3846 conveniat
1565 3777 1582 3819 a
1600 3765 1802 3822 communione

976 3853 1097 3913 nostrat
1123 3856 1197 3910 llum
1226 3853 1310 3924 Quia,
1337 3865 1423 3909 unam
1450 3850 1645 3923 operationem
1668 3853 1802 3911 docentes

973 3945 1091 4003 deitatis
1103 3946 1132 4000 et
1144 3940 1335 3999 humanitatis
1346 3942 1397 3997 Dei
1407 3947 1436 3998 et
1452 3941 1610 3998 salvatoris
1630 3942 1722 3999 nostrl
1735 3943 1803 3998 iesu

973 4033 1092 4102 Christi,
1116 4029 1296 4088 confunditis
1306 4033 1362 4086 um
1373 4030 1525 4103 theologiae
1539 4042 1624 4102 quam
1639 4031 1804 4102 dispensa-

973 4122 1063 4180 tionis
1077 4134 1246 4178 sermonem.
1262 4120 1292 4176 Si
1303 4120 1379 4177 enim
1401 4120 1516 4178 credere
1533 4125 1645 4191 oportet
1656 4121 1801 4179 Patribus,

973 4212 1178 4284 quiesseruut,
1192 4213 1372 4282 quorumest
1398 4210 1527 4280 operatio
1551 4222 1619 4280 una,
1645 4210 1748 4267 norum
1775 4216 1804 4267 et

127 4278 251 4359 ‘WB‘
264 4281 303 4359 τῷ
317 4275 389 4359 atqup
410 4277 549 4356 acceptae<
573 4285 617 4352 ⁷7¹<
636 4283 714 4340 edred
738 4280 843 4360 σαρκὸς,
858 4283 901 4342 καί
974 4301 1137 4359 substantia
1150 4313 1217 4371 una,
1231 4298 1451 4370 quaternitatem
1470 4297 1568 4356 tacitis
1586 4303 1712 4355 sanctam
1735 4299 1805 4354 Tri-

126 4363 246 4439 ἰών(
258 4370 306 4438 ¹¹72<
319 4372 384 4446 rgo<
397 4369 480 4475 ’'il‘'ljv
494 4368 538 4427 κθ
548 4371 594 4441 t³i<
608 4366 684 4428 αὖθ’
696 4371 821 4441 Ἠώνης
835 4393 900 4449 sog·
934 4364 962 4426 D
976 4393 1093 4449 nitatem
1104 4388 1188 4462 quasi
1205 4388 1356 4462 congenita
1379 4387 1470 4445 Verbo
1488 4386 1563 4444 lacta
1584 4401 1670 4445 carne
1683 4387 1778 4458 ipsius
1795 4406 1803 4444 ι

125 4460 204 4529 γινοῦς
216 4451 288 4513 κατὰ
297 4456 372 4534 piare
385 4476 555 4526 ταοτιπητος.

159 4667 214 4728 [αἰ
224 4666 315 4742 πόλιν,
330 4670 490 4749 ἀναιροῦντες
503 4665 549 4734 τθς
569 4666 704 4748 ἐνεργείας,
720 4666 760 4726 ια’
778 4665 838 4742 μίαν
851 4689 899 4724 κυ-

128 4759 219 4835 punse
234 4753 340 4828 θίληειν
353 4754 468 4828 θιότηεος
484 4763 531 4816 τοῦ
546 4758 626 4816 αὐτοῦ
639 4757 682 4816 καὶ
696 4753 898 4837 ἁνθρωπότητος,

125 4841 260 4924 θφαεριῖσθε
274 4846 355 4902 αὐτοῦ
367 4840 414 4913 τὴν
434 4847 487 4902 τῶν
506 4846 607 4920 ἀγαθῶν
620 4843 752 4919 διανομήν.
778 4841 839 4900 ’Fae
852 4841 900 4922 γθρ

125 4927 244 5013 ίιίργιεαν
258 4934 305 4990 οὐκ
318 4930 381 5012 ἔχῃ,
394 4930 460 4990 κατὰ
473 4928 531 4992 rme:
546 4937 621 4991 τοῦτο
636 4930 813 4997 ίιεεπίιαιντιις.
823 4932 899 5001 δῆλον

127 5013 159 5076 ότι
171 5017 219 5102 κᾷν
236 5019 314 5098 θέλη.
330 5021 434 5091 ἰλεῆσαι
455 5023 484 5079 οὗ
504 5021 607 5078 δίνατιι
641 5019 817 5100 ἀραιρεθείαης
830 5021 899 5100 αὐτῷ

126 5108 165 5178 τῖς
176 5110 230 5167 τῶν
240 5109 343 5186 ἀγαθῶν
357 5109 490 5188 ἐνεργείας.
509 5106 579 5188 εἰπερ
594 5109 717 5188 ἐνεργιίκς
731 5111 825 5187 ἀγαθῆς
839 5132 897 5188 χω-

128 5191 168 5272 ρίς,
182 5193 254 5256 ὠδὶν
266 5200 319 5255 τῶν
333 5195 413 5256 ὄντων
428 5200 562 5276 respectae,
576 5196 696 5276 πρίττειν
711 5197 830 5278 πέρυκεν.

160 5362 268 5431 Ἄλλως
288 5388 315 5424 τε
337 5363 374 5422 δὲ.
390 5363 435 5421 καὶ
457 5361 503 5431 τῆν
519 5363 603 5444 σάρκα
615 5368 709 5423 ποιεῖτε
723 5367 761 5444 τῷ
774 5362 898 5441 θελήματι

129 5452 321 5532 ωνδημιουργδν
337 5451 438 5510 πόντων
452 5455 501 5510 τιῗω
517 5450 626 5519 αἶώνων,
641 5453 748 5510 καὶτῶν
769 5455 794 5510 ἐν
813 5455 897 5519 αὐτοῖς

128 5535 206 5621 ἰίατρί
215 5562 246 5600 τε
258 5539 303 5599 καί
313 5540 371 5622 defga
384 5539 428 5597 καὶ
440 5541 574 5617 llas-ipati
585 5563 591 5577 ·
607 5541 651 5619 Τῇ
661 5537 687 5597 δὲ
698 5543 771 5621 ρύσει
780 5539 885 5608 κτιστῆν

974 4495 1038 4554 quae
1047 4481 1134 4537 ctiam
1149 4483 1244 4535 careat
1254 4481 1373 4551 cognata
1382 4477 1542 4549 identitate,
1555 4490 1640 4549 quam
1652 4475 1802 4534 nobiscum

973 4576 1002 4628 ct
1011 4569 1124 4628 cum'ea
1135 4583 1198 4640 qua
1208 4581 1237 4624 sc
1251 4567 1371 4639 peperit,
1385 4566 1557 4624 naturaliter
1569 4566 1663 4623 habet.

1007 4661 1043 4717 Et
1053 4672 1155 4716 rursus
1165 4638 1337 4728 perimentes
1346 4658 1536 4730 operationes,
1547 4661 1576 4713 et
1589 4669 1677 4713 unam
1693 4658 1803 4715 volun-

973 4754 1059 4806 tatem
1074 4750 1267 4803 asseverantes
1290 4745 1409 4802 deitatis
1433 4745 1527 4816 ipsius
1545 4751 1574 4803 et
1599 4745 1803 4820 humanitatis,

973 4834 1104 4894 adimitis
1123 4835 1186 4905 ejus
1197 4832 1337 4890 bonorum
1351 4833 1598 4891 distributionem.
1613 4835 1642 4891 Si
1653 4835 1731 4893 enim
1742 4837 1805 4894 nul·

973 4927 1029 4983 lam
1046 4925 1140 4997 habet,
1154 4923 1312 4980 secundum
1326 4922 1393 4980 illos
1408 4924 1458 4995 qui
1473 4923 1527 4980 hoc
1544 4929 1711 4998 sanxerunt,
1731 4939 1804 4998 ope-

974 5016 1124 5085 rationem,
1141 5013 1324 5084 perspicuum
1339 5013 1482 5085 estquod,
1494 5012 1562 5070 licet
1586 5014 1666 5087 velit,
1689 5016 1805 5073 mlmre-

973 5108 1000 5164 ri
1013 5119 1069 5162 non
1083 5107 1192 5177 posslt;
1210 5103 1377 5160 detruncata
1396 5102 1535 5160 nimirum
1555 5105 1618 5175 ejus
1638 5106 1803 5178 operatione

973 5196 1127 5265 honorum,
1143 5192 1191 5249 sed
1204 5193 1345 5250 duntaxat
1356 5193 1522 5264 operatione
1532 5194 1657 5252 naturali
1674 5198 1800 5265 excepta,

974 5284 1050 5341 nihil
1061 5297 1160 5340 corum
1176 5295 1238 5354 qum
1250 5287 1319 5339 sunt
1330 5282 1443 5352 operari
1454 5282 1497 5339 vel
1508 5296 1592 5356 agere
1604 5287 1722 5340 constat.

1008 5373 1193 5430 Aliasautem
1214 5376 1242 5428 et
1261 5384 1373 5428 carnem
1397 5369 1495 5429 facitis
1516 5372 1662 5430 voluntate
1685 5370 1799 5443 quidem

976 5460 1197 5519 concreatricem
1214 5461 1344 5518 omnium
1368 5460 1549 5530 saeculorum,
1571 5464 1600 5515 ct
1624 5471 1721 5516 eorum
1736 5469 1800 5526 quae

977 5555 1046 5608 sunt
1058 5551 1088 5606 in
1102 5550 1154 5621 eis,
1166 5549 1255 5621 Patri,
1271 5555 1298 5606 et
1308 5549 1382 5605 Filio
1392 5562 1425 5604 ac
1432 5548 1554 5619 Spiritui
1569 5551 1685 5614 sancto3
1699 5547 1801 5600 natura
