3876 6090
160 254 215 316 rte
316 184 317 193 .
769 236 949 311 nunsrasu
974 232 1242 292 smmorusceuu
1805 219 1861 280 reo

160 376 240 448 poris
263 376 311 431 sed
325 378 353 431 et
363 373 466 429 auimae
481 367 639 440 promeruit
656 365 805 423 sanitatem
821 376 870 432 per
884 361 981 415 virtu·
993 361 1023 420 A
1035 364 1232 416 restrueretur.
1253 357 1360 413 Taliter
1381 359 1553 412 restructum
1568 357 1611 409 est
1626 365 1700 420 opus
1713 363 1790 420 saepe
1806 361 1864 405 no-

160 469 216 521 tem
230 417 344 519 Domini
360 460 451 517 nostri
472 460 537 514 lesu
551 455 670 526 Christi,
691 453 741 523 qui
757 452 828 507 vivit
842 453 870 505 et
882 451 981 520 regnat
1035 449 1174 504 minatum
1187 446 1298 501 meritis
1308 444 1398 500 sancti
1412 441 1555 513 martyris,
1567 440 1729 496 ausiliante
1737 436 1863 494 Domino

161 550 192 607 ln
208 543 615 607 saeculasaeculorum.hmen.
1035 542 1132 592 uostro
1161 536 1227 589 lesu
1253 533 1377 598 Christo,
1409 531 1458 601 qui
1486 543 1551 586 cum
1582 530 1664 584 Patre
1692 530 1721 582 et
1747 525 1864 595 Spiritu

196 637 326 694 hmicum
342 635 483 705 veritatis,
506 632 618 689 scilicet
632 641 773 687 summum
794 625 978 692 sacerdotem,
1035 630 1133 681 sancto
1145 622 1253 677 vivitet
1263 621 1398 692 regnatin
1411 618 1515 675 secula
1525 617 1707 674 saeculorum.
1721 615 1822 671 Amen.

161 725 326 783 audivimus
347 736 463 780 narrare
482 722 518 777 de
530 719 672 776 Demetrio
695 721 826 785 martyre,
849 726 912 784 quae
924 713 980 766 Deo
1069 711 1121 767 Sed
1139 724 1189 766 uec
1204 709 1277 766 illud
1292 708 1481 764 omittendum
1506 705 1652 761 credimus
1667 704 1775 775 quoda
1791 716 1865 758 san-

162 812 313 882 adluraute
328 811 358 867 in
378 808 621 880 subsequentibus
634 806 791 862 edisserere
809 807 978 873 satagemus.
1035 800 1165 857 ctissime
1184 798 1400 867 archiepiscopo
1419 795 1593 852 audivimus.
1615 791 1765 849 Referebat
1784 791 1863 847 cuim

162 898 422 971 Contigitinquit,
453 895 566 952 incendi
583 898 669 951 noctu
684 893 837 953 ciborium,
860 888 934 960 quud
952 887 981 941 in
1034 888 1070 944 de
1092 888 1213 958 quodam
1228 884 1421 941 mansionario
1443 883 1542 953 templi
1556 882 1690 953 martyris
1710 878 1862 949 Demetrii,

162 984 554 1056 sanctoejusiuerattemplu
568 988 658 1040 totum
671 997 705 1038 ex
719 986 835 1052 argento
851 974 983 1046 splendi-
1036 975 1151 1032 nomine
1172 974 1378 1043 honesiphoro.
1405 972 1474 1028 Cum
1499 984 1642 1043 pergerem
1667 969 1793 1036 quodam
1815 967 1863 1023 die

161 1071 241 1145 dum,
264 1075 305 1130 ita
329 1078 361 1132 ut
384 1077 474 1130 totum
493 1072 658 1129 solveretur.
688 1068 892 1125 sanctissimus
915 1076 982 1136 ergo
1035 1064 1069 1120 ad
1094 1063 1242 1119 ecclesiam
1264 1060 1393 1132 praedictj
1416 1059 1559 1130 martyris,
1584 1058 1679 1114 inveni
1711 1053 1862 1128 praelatum

69 1208 72 1215 .
161 1161 312 1232 episcopus
326 1161 471 1233 satagebat
480 1159 620 1216 fabricare
644 1158 812 1228 praedictum
826 1154 979 1220 ciborium,
1035 1151 1262 1220 llonesiphornm
1286 1148 1513 1205 mansionarium
1534 1148 1673 1217 jacentem
1689 1150 1756 1201 aute
1768 1144 1861 1200 sancti

160 1252 257 1305 elnon
282 1247 444 1305 inveniebat
471 1249 612 1320 integrum
634 1245 745 1317 pondus
758 1243 879 1316 argenti,
905 1241 980 1312 quod
1037 1238 1171 1309 martyris
1186 1239 1291 1294 ostium
1315 1237 1492 1293 semivivum.
1509 1236 1637 1307 Cumque
1665 1234 1803 1291 turbatus
1816 1233 1863 1290 la-

159 1337 312 1393 condatum
326 1334 419 1392 iuerat
432 1337 466 1393 ad
491 1335 765 1392 consummationem
780 1331 852 1387 tanti
875 1328 978 1399 operis.
1000 1357 1002 1364 ·
1036 1333 1177 1384 mentarer
1197 1339 1247 1395 pro
1262 1325 1347 1381 amici
1366 1324 1544 1395 infirmitate,
1562 1324 1591 1379 iu
1610 1338 1640 1379 se
1655 1337 1788 1379 reversus
1803 1323 1863 1379 llo·

159 1422 351 1481 ilcditabatur
376 1437 498 1494 namque
522 1424 596 1494 apud
619 1436 649 1478 se
662 1429 694 1478 ut
706 1425 871 1494 argenteum
897 1418 982 1473 thro-
1036 1417 1209 1487 nesiphorus
1221 1428 1263 1470 me
1282 1412 1466 1482 llerevideus,
1478 1413 1536 1468 ait:
1550 1410 1863 1481 Quaretristarispro-

160 1524 240 1576 uum,
256 1512 347 1583 quiin
361 1513 458 1569 eodem
482 1514 543 1568 erat
562 1510 720 1567 venerabili
741 1508 855 1578 templo,
871 1505 982 1562 dissol-
1037 1510 1099 1576 pter
1112 1518 1165 1574 me,
1177 1502 1293 1559 domine
1307 1499 1433 1558 Eusebi‘l
1445 1501 1470 1556 si
1486 1500 1649 1572 mediligis,
1666 1498 1724 1555 noli
1734 1498 1861 1568 turbari,

159 1600 366 1670 veret,etiude
380 1614 454 1670 opus
468 1599 625 1670 perliceret.
646 1598 772 1668 cumque
790 1593 983 1652 hoestatuis-
1037 1592 1084 1649 sed
1099 1591 1222 1664 praecipe
1246 1592 1460 1645 monumentum
1476 1602 1568 1644 meum
1583 1588 1750 1659 praeparari,
1763 1592 1793 1644 et
1818 1602 1861 1644 me

160 1690 204 1744 ost
215 1688 289 1759 apud
305 1701 345 1759 se,
362 1687 422 1744 allo
437 1687 550 1743 nemine
564 1686 673 1743 sciente
686 1684 851 1753 consilium,
864 1683 982 1752 apparet
996 1673 1023 1734 Β
1038 1681 1068 1736 iu
1090 1694 1122 1736 eo
1142 1679 1237 1734 vivum
1252 1678 1349 1734 obrue.
1366 1677 1426 1746 Qua
1449 1691 1479 1732 re
1501 1676 1634 1733 turbatus
1657 1681 1780 1734 mlestus
1798 1677 1859 1733 dixi

160 1773 191 1831 lu
206 1775 315 1831 somnis
326 1775 434 1832 Christi
448 1780 554 1844 martyr
567 1773 729 1829 Demetrius
740 1770 903 1841 presbytero
915 1769 984 1825 cul·
1036 1769 1080 1826 ei:
1096 1769 1186 1838 Cujus
1207 1767 1247 1822 rei
1267 1779 1363 1837 causa,
1384 1764 1496 1822 trater‘l
1516 1766 1567 1821 llle
1592 1765 1760 1836 respondit:
1788 1764 1860 1834 Quia

160 1859 236 1933 dam,
260 1862 323 1919 viro
341 1861 456 1932 optimae
474 1861 540 1917 vitae
558 1859 700 1916 Demetrio
722 1856 845 1927 nomine,
863 1856 980 1912 diceus:
1027 1855 1151 1929 ,irritavi
1177 1869 1236 1912 mea
1251 1855 1335 1924 culpa
1358 1854 1391 1909 ad
1408 1853 1588 1910 iracundiam
1604 1859 1733 1910 sanctum
1750 1861 1861 1925 marty-

159 1948 244 2015 Vade,
258 1948 307 2004 dic
317 1948 450 2018 eplscupo
462 1947 606 2003 civitatis:
623 1948 664 2002 Ne
680 1957 834 2015 presumas
847 1945 982 1999 thronum
1038 1957 1105 2000 rem.
1118 1944 1258 2013 Apparuit
1274 1942 1345 1998 mihi
1361 1942 1500 2012 peccatori
1515 1948 1630 1998 sauctus
1646 1955 1770 2013 namque
1783 1957 1861 1998 mar-

159 2034 262 2091 domus
276 2035 508 2092 mecdestruere.
520 2035 589 2090 cum
607 2033 660 2090 hoc
676 2032 820 2102 presbyter
849 2030 983 2101 episcopo
1037 2034 1082 2102 tyr
1101 2031 1131 2087 iu
1151 2031 1270 2098 somnis,
1285 2035 1313 2085 et
1323 2029 1403 2085 dulci
1418 2043 1484 2085 voce
1495 2029 1609 2086 locutus
1617 2033 1657 2085 est
1666 2029 1701 2086 ad
1715 2043 1776 2086 me:
1789 2031 1861 2087 Fra·-

159 2121 314 2194 retulisset,
328 2123 420 2192 primo
435 2122 549 2193 quidem
566 2120 674 2191 praesul
687 2121 809 2176 miratus
824 2123 866 2174 est
881 2132 932 2188 pro
949 2133 982 2174 eo
1037 2123 1081 2175 ter
1103 2118 1307 2188 honesiphore,
1332 2130 1387 2172 nou
1412 2116 1503 2184 uiaret
1527 2117 1597 2173 mihi
1621 2118 1696 2188 quod
1719 2118 1856 2188 operaris.

124 2260 127 2264 .
160 2209 302 2280 quodsua
327 2210 464 2281 cogitatio
488 2208 727 2279 eratmsniiesta·,
748 2208 851 2264 deinde
871 2207 983 2276 putavit
1036 2206 1213 2262 Placetmihi
1226 2204 1517 2275 magisanimaesalus
1530 2217 1615 2275 quam
1628 2205 1720 2261 millia
1735 2208 1859 2276 pondera

159 2306 225 2352 eum
239 2295 337 2367 aliqua
347 2297 513 2367 suspicione
523 2297 582 2352 haec
592 2297 718 2364 duxisse,
731 2296 780 2366 qui
791 2299 851 2351 erat
860 2295 983 2364 dispeu-
1036 2295 1112 2350 auri.
1127 2293 1170 2349 hu
1186 2293 1349 2363 nescisquis
1360 2306 1459 2349 cereus
1469 2292 1519 2363 qui
1533 2292 1651 2349 offertur
1662 2308 1712 2363 pro
1724 2295 1858 2365 peccatis,

160 2385 238 2439 sator
249 2383 533 2453 templivenerabills
543 2384 687 2454 martyris.
699 2382 856 2438 Etdixitei
867 2382 983 2451 episco-
1037 2386 1144 2452 quanto
1170 2385 1285 2451 apparet
1306 2381 1419 2451 ardens,
1445 2386 1524 2436 tanto
1549 2387 1664 2437 sanctos
1685 2388 1780 2438 manet
1809 2397 1858 2454 pro

160 2481 232 2538 uus:
257 2470 408 2540 Nunquam
434 2484 470 2526 ex
498 2484 541 2526 me
566 2471 618 2526 hoc
646 2469 767 2539 audisti,
795 2468 890 2525 irater.
917 2470 982 2524 Post
1037 2469 1234 2538 peccatoribus
1248 2469 1283 2524 ad
1306 2469 1547 2525 intercedendum.
1574 2470 1642 2525 Siue
1658 2471 1751 2542 igitur
1764 2486 1859 2528 cereos

158 2554 265 2610 multos
279 2568 344 2611 vero
358 2557 420 2613 dies
436 2557 540 2614 lterum
562 2558 698 2613 scrutatis
720 2557 827 2627 causis,
845 2554 982 2625 nulloque
1037 2556 1158 2625 majores
1171 2563 1200 2611 et
1212 2556 1336 2612 minores
1351 2557 1459 2628 ardere,
1476 2556 1544 2626 quia
1559 2561 1669 2627 oportet
1681 2559 1799 2615 omuino
1811 2573 1859 2615 cc-

159 2645 271 2711 reperto
290 2643 412 2700 consilio
431 2657 465 2700 ex
485 2658 542 2714 quo
568 2645 750 2715 perficeretur
769 2659 841 2714 opus
864 2642 979 2712 ciborii,
1037 2643 1094 2699 reis
1109 2643 1288 2713 resplendere
1302 2644 1418 2700 domum
1437 2657 1535 2700 meam.
1550 2647 1608 2717 Ego
1630 2652 1725 2701 autem
1746 2645 1856 2717 infelix,

157 2728 418 2799 consilioprimose
427 2731 615 2801 conflrmavlt,
625 2732 701 2802 quod
715 2733 750 2787 de
763 2732 865 2787 throno
878 2729 982 2811 laceret
1036 2729 1249 2802 expergefactus
1273 2731 1412 2787 estimavi
1435 2746 1478 2787 me
1502 2732 1682 2801 phantasiam
1698 2733 1806 2799 videre,
1831 2742 1858 2790 et

158 2814 311 2872 ciborium.
325 2817 394 2874 Cum
402 2831 468 2874 vero
478 2818 818 2890 lusslssetargsntarium
829 2817 935 2887 vocari,
949 2822 982 2873 ut
1035 2819 1097 2874 dixi
1113 2818 1187 2888 apud
1205 2832 1265 2875 me:
1293 2820 1414 2876 Sanctus
1436 2833 1490 2877 non
1512 2826 1629 2891 apparet
1648 2823 1854 2891 peccatoribus.

158 2903 324 2972 preciperet
332 2904 359 2959 ei
370 2905 469 2961 tollere
479 2905 626 2975 thronum,
636 2905 811 2961 renuntiavit
825 2905 851 2960 ei
863 2905 980 2976 quidam
1035 2906 1083 2962 Bis
1097 2920 1163 2963 vero
1178 2910 1205 2962 et
1227 2911 1270 2964 ter
1284 2908 1379 2964 eadem
1397 2909 1505 2964 monita
1520 2909 1549 2966 in
1565 2910 1675 2966 somnis
1689 2912 1815 2982 suscepi,
1831 2918 1859 2968 et

157 2988 274 3046 diceus:
300 2992 462 3050 Demetrius
483 2992 629 3063 presbyter
643 2992 677 3048 ad
697 2993 876 3049 sanctitatem
902 2997 979 3048 tuam
994 2961 1018 3023 G
1036 2993 1094 3050 haeo
1118 2995 1367 3064 custodirevolui,
1384 3000 1411 3052 et
1426 2997 1561 3068 usquein
1583 2998 1667 3054 duem
1691 3013 1857 3057 conservare

158 3075 270 3150 ingredi
286 3078 423 3151 postulat.
435 3079 490 3148 Qui
505 3094 570 3136 cum
586 3080 838 3136 intrassetdicitei
853 3098 859 3134 :
877 3082 981 3136 Deme-
1034 3082 1176 3139 desidero.
1199 3086 1229 3139 lu
1253 3082 1305 3139 hac
1317 3098 1384 3140 vero
1400 3090 1481 3141 nocte
1502 3086 1581 3141 venit
1606 3086 1724 3157 quidam
1739 3089 1858 3147 devotus

156 3163 239 3221 trlus
254 3170 370 3237 martyr,
396 3166 446 3238 qui
469 3168 551 3237 prius
571 3169 706 3238 apparuit
727 3168 799 3224 mihi
824 3168 977 3239 peccatori,
1033 3169 1079 3225 vir
1092 3171 1126 3226 ad
1142 3171 1290 3227 ecclesiam
1313 3185 1430 3243 magnos
1443 3187 1539 3230 cereos
1561 3173 1690 3232 offerens.
1711 3177 1779 3233 Post
1789 3190 1858 3234 ora-

155 3250 261 3308 lterum
287 3253 317 3309 iu
332 3254 396 3310 visu
422 3256 556 3324 apparuit
571 3256 641 3311 mihi
671 3255 749 3311 tristi
770 3256 978 3326 quodammodo
1034 3255 1140 3313 tionem
1155 3272 1235 3314 suam
1260 3260 1378 3316 recessit
1399 3261 1433 3316 de
1458 3261 1589 3318 ecclesia.
1606 3263 1734 3334 Cogitavi
1750 3278 1802 3336 ego
1825 3271 1858 3322 ut

155 3338 247 3411 vultu,
273 3346 300 3396 et
326 3342 460 3412 praecepit
484 3343 618 3399 nuntiare
638 3342 813 3399 beatitudini
836 3348 893 3398 tuae
919 3343 978 3398 haec
1032 3346 1242 3418 exstinguerem
1254 3348 1330 3418 illos,
1339 3347 1600 3408 oblitusdecrctum
1609 3352 1700 3407 sancti
1710 3353 1855 3424 martyris.

154 3425 257 3482 verba:
271 3427 390 3498 Propter
406 3430 574 3485 charitatem
591 3443 625 3485 ne
639 3431 793 3486 contristes
820 3446 864 3487 me
880 3432 909 3485 in
924 3431 978 3487 de-
1031 3431 1158 3504 Cumque
1180 3434 1317 3504 impetum
1333 3435 1463 3492 fecissem
1487 3443 1519 3493 ut
1531 3452 1625 3494 cereos
1648 3440 1855 3512 extinguerem,

154 3506 313 3570 structione
339 3517 447 3573 throni.
463 3516 499 3571 ht
526 3516 575 3573 ille
599 3517 720 3573 audiens
746 3518 913 3589 indignatus
934 3523 977 3574 est
1031 3525 1148 3576 sauctus
1180 3522 1342 3579 Demetrius
1371 3524 1405 3580 de
1430 3531 1564 3597 argenteo
1592 3526 1685 3582 cubili
1712 3542 1767 3584 suo
1790 3543 1856 3585 voce

152 3599 289 3657 adversus
314 3602 520 3673 presbyterum,
537 3600 656 3673 putabat
670 3605 746 3659 enirn
763 3604 846 3660 illum
872 3605 976 3676 tingere
1032 3619 1131 3678 magna
1154 3614 1182 3664 et
1199 3609 1326 3666 terribili
1342 3611 1468 3667 clamans
1480 3613 1515 3668 ad
1532 3627 1574 3668 me
1588 3613 1681 3669 dixit:
1696 3614 1853 3686 Ocupidel

151 3685 231 3742 talia.
247 3686 334 3755 Quem
345 3694 374 3744 et
385 3690 530 3745 austerius
544 3702 560 3744 a
576 3703 606 3746 se
620 3691 744 3759 dimisit,
756 3696 784 3746 et
797 3691 975 3747 manifestam
1030 3698 1059 3750 et
1075 3695 1189 3759 iterum,
1206 3710 1223 3753 o
1238 3699 1358 3767 cupidel
1383 3700 1440 3771 Ego
1464 3714 1530 3756 vero
1555 3702 1745 3772 miserrimus,
1767 3705 1856 3760 nimis

151 3787 232 3830 suam
248 3774 317 3830 iecit
332 3775 529 3847 intentionem,
546 3777 661 3833 dicens:
679 3778 799 3834 Abunde
814 3779 876 3834 dari
890 3780 976 3848 judi·
1030 3782 1210 3853 perterritus,
1217 3784 1251 3839 ad
1263 3789 1367 3842 terram
1378 3787 1478 3859 elisus,
1488 3794 1567 3846 extra
1583 3792 1678 3847 valvas
1686 3792 1854 3849 monasterii

150 3873 199 3916 cas
222 3861 297 3931 quod
323 3862 433 3933 argenti
459 3863 555 3919 minus
578 3869 621 3920 est
643 3865 785 3934 ponderis.
809 3866 849 3922 Ne
871 3871 975 3924 temere
1028 3869 1146 3940 ejectus,
1158 3870 1207 3926 ubi
1228 3872 1365 3930 invenisti
1383 3890 1425 3932 me
1441 3878 1521 3946 jaceo
1543 3877 1613 3934 bene
1628 3884 1770 3938 mortuus.
1791 3882 1854 3938 llaec

147 3946 271 4018 ludices,
279 3947 535 4018 philosophatnsin
545 3950 668 4008 aliorum
676 3952 887 4010 tribulationes.
895 3956 975 4011 Tunc
1028 3956 1144 4028 quidem
1158 3973 1231 4030 saepe
1245 3963 1389 4018 enarravit
1402 3965 1485 4021 Pater
1496 3972 1592 4023 noster
1605 3967 1850 4040 archiepiscopus.

150 4030 201 4089 ille
224 4034 371 4105 presbyter
384 4035 522 4094 confusus
535 4039 635 4094 exivit.
658 4041 788 4098 Nondum
804 4042 909 4113 quippe
923 4043 974 4099 di-
1026 4045 1084 4101 Nos
1100 4051 1195 4102 autem
1218 4049 1357 4106 obaudire
1382 4058 1492 4122 oportet
1515 4068 1548 4110 ea
1562 4069 1651 4125 quaea
1666 4057 1777 4114 sanctis
1789 4058 1852 4127 ey'us

149 4124 229 4176 xerat
241 4121 267 4176 ei
284 4126 401 4179 sauctus
422 4125 492 4194 quid
519 4126 580 4182 fleri
603 4132 755 4198 oporteret.
779 4130 826 4185 sed
843 4135 968 4188 tautum:
1026 4131 1125 4189 divina
1150 4137 1321 4193 anctoritate
1350 4139 1568 4211 praecipiuntur.
1593 4144 1697 4200 Eorum
1729 4160 1851 4218 namque

148 4207 240 4263 hleum
266 4223 300 4264 ue
323 4210 447 4282 dissipes
470 4213 615 4271 thronum.
639 4216 668 4271 ln
685 4216 746 4286 ipsu
770 4222 865 4272 autem
889 4225 970 4275 nocte
1025 4219 1188 4293 benignitas
1213 4238 1264 4280 nos
1285 4239 1396 4296 semper
1416 4231 1570 4302 custodiat,
1595 4239 1623 4287 et
1643 4231 1673 4288 in
1700 4236 1851 4306 praeceptis

147 4297 283 4367 apparuit
294 4303 410 4356 sanctus
423 4302 585 4359 Demetrius
600 4303 763 4375 presbytero
773 4306 924 4378 Demetrio,
941 4312 970 4363 et
982 4291 1011 4354 D
1023 4307 1131 4365 Christi
1147 4313 1368 4381 perseverabiles
1383 4317 1491 4374 reddat.
1506 4320 1601 4375 hmen.

84 4404 88 4413 Δ
144 4382 221 4441 dixit
234 4387 276 4442 ei:
293 4387 378 4459 vade,
402 4390 450 4445 dic
470 4390 706 4461 archiepiscopo:
723 4391 787 4447 Noli
806 4407 908 4450 curare
933 4395 968 4451 de
1057 4394 1171 4453 hccidit
1186 4398 1398 4459 habitatoribus
1416 4404 1626 4464 Thessalonica
1641 4410 1780 4478 civitatis,
1797 4426 1848 4481 pro

145 4483 207 4528 meo
217 4474 339 4545 ciborio,
352 4490 403 4548 ego
413 4477 490 4533 enim
504 4477 576 4534 illud
593 4478 736 4547 perllciam
753 4493 802 4548 per
815 4477 968 4553 memetip‘-
1022 4485 1145 4553 peccatis
1157 4486 1291 4544 videlicet
1303 4489 1377 4561 suis,
1395 4496 1427 4546 ut
1439 4506 1508 4564 gens
1520 4494 1669 4552 barbarica
1684 4511 1783 4556 eorum
1794 4500 1848 4556 de-

122 4572 218 4631 sum.
235 4560 365 4632 implevit
379 4577 502 4636 namque
515 4564 662 4636 presbyter
680 4567 762 4635 jussa
778 4569 922 4640 martyris,
938 4575 967 4626 et
1022 4571 1199 4638 praedaretur
1214 4577 1329 4648 terram,
1350 4578 1450 4635 domos
1466 4579 1581 4638 illorum
1597 4585 1725 4658 ardebat,
1748 4591 1777 4643 et
1799 4588 1846 4644 vi-

143 4658 197 4702 suo
223 4647 282 4704 haec
295 4651 371 4706 dixit
396 4645 521 4721 praesull.
539 4654 594 4708 lloc
609 4667 673 4709 cum
693 4655 821 4712 audisset
849 4658 964 4727 praesul,
1020 4660 1335 4731 neasstirpabatdlios
1348 4671 1376 4722 et
1390 4666 1475 4724 illias.
1504 4676 1632 4740 equoset
1646 4674 1755 4747 asiuoS,
1780 4690 1845 4734 oves

141 4731 242 4790 laudes
267 4736 394 4792 reddidit
414 4739 471 4795 Deo
493 4743 522 4794 et
542 4745 641 4797 sanctu
668 4743 786 4813 martyri
810 4745 961 4802 Demetrio.
1019 4745 1179 4805 etbovesiu
1190 4751 1384 4821 captivitatem
1394 4755 1616 4829 transferebant3
1632 4759 1807 4821 frumentum
1817 4773 1843 4821 et

140 4819 213 4876 Dum
237 4823 332 4894 adhuc
345 4824 380 4879 de
399 4825 446 4881 his
474 4826 661 4898 loquerentur
685 4831 720 4886 ad
744 4831 875 4903 invicem,
900 4847 964 4890 ecce
1018 4832 1116 4890 vinum
1131 4842 1159 4893 et
1174 4837 1267 4895 oleum
1282 4841 1312 4896 iu
1325 4842 1506 4901 obsidionem
1526 4847 1654 4905 civitatis
1668 4851 1840 4910 devastabat.

138 4908 277 4967 ostiarius
296 4913 411 4969 advenit
433 4915 546 4971 dicens:
570 4917 671 4974 Sancte
686 4919 800 4990 praesul,
825 4921 962 4990 predives
1016 4923 1212 4982 Persecutioni
1229 4928 1384 4987 subsecuta
1397 4938 1440 4989 est
1465 4932 1553 4992 tames
1567 4937 1663 4995 valida
1678 4940 1709 4995 in
1722 4947 1782 4998 tota
1795 4957 1842 4999 re-

22 5015 31 5023 ·
138 4994 254 5053 hlennas
266 5004 322 5055 stat
336 5002 527 5071 auteianuam
543 5011 620 5061 tuam
633 5005 754 5075 cripiens
764 5012 857 5063 tecum
867 5008 958 5079 loqui.
1016 5011 1101 5082 gione
1116 5014 1175 5070 illa.
1190 5015 1381 5087 Quapropter
1396 5021 1532 5091 primates
1548 5024 1677 5082 civitatis
1701 5029 1841 5087 miseruut

137 5084 215 5140 chlt
229 5085 256 5142 ei
271 5105 277 5140 :
293 5088 401 5144 Veniat.
419 5091 541 5147 l'eniens
557 5093 713 5162 praedictus
725 5097 840 5150 hlennas
853 5094 960 5152 obtulit
1016 5097 1122 5171 legatos
1135 5102 1169 5158 ad
1194 5103 1392 5174 imperatorem
1408 5110 1485 5166 utab
1500 5110 1639 5170 obsidoue
1651 5114 1838 5176 barbarorum

136 5174 469 5248 eturrvlibrasargenti
485 5179 514 5233 in
526 5179 670 5248 adjutorio
683 5181 798 5237 ciborii.
816 5182 959 5238 Etdeinde
1013 5192 1041 5242 et
1054 5188 1090 5243 ab
1115 5189 1277 5249 imminenti
1294 5193 1368 5251 tame
1394 5197 1529 5256 liberaret
1550 5201 1707 5260 civitatem.
1732 5206 1837 5264 lnterea

136 5260 215 5318 venit
228 5263 358 5335 loannes,
384 5264 496 5320 scilicet
508 5267 629 5324 dulcedo
654 5281 820 5338 pauperum,
838 5268 958 5326 offerens
1012 5275 1243 5346 gloriosissimus
1259 5287 1366 5354 martyr
1380 5286 1542 5343 Demetrius
1553 5289 1593 5344 ita
1609 5296 1641 5345 ut
1655 5292 1685 5347 in
1699 5294 1837 5368 imagini-

136 5344 163 5406 ei
184 5352 374 5425 quadraginta
398 5351 538 5409 librarum
560 5355 672 5423 pondus
695 5356 827 5428 argenti3
843 5357 957 5414 etcives
1012 5375 1067 5419 uus
1080 5364 1220 5437 pingitur,
1236 5371 1371 5439 apparuit
1385 5373 1413 5428 id
1429 5379 1509 5445 parts
1522 5376 1625 5433 insulae
1638 5379 1710 5451 bei
1721 5384 1834 5440 culdam

134 5438 327 5511 advenientes,
341 5449 427 5513 prout
443 5446 580 5514 poteraut,
592 5441 756 5514 offerebant,
769 5443 953 5503 utciborium
1011 5450 1156 5524 nauclero,
1171 5455 1285 5512 nomine
1307 5458 1461 5530 Stephano,
1483 5476 1557 5519 onus
1572 5463 1709 5524 frumenti
1723 5469 1833 5527 ducen-
