3876 6090
110 221 151 279 titt
496 221 767 280 mithrhmtmo
785 220 909 279 simoni
928 221 974 277 vll
992 220 1193 277 numanatis.
1205 253 1242 264 -
1257 224 1358 281 ACTIO
1377 227 1420 281 vl.
1757 223 1811 284 lit

109 347 215 409 attidis,
227 347 254 402 si
269 346 446 404 intellexerit
458 349 524 420 quis
537 350 820 422 superhumanitute,
834 355 924 407 totum
941 349 968 409 A
984 349 1161 421 meditantes,
1185 352 1214 406 in
1235 352 1489 422 praelocutionibus
1513 354 1575 410 suis
1598 353 1632 409 ud
1650 354 1806 412 dictionem

109 434 284 506 Emngelium
295 435 523 492 subvertetillhi
535 438 611 493 enim
621 453 758 508 ponemus
769 439 925 510 illudquod
983 450 1039 507 qua
1051 439 1226 509 precipitur,
1242 442 1302 495 Non
1316 442 1400 507 socies
1415 457 1518 495 omnem
1533 443 1749 507 similitudinem,
1765 444 1807 502 iu·

110 522 231 593 latemur,
248 525 468 579 bieithominus
483 526 625 596 discipulis
641 529 697 580 suis
712 527 817 598 (diuiti
834 528 925 600 xxnr).
983 525 1081 597 ginnt:
1096 533 1124 582 et
1134 526 1279 583 veritatem
1291 527 1320 583 in
1331 527 1476 597 injustitia
1488 529 1674 600 possidentes,
1686 537 1713 586 et
1723 546 1804 588 suam

111 613 148 667 tlt:
164 614 244 666 dicit
263 615 396 668 domiuus
409 615 446 668 ud
460 615 567 670 Judaeos
580 619 629 685 qui
640 618 678 671 od
687 634 714 671 se
728 622 877 672 uenerunt:
893 620 928 672 Et
980 614 1123 682 justitiam
1139 617 1264 673 uolentes
1283 622 1417 689 statuere,
1430 622 1561 673 exercent
1571 633 1602 674 se
1611 619 1645 675 ad
1667 618 1805 689 impieta-

111 700 925 785 llomiausdieit:VenetisScribaectPhurisuilldiatth.vl,
983 705 1055 757 tem:
1069 708 1096 759 et
1107 704 1136 758 in
1153 705 1371 761 insubsistentia
1391 706 1530 762 mendacii
1548 706 1713 778 gloriantes,
1725 720 1740 762 a
1754 720 1805 763 ve-
1912 699 1914 703 ’

111 787 146 846 iel
157 803 264 844 rursus
273 790 631 864 quomodointelligemus,
647 793 780 864 Aperiens
793 811 822 849 os
836 810 926 856 suum,
982 790 1066 846 ritate
1076 792 1247 849 alienantur.
1261 793 1348 850 Voces
1362 794 1437 849 enim
1449 810 1512 865 quae
1531 795 1601 851 olim
1613 796 1643 850 in
1659 795 1719 867 lege
1729 796 1802 850 datae

113 877 208 947 duebut
222 882 294 932 eos?
307 877 395 948 (doun.
408 879 447 952 v.)
468 881 664 952 significanter
680 883 739 939 haec
759 899 846 955 super
869 884 928 941 hu-
982 886 1049 936 sunt
1062 881 1166 952 populo
1187 882 1273 939 lsrael
1289 887 1338 955 qui
1356 884 1447 941 ritulo
1463 881 1679 954 serviit(Euod.
1693 882 1801 956 xxxix),

114 968 245 1024 uanitate.
270 967 344 1025 illud
365 973 477 1025 antem:
497 972 590 1040 Neque
609 988 697 1027 vocem
716 974 775 1043 ejus
798 975 926 1038 cudatus,
982 972 1009 1023 et
1029 970 1224 1042 AEgyptiarum
1245 972 1490 1030 abominationum
1509 972 1732 1043 experimentum
1750 972 1803 1028 ha-

114 1072 184 1126 aeque
195 1059 313 1127 speciem
328 1059 388 1126 ejtts
403 1060 522 1122 uidistis,
538 1061 732 1131 super-divina
754 1062 924 1120 substantia,
982 1055 1056 1128 buit,
1071 1058 1300 1122 Christianorum
1316 1067 1431 1118 sacratae
1446 1069 1563 1118 catervae
1581 1063 1754 1132 coaptantes,
1774 1073 1805 1116 se

115 1145 262 1202 mundum
283 1145 311 1201 id
323 1147 400 1202 enim
416 1148 491 1218 qnod
507 1149 590 1204 homo
610 1147 702 1207 laetus
723 1157 767 1206 est
786 1150 928 1222 perlectus
983 1146 1131 1215 publicant
1143 1154 1170 1204 et
1182 1153 1364 1219 portentuose
1380 1149 1538 1221 loquuntur
1563 1145 1631 1223 [Gr.,
1643 1149 1804 1219 etcapiun-

116 1236 176 1290 heus
187 1233 324 1306 Verbum,
341 1240 373 1291 ut
383 1237 580 1309 praediximus,
593 1242 620 1292 et
635 1253 729 1295 vocem
750 1241 926 1313 audivimus,
983 1232 1802 1310 tur],adustilabiisorissui.Utinamintellexissent,qnia

118 1328 139 1378 et
149 1322 266 1393 speciem
280 1324 344 1393 ejus
355 1324 482 1381 vidimus
499 1326 585 1381 etiam
600 1333 663 1397 post
679 1329 925 1386 resurrectionem,
982 1323 1121 1379 Dominus
1131 1324 1393 1383 inducturuseosin
1407 1326 1802 1397 terramreprontssioniseo

122 1410 235 1481 ialpatus
245 1417 288 1468 est
302 1411 390 1483 enim,
401 1420 429 1469 et
438 1415 752 1488 apparensdiscipnlis,
769 1417 929 1475 disserebat
984 1413 1058 1482 quod
1076 1412 1237 1469 habitarent
1250 1414 1280 1469 in
1292 1428 1323 1469 ea
1334 1420 1430 1487 gentes
1448 1415 1573 1471 colentes
1589 1415 1676 1485 idola,
1693 1418 1804 1473 eludo

122 1500 296 1573 eisderegno.
316 1502 424 1558 Deinde
438 1503 602 1559 etdirinam
613 1505 778 1561 servitutem
789 1513 817 1563 et
831 1509 929 1564 adora·
983 1507 1078 1557 rantes
1093 1502 1244 1573 daemonia,
1265 1503 1352 1559 solem
1372 1517 1484 1574 quoque
1498 1517 1531 1559 ac
1542 1504 1638 1561 lunam
1648 1504 1804 1576 stellasque

124 1588 227 1644 tionem:
247 1604 331 1660 quam
349 1590 507 1647 Christiani
525 1606 619 1648 reram
634 1599 662 1648 et
683 1594 823 1651 sinceram
844 1596 927 1653 iidem
982 1589 1092 1646 elalius
1104 1596 1260 1663 creaturas,
1279 1592 1327 1648 sed
1342 1596 1370 1647 et
1384 1592 1523 1664 volucres
1544 1598 1571 1648 et
1596 1594 1803 1665 quadrupedia,

126 1667 1068 1757 insebabentes[fert.reraetsincerattdeinsebabent],Batque
1094 1681 1232 1753 repentia,
1253 1685 1281 1737 et
1311 1696 1365 1737 non
1398 1683 1486 1739 heum
1517 1683 1612 1739 vivum
1639 1689 1668 1740 et
1695 1696 1803 1754 velum,

126 1764 261 1824 alectuose
274 1781 308 1824 ae
318 1768 470 1825 honoranti
484 1770 646 1826 adorationi
657 1772 836 1828 consimilem
853 1789 929 1844 prae-
984 1767 1071 1839 legem
1093 1768 1196 1825 dabat:
1219 1771 1279 1826 Nou
1298 1773 1382 1838 sucus
1395 1772 1445 1825 tibi
1463 1772 1576 1836 idolum,
1598 1788 1684 1842 neque
1702 1788 1805 1827 omnem

127 1855 210 1912 liant.
231 1859 262 1913 ln
282 1857 330 1914 his
348 1858 455 1929 quippe
475 1859 588 1916 duabus
601 1860 686 1916 rebus
701 1861 830 1918 est-illud
852 1863 926 1934 quod
955 1932 958 1938 ἡ
982 1858 1198 1922 similitudinem,
1210 1863 1487 1930 quaecunqueirtcoelo
1503 1877 1623 1924 sursum,
1639 1867 1664 1917 ct
1678 1879 1805 1932 quaecun-

128 1946 184 2015 apud
204 1960 250 2002 eos
271 1960 433 2017 perversum
453 1954 510 2004 est:
538 1963 626 2020 quare
649 1956 676 2006 et
697 1950 927 2008 Christianorum
982 1963 1033 2017 que
1054 1949 1084 2000 in
1107 1952 1180 2001 terra
1204 1948 1328 2002 musam
1347 1948 1453 2019 (deod.
1477 1950 1543 2022 xx).
1569 1949 1805 2022 Quandoquidem

129 2033 323 2093 calumniatores
339 2037 636 2108 suntetappellantur.
649 2039 754 2095 Dicunt
762 2040 849 2112 enim,
860 2040 928 2111 quia
982 2034 1135 2106 subinfert,
1151 2036 1319 2093 abstrahens
1329 2051 1377 2094 eos
1387 2038 1423 2093 ab
1435 2038 1614 2095 idololatria:
1628 2041 1807 2096 Nonodoru-

128 2125 245 2180 deuotem
257 2127 346 2181 Deum
361 2126 556 2183 adorationem
567 2135 595 2184 et
609 2129 773 2184 seruitutem
788 2130 928 2201 imagini·
984 2125 1076 2188 bisce,
1098 2142 1184 2195 neque
1195 2128 1294 2181 seruiet
1309 2128 1373 2181 illis.
1389 2125 1494 2200 (ibid.)
1507 2128 1577 2184 Cum
1595 2135 1690 2184 autem
1712 2128 1802 2186 taber-

128 2211 170 2268 bus
180 2212 293 2270 oderunt
306 2214 476 2287 Christiani,
492 2222 519 2272 et
529 2217 597 2287 quia
610 2218 926 2288 incomprehensibilem
983 2215 1116 2271 naculum
1126 2214 1283 2271 testimonii
1293 2216 1449 2272 secundnm
1459 2217 1571 2272 bomini
1582 2217 1802 2287 dispositionem

128 2301 229 2358 diiinan
248 2310 379 2359 naturam
398 2305 649 2362 circumscribunt.
666 2306 689 2362 Ο
711 2307 927 2379 abnegationem
983 2304 1086 2361 laceret
1104 2304 1197 2361 fidelis
1216 2302 1340 2361 famulus
1354 2306 1417 2375 ejus
1438 2309 1546 2377 Moyses
1566 2307 1699 2363 uniuersa
1713 2312 1807 2364 osten·

127 2396 147 2444 et
162 2391 348 2462 stoliditatem,
369 2397 397 2449 et
409 2393 551 2464 quidquid
573 2394 619 2451 bis
638 2395 717 2451 aliud
734 2397 836 2452 attinet
847 2397 852 2450 l
865 2399 927 2453 lion
981 2395 1052 2451 dens
1066 2395 1237 2465 servireilli,
1248 2394 1557 2452 sensibilescberubim
1568 2394 1806 2452 hnmanaeiormae

127 2479 184 2534 enim
201 2480 291 2537 locum
309 2481 393 2537 habet
412 2497 513 2552 sermo,
534 2484 582 2539 sed
605 2484 754 2540 maledicto
772 2485 873 2554 plenus
885 2492 928 2543 est
983 2483 1074 2538 instar
1085 2479 1677 2558 intelligentium[typosintelligibilium]
1689 2497 1724 2539 ex
1735 2496 1806 2540 auro

126 2569 303 2626 etcalumniis.
317 2570 476 2627 Christiani
493 2572 599 2643 quippe
611 2573 805 2630 adorationem
818 2589 881 2645 quae
896 2576 926 2630 in
983 2573 1114 2644 patravit,
1122 2572 1574 2643 obumbrantespropitiatorium,
1585 2573 1730 2629 Christum
1739 2584 1807 2644 prae-

126 2659 210 2727 spiritu
230 2665 258 2715 et
272 2657 540 2730 veritateest(ioun.
565 2661 612 2734 iv),
630 2674 720 2731 neque
740 2661 927 2734 imaginibus,
983 2661 1117 2733 figurans.
1135 2663 1196 2731 lpse
1210 2666 1253 2716 est
1273 2662 1349 2717 enim
1375 2662 1542 2732 propitiatio
1567 2666 1746 2733 peecatorum
1760 2676 1807 2718 no·
1861 2732 1870 2746 Ι

126 2749 304 2818 nquedivinae
315 2748 413 2820 figurae
423 2749 519 2806 crucis
529 2749 670 2820 impartiti
682 2757 750 2807 sunt
759 2771 766 2820 3
776 2752 823 2806 sed
836 2766 928 2823 neque
982 2754 1117 2814 strorum,
1128 2755 1160 2806 ut
1169 2750 1211 2805 ait
1221 2750 1492 2820 divinusapostolus
1501 2749 1530 2821 (l
1539 2753 1617 2805 ioan.
1627 2752 1666 2824 ιι).
1676 2752 1748 2823 Ergo
1756 2764 1805 2822 per

126 2836 263 2894 invisibilis
279 2844 308 2893 et
327 2838 628 2908 incomprehensibilis
645 2845 753 2896 naturae
774 2841 926 2912 imaginem
980 2838 1053 2894 dnus
1074 2853 1118 2895 res
1139 2853 1187 2894 eos
1206 2839 1368 2895 introduxit
1384 2839 1418 2895 ad
1438 2840 1487 2894 bei
1506 2840 1709 2912 cognitionem,
1730 2839 1803 2896 illud

125 2926 381 2998 unquamlecernnt,
398 2928 444 2983 sed
466 2929 622 2984 meandum
636 2930 710 2999 quod
727 2929 847 2985 Verbum
861 2943 927 2985 caro
982 2928 1097 2997 quidem
1112 2928 1233 2983 dicendo
1248 2924 1327 3001 [tum
1341 2925 1417 3002 dic]
1437 2946 1443 2982 :
1461 2931 1605 2983 Dominum
1624 2932 1710 2984 iteum
1729 2933 1807 2982 tuum

125 3010 208 3071 lactum
227 3021 280 3082 est,
301 3022 328 3072 et
345 3015 483 3072 habitavit
498 3017 528 3072 in
549 3016 632 3072 nobis
657 3015 745 3087 (soon.
765 3016 793 3088 r),
812 3032 845 3073 ea
864 3032 927 3088 quae
941 2999 966 3065 C
981 3015 1119 3078 admotis,
1134 3021 1158 3070 et
1174 3013 1605 3088 ipsisoliseroies(Mutth.1v):
1627 3016 1680 3072 hoc
1692 3030 1758 3073 uero
1769 3014 1807 3072 ia-

124 3100 233 3159 humanae
248 3104 474 3174 dispensationis
483 3105 546 3174 eius
563 3111 640 3176 sunt,
657 3105 780 3178 pingunt
790 3112 818 3161 et
829 3106 929 3178 imagi·
981 3103 1083 3160 ciendo
1107 3101 1185 3178 [tum
1214 3103 1287 3179 iac]
1308 3118 1411 3161 aureos
1431 3108 1459 3160 et
1473 3106 1633 3162 conflatiles
1656 3104 1806 3162 cherubim

98 3231 102 3241 .
123 3198 209 3248 cantur
228 3189 421 3267 [imaginibus
439 3191 630 3269 exprimuntl.
655 3195 839 3266 scientesque
858 3197 926 3267 quia
981 3192 1183 3249 obumbrantes
1203 3193 1436 3263 propitiatorium
1451 3191 1547 3264 (deut.
1564 3208 1592 3248 v1
1601 3193 1618 3265 ),
1631 3193 1659 3249 id
1675 3199 1728 3254 est.
1742 3195 1806 3251 ado

122 3281 223 3349 spiritus
233 3284 276 3337 est
291 3282 376 3352 heus,
387 3288 415 3337 et
424 3295 473 3337 eos
485 3283 535 3352 qui
555 3283 675 3339 adorant
689 3297 765 3354 eum,
779 3285 808 3339 in
819 3284 926 3354 spiritu
982 3288 1077 3337 rantes
1093 3282 1164 3337 illud
1176 3301 1182 3335 :
1193 3287 1220 3337 et
1231 3296 1280 3351 per
1297 3282 1436 3337 visionem
1451 3288 1479 3337 et
1488 3282 1619 3338 auditum
1639 3282 1806 3338 sublevabat
1893 3311 1899 3321 ·

121 3373 377 3440 etverxtateoportet
394 3370 523 3441 adorare,
547 3371 742 3427 adorationem
762 3377 790 3426 et
799 3373 928 3428 servitu·
982 3384 1030 3426 eos
1042 3370 1076 3425 ad
1096 3370 1248 3426 Dominum
1265 3370 1353 3426 Deum
1371 3370 1557 3440 adorandum,
1575 3374 1603 3425 et
1619 3371 1672 3426 soli
1688 3371 1733 3426 illi
1749 3384 1806 3426 ser·

121 3461 161 3514 hm
181 3475 243 3531 qnae
262 3474 313 3530 per
334 3459 417 3516 tidem
446 3466 497 3529 est,
524 3460 580 3531 ipsi
606 3461 659 3517 soli
679 3463 746 3532 Deo,
770 3462 820 3531 qui
841 3475 928 3532 super
982 3459 1125 3514 tiendum.
1139 3459 1191 3514 Sed
1208 3458 1256 3513 isti
1274 3458 1456 3528 peruersitate
1469 3456 1583 3527 plenum
1601 3458 1806 3514 hahentessen·

121 3559 198 3605 onnes
211 3549 241 3604 in
253 3548 395 3605 trinitate
411 3548 553 3620 laudatur,
566 3549 698 3605 oderunt.
712 3550 926 3605 Namdivinum
982 3561 1056 3617 sum,
1076 3548 1161 3603 etiam
1183 3547 1371 3617 apostolicum
1395 3546 1504 3602 dictum
1524 3550 1686 3617 proponunt
1708 3547 1807 3616 hujus

122 3639 199 3705 typum
219 3638 317 3694 crucis
336 3643 363 3693 et
387 3638 562 3694 venerabiles
583 3638 721 3710 imagines
735 3639 880 3694 desiderio
900 3645 928 3694 et
983 3638 1079 3693 modi:

123 3725 927 3798 alectudagrantes,seeundumprincipaliumrelationem
1196 3726 1341 3794 drepanio
1362 3726 1501 3795 episcopus
1518 3725 1595 3793 lepti:

124 3814 269 3885 eluamus,
285 3821 313 3870 et
332 3813 540 3870 honorabiliter
560 3815 722 3870 adoramus.
739 3814 815 3870 Vana
832 3815 928 3886 itaque

125 3903 249 3974 dinania,
261 3917 312 3960 seu
326 3903 504 3960 clandestina
517 3900 594 3976 ide,
611 3900 742 3978 inbrma]
755 3904 929 3960 omnimodis
1020 3871 1033 3902 (ι
1049 3853 1084 3905 Et
1097 3855 1326 3905 mmmmm
1346 3850 1461 3918 mmm
1483 3849 1698 3918 mmmmm
1713 3852 1761 3904 Dm
1776 3864 1806 3903 m

985 3959 998 3990 a
1015 3941 1220 3994 similitudinem
1233 3941 1360 4007 imopinis
1376 3939 1559 4008 corruptibilis
1574 3938 1707 3992 hominis:
1722 3942 1747 3992 et
1759 3953 1807 3992 co-

127 3997 188 4088 ²fq¹¹⁰
206 3994 281 4049 lem
302 4006 401 4048 emm
421 3992 610 4063 e¹⁰q¹¹¹³⁰⁸⁵⁰
632 3996 828 4094 ⁰J⁰¹¹⁸ts²¹¹fms
846 4007 863 4049 ³
878 4006 929 4094 Ye’
985 4031 1134 4097 elueruut,
1151 4035 1176 4084 ct
1186 4032 1337 4084 servierunt
1351 4033 1483 4083 menturae
1494 4030 1675 4098 potiusquam
1686 4027 1807 4083 Creatori

129 4082 447 4153 rihte,quemadmodum
459 4086 597 4137 etcaeteru
616 4081 709 4138 altena
721 4095 738 4137 a
751 4087 854 4152 pretate
879 4095 930 4137 ru·
985 4116 1104 4189 „fflm
1128 4118 1164 4190 ι).
1186 4120 1220 4172 E,
1243 4132 1359 4174 rursus,
1383 4119 1418 4171 E,
1436 4119 1461 4170 s,
1477 4131 1635 4170 noveramus
1659 4116 1807 4171 secundum

130 4164 273 4243 ¹⁸¹¹¹beflt⁰⁸s
289 4175 392 4227 ³¹⁰⁰&
985 4227 998 4259 i
1015 4224 1122 4263 curnem
1137 4207 1282 4278 Clutstum,
1300 4207 1348 4261 scd
1361 4221 1434 4259 nuuc
1446 4206 1507 4274 jam
1525 4221 1580 4259 uon
1594 4206 1716 4259 uooimus
1727 4221 1806 4264 eum:

315 4280 458 4346 Gildffl‘lli
475 4280 614 4348 ediscimus
635 4279 714 4347 ledit:
764 4335 768 4339 ,
826 4348 836 4356 ,
986 4313 1068 4368 iper
1101 4297 1180 4366 fidem
1208 4299 1279 4350 enim
1311 4295 1494 4357 ambulamus,
1526 4309 1580 4347 nott
1606 4309 1659 4363 per
1693 4296 1807 4364 speciem

157 4386 210 4440 «nt
223 4386 252 4442 in
272 4385 366 4442 Veteri
386 4387 564 4442 Testamento
578 4388 691 4443 dicente
711 4389 745 4444 ad
761 4391 883 4460 Moysen
903 4396 931 4448 et
986 4407 999 4438 u
1017 4389 1061 4457 (ll
1072 4388 1131 4442 Cor.
1144 4400 1160 4440 v
1168 4387 1191 4457 )·
1208 4387 1242 4442 Et
1264 4385 1361 4441 eodem
1385 4383 1574 4454 approbanter
1594 4383 1722 4438 dicente:
1735 4385 1806 4450 Eupo

135 4471 180 4528 ml
201 4475 356 4546 populum:
387 4477 447 4532 Non
468 4479 552 4543 socies
572 4477 675 4531 tibimet
703 4478 817 4541 idolum,
843 4495 930 4549 neque
985 4478 1081 4548 »fidu
1102 4493 1136 4531 ee
1158 4476 1267 4538 auditu,
1292 4474 1404 4528 auditus
1425 4477 1515 4527 autem
1538 4487 1590 4543 per
1616 4471 1733 4526 Verbum
1757 4473 1807 4526 Dei

136 4573 241 4618 iconem
264 4564 481 4627 similitudinem,
501 4580 668 4635 quaecuuque
686 4569 716 4620 t‘n
734 4569 796 4622 coelo
810 4585 928 4635 sursum,
986 4567 1098 4639 efflom.
1111 4565 1182 4640 xl.»

74 4678 76 4683 ·
136 4655 342 4724 ietquicunque
362 4656 392 4707 in
406 4658 480 4708 tetro
495 4655 619 4709 deorsum
631 4653 717 4726 (licut.
734 4656 778 4730 v):
796 4672 830 4714 eo
852 4662 927 4730 quod

137 4746 145 4776 t
161 4736 181 4794 ln
191 4750 278 4800 moute
287 4745 323 4800 de
335 4744 428 4799 medio
440 4743 517 4816 ignis
527 4745 779 4803 vocemverborum
788 4763 837 4805 vos
849 4752 930 4807 audi·

74 4892 77 4907 Ι
137 4837 145 4866 r
158 4828 232 4904 xistis,
246 4840 273 4890 et
283 4833 508 4891 similitudinem
520 4849 576 4893 non
586 4836 713 4906 vidistis,
726 4838 774 4892 sed
786 4852 891 4896 vocem.
914 4860 927 4892 i>

1172 4690 1344 4761 Epiphanius
1369 4689 1499 4743 diaconus
1527 4687 1609 4754 lepit:

1020 4801 1114 4858 Palam
1129 4797 1281 4856 dicendum
1291 4801 1343 4865 est,
1356 4795 1489 4866 quiaipsi
1500 4792 1657 4865 comparati
1668 4799 1809 4868 suntgen-

985 4893 1073 4963 tibus,
1086 4904 1148 4962 quae
1158 4885 1528 4956 commutaveruntgloriam
1539 4884 1600 4948 liei,
1610 4891 1638 4940 et
1646 4886 1808 4941 servierunt

74 5024 76 5033 ,
315 4961 715 5032 Eptpbouiusdioeonusteptt:
985 4989 1122 5040 creaturae
1137 4977 1234 5049 potius
1247 4988 1331 5046 quam
1341 4973 1701 5042 Creatori,commutantes
1710 4981 1737 5031 et
1748 4987 1808 5044 per

74 5062 79 5132 l
157 5063 931 5146 dinooccasionemimpietatisattrahunt,quasipueros
985 5061 1805 5134 vertentessensusapostolicosseeundumsuadesideria.

74 5136 77 5196 9
134 5148 282 5216 Christianos
293 5158 521 5228 sophismatibus
534 5161 596 5216 suis
605 5167 788 5231 portentuosa
800 5166 932 5223 rabiein-
985 5165 1054 5217 Nam
1066 5155 1315 5215 omnibnscertum
1325 5156 1377 5221 est,
1390 5151 1459 5221 quia
1467 5165 1591 5225 paganos
1603 5151 1724 5208 irridere
1734 5150 1812 5206 vide·

132 5237 326 5303 lereniuntes.
337 5247 411 5316 Quia
419 5247 457 5320 igi
463 5249 541 5304 tursi
550 5245 680 5322 per[dr.,
690 5252 776 5309 veluti
788 5253 863 5310 larva
871 5261 932 5311 ter·
986 5260 1034 5309 tur
1046 5247 1208 5318 Apostolus,
1220 5243 1361 5299 dicendo:
1378 5241 1614 5297 dommutooerunt
1628 5243 1744 5310 plotium
1759 5242 1809 5294 in-

130 5330 320 5407 rihutes,quod
329 5337 355 5391 si
368 5333 430 5410 per]
442 5337 600 5409 imaginum
610 5339 795 5409 scriptionem
806 5342 891 5400 habes
900 5345 929 5401 in
985 5337 1169 5408 corruptibilis
1177 5336 1226 5389 liei
1232 5335 1261 5387 iu
1271 5332 1478 5387 similitudinem
1485 5333 1613 5399 imopinis
1624 5328 1808 5398 corruptibilis

126 5426 614 5495 conmemorationemdhristum,vel
627 5435 740 5485 sanctos
750 5431 822 5502 ejus,
831 5432 859 5487 in
873 5433 931 5490 ido
985 5430 1109 5484 hominis.
1123 5424 1210 5481 lnlert
1222 5423 1314 5480 enim:
1329 5426 1355 5476 et
1365 5423 1514 5483 volucrum,
1523 5425 1549 5475 ei
1561 5417 1770 5489 quadrupedum
1784 5417 1809 5468 et

123 5509 249 5571 lolatriam
259 5514 410 5571 dilaberis.
426 5515 600 5588 omnemque
612 5517 642 5574 hi
654 5517 742 5576 sortes
755 5520 930 5590 injustitiam
985 5519 1149 5587 serpentium
1157 5513 1240 5586 (Rom.
1253 5528 1261 5568 1
1275 5513 1301 5586 l:
1316 5512 1383 5569 licet
1394 5511 1450 5582 ipsi
1463 5509 1660 5566 fraudulenter
1669 5508 1807 5574 integram
