3876 6090
386 222 403 247 '
492 218 689 275 cfluorttcort
707 217 906 276 sebastiam
924 220 1134 276 SdlibidelC.
1156 224 1207 278 ΕΡ.
1634 224 1705 284 4448

105 354 251 399 armorum
277 345 306 397 et
339 343 448 399 ossium
481 356 579 402 eorum
611 345 1702 427 44444444444444Α8444444444,4444444444,444444444454144444444444444,

92 429 204 487 444.Ν44
217 431 294 488 istud
310 432 481 490 miraculum
495 434 579 491 inane
595 440 645 491 aut
660 434 823 493 fabulosum
879 436 1018 509 Amaiam,
1045 441 1267 509 Septemancam,
1297 440 1413 511 bucam,
1445 442 1599 515 Velegiam,
1633 445 1704 502 Ala-

92 520 172 577 seed
182 521 370 576 recordamini
380 522 506 593 quiaqui
517 523 825 596 iuliubromariAEgy-
879 527 1004 597 bonsem,
1028 528 1185 584 blirondam
1206 539 1228 592 t,
1261 528 1461 602 debendecam,
1488 531 1700 603 carbonariam,

100 609 232 667 lsraelem
261 617 463 682 persequentes
499 614 646 684 demersit,
676 615 737 685 ipse
772 615 824 672 lios
878 616 1021 688 bbeicam,
1040 616 1703 692 44444444,4444444444,414444444444444444

92 714 106 756 4
125 699 278 756 Ecclesiam
305 701 420 756 Domini
446 709 656 775 persequentes,
684 704 823 760 immensa
877 704 1043 776 ydlesanco
1062 719 1095 761 en
1112 708 1139 762 la
1154 706 1235 776 iiioja
1246 708 1264 777 l,
1275 705 1420 775 Ortonam,
1440 707 1582 777 Cluuiam,
1597 709 1704 781 argan-

92 788 189 845 emole
199 789 351 859 oppressit.
877 792 957 862 tiam,
969 792 1078 863 Septem
1094 794 1249 866 publicam,
1264 795 1510 866 exceptisCastris
1521 795 1528 832 l
1539 809 1603 851 cuin
1618 796 1703 853 Villis

92 878 140 933 Pei
154 877 228 933 idem
246 883 358 950 tempus
370 880 400 934 in
416 881 469 937 bac
481 882 597 954 regione
607 881 821 938 dstuiienstum
876 880 1018 937 etviculis
1032 883 1112 937 suis:
1131 896 1229 953 omnes
1250 898 1364 954 quoque
1389 883 1497 940 drabes
1512 889 1704 953 occupatores

92 965 169 1024 ritate
194 968 320 1040 Gegione
352 971 523 1041 praepositus
536 971 733 1029 Chaldaeorum
762 977 823 1028 erat
878 969 1108 1040 supradictarum
1130 973 1281 1029 civitatum
1306 973 1493 1045 interficiens,
1523 973 1703 1030 Christianos

92 1069 113 1113 ie
130 1057 263 1128 blunuza,
278 1058 328 1128 qui
350 1063 472 1117 blunuza
491 1074 611 1118 unuscii
627 1069 752 1132 quatuor
772 1064 823 1119 du·
877 1072 971 1114 secum
985 1058 1019 1115 ad
1034 1060 1154 1129 patriam
1167 1061 1259 1117 duxit.

92 1141 296 1217 totiquiprius
311 1157 326 1188 4
341 1149 714 1221 dispaniosoppiesscrum.
726 1153 822 1222 ltaque
914 1145 956 1204 lt.
979 1148 1020 1204 Eo
1044 1152 1169 1220 tempore
1189 1149 1362 1221 populantur
1386 1150 1553 1224 Primorias,
1581 1152 1701 1224 Lobana,

92 1233 315 1292 internecionem
338 1237 482 1315 exercitus
503 1239 597 1310 gentis
619 1253 678 1295 suae
706 1252 823 1310 compe-
876 1235 1055 1307 Transmera,
1089 1237 1239 1307 supporta,
1268 1238 1416 1309 Carranza,
1456 1239 1610 1295 Barduliai
1640 1256 1703 1312 quae

106 1321 208 1380 relicta
219 1324 393 1397 urbetugam
408 1327 550 1397 arripuit:
569 1341 692 1399 cumque
703 1328 822 1384 Astures
877 1325 1250 1398 nuncappeltoturcasttta,
1266 1331 1295 1382 et
1309 1340 1373 1397 pars
1392 1328 1536 1384 maritima
1549 1326 1700 1397 Gallaecia,

92 1416 199 1483 pentes
219 1427 295 1485 eum,
319 1415 348 1471 in
373 1414 436 1472 loco
459 1416 603 1473 Olaliense
636 1418 818 1487 reperissent,
876 1412 973 1484 Burgi.
989 1414 1075 1469 Ataia
1100 1427 1222 1485 namque
1248 1415 1376 1487 l'izraya,
1397 1417 1513 1488 alaone,
1529 1417 1702 1474 etUrdunia

101 1514 166 1559 cuin
187 1503 315 1560 exercitu
330 1518 383 1560 suo
398 1519 461 1561 eum
474 1505 571 1576 gladio
587 1505 765 1578 deleverunt,
782 1506 822 1561 ita
876 1515 892 1557 a
914 1501 976 1558 suis
1004 1501 1109 1558 incolis
1135 1504 1318 1573 reperiuntur
1332 1519 1444 1575 semper
1468 1519 1529 1562 esse
1555 1519 1701 1577 possessa,

92 1604 180 1648 unum
190 1592 388 1649 Cbaldaeorum
402 1595 478 1651 intra
489 1595 610 1665 Pyrinaei
623 1599 722 1665 portus
735 1608 822 1651 rema·
878 1589 954 1646 sicut
966 1591 1155 1661 Pampiionia,
1167 1593 1272 1665 begins
1282 1598 1325 1650 est
1334 1598 1420 1665 atque
1434 1594 1450 1637 k
1464 1596 1591 1652 Berroia.
1604 1598 1702 1666 ltaque

106 1681 186 1737 Tunc
207 1682 321 1737 demum
347 1683 473 1740 fidelium
489 1690 681 1757 aggregantur
694 1684 818 1757 agmina,
836 1678 863 1739 Β
879 1682 1064 1750 supradictos
1077 1682 1237 1740 adefonsus
1251 1684 1403 1741 admodum
1419 1685 1620 1758 magnanimus
1634 1683 1700 1756 44444,

92 1776 172 1827 intur
195 1772 305 1842 patria,
328 1778 527 1830 restaurantur
547 1774 734 1830 eeclesiae:et
753 1779 822 1830 tunc
877 1771 941 1827 sine
963 1769 1119 1827 offensione
1142 1786 1208 1844 erga
1237 1774 1324 1829 Deum
1354 1778 1382 1830 et
1413 1774 1579 1844 Ecclesiam,
1604 1777 1633 1830 et
1655 1772 1703 1829 vi-

92 1860 141 1917 .in
160 1863 306 1918 communi
328 1865 437 1935 gratias
460 1862 597 1935 referunt,
617 1865 763 1921 dicentes:
777 1865 822 1920 Sit
877 1865 934 1916 tam
960 1850 1063 1917 me'rito
1086 1861 1284 1917 immitabilem
1300 1862 1306 1899 ¹
1323 1864 1416 1920 duxit.
1443 1864 1581 1920 Basilicas
1605 1864 1703 1934 plures

92 1951 228 2008 ibomiiii
239 1951 431 2022 benedictum,
445 1954 496 2024 qui
510 1952 654 2009 confortat
671 1954 701 2009 in
720 1967 750 2009 sc
764 1967 822 2009 cre-
876 1950 1049 2022 construiiit,
1062 1956 1090 2006 et
1105 1951 1285 2007 instauravit.
1302 1953 1441 2023 Regnavit
1452 1966 1544 2009 annos
1552 1967 1637 2009 iiviri.
1655 1953 1703 2008 lli-

92 2057 104 2111 i,
131 2045 160 2097 et
179 2041 214 2097 ad
238 2041 363 2098 nibilum
396 2043 514 2099 deducit
540 2042 686 2114 improbas
712 2047 819 2115 gentes.
877 2044 933 2094 tam
948 2039 1071 2095 feliciter
1086 2040 1115 2096 in
1127 2055 1194 2111 pace
1209 2042 1318 2097 finivit:
1333 2043 1522 2113 sepultusque
1533 2056 1599 2098 cum
1613 2055 1702 2098 uxore

93 2144 129 2186 us
149 2135 213 2200 post
236 2143 343 2187 nonum
364 2131 507 2188 decimum
537 2133 617 2204 regni
640 2132 687 2188 sui
714 2145 821 2187 anuum
876 2142 927 2185 sua
941 2129 1038 2201 regina
1052 2131 1219 2186 Ermesinda
1234 2130 1538 2205 interritorioCangas
1552 2131 1583 2188 in
1598 2143 1701 2188 mona-

92 2223 178 2291 etum,
205 2221 321 2291 propria
357 2225 448 2278 morte
474 2222 606 2293 decessit,
631 2227 660 2278 et
691 2222 822 2292 sepultus
876 2218 964 2273 sterio
975 2218 1004 2273 S.
1019 2218 1192 2275 biariaeiuit.

92 2320 166 2365 ixore
180 2324 231 2366 sua
247 2310 392 2367 Gaudiosa
416 2311 514 2384 regina
542 2311 690 2368 territorio
713 2312 822 2383 Gangas
912 2306 955 2364 44.
970 2309 1027 2365 Nec
1043 2308 1095 2365 boc
1112 2310 1284 2379 stupendum
1298 2309 1470 2367 miraculum
1487 2310 1702 2381 praetermitten-

92 2397 163 2456 lesia
177 2402 281 2454 sancta
293 2399 413 2455 Eulaliae
423 2400 458 2455 de
471 2400 607 2471 l'elopuio
618 2399 685 2472 tuit,
699 2413 755 2456 ara
767 2396 822 2456 775
875 2399 944 2454 dum
963 2404 1015 2470 est,
1028 2399 1104 2470 quod
1120 2399 1188 2455 liora
1203 2399 1391 2456 discessionis
1406 2407 1425 2436 '⁰
1452 2401 1515 2470 ejus
1539 2400 1701 2457 certissime

92 2483 156 2560 st).
875 2493 970 2545 actum
980 2492 1038 2545 est:
1050 2503 1114 2544 uam
1127 2503 1192 2544 cum
1214 2489 1350 2559 spiritum
1363 2489 1508 2547 emisisset
1524 2491 1700 2561 intempesta

342 2579 473 2635 Farina.
877 2579 971 2636 noctis
984 2578 1111 2643 silentio,
1137 2583 1165 2634 et
1183 2579 1310 2635 excubia
1326 2579 1460 2650 palatina
1476 2579 1702 2651 diligentissime

92 2684 185 2742 77777,
211 2687 274 2755 eju,
298 2687 384 2743 pagg,
410 2687 440 2743 7,,
466 2701 552 2760 ,3300
578 2688 729 2758 successit,
769 2688 820 2759 qui
876 2667 1078 2738 corpusiliius
1093 2667 1286 2732 observarent,
1306 2667 1404 2725 subito
1418 2669 1447 2725 iii
1467 2667 1701 2743 aereauditura

92 2789 113 2831 q·
127 2776 298 2846 paucitatem
314 2778 451 2848 temporis
464 2778 539 2833 1,th
556 2777 686 2834 hisggsiae
700 2777 821 2849 ,pignum
876 2757 989 2813 cunctis
1003 2757 1213 2814 excubantibus
1236 2771 1288 2814 vox
1304 2758 1470 2830 augelorum
1497 2757 1699 2829 psallentium:

92 2863 208 2935 >uadem
219 2867 369 2923 occasione
382 2868 512 2923 ievivatis
525 2867 560 2922 ab
572 2881 639 2923 urso
654 2867 821 2923 interiectus
875 2849 942 2902 ⁸⁶⁰⁶
963 2848 1095 2918 4404740440
1122 2848 1344 2918 4044444νί444,
1374 2853 1398 2903 44
1421 2863 1497 2903 belm
1526 2847 1700 2916 4044ῑᾶ44444

92 2968 130 3013 ,10
145 2956 225 3028 regni
237 2957 284 3012 sui
301 2959 436 3028 secundo,
453 2964 481 3013 eg
494 2956 626 3027 sepultus
647 2970 712 3012 cum
733 2970 821 3013 uxore
875 2941 900 2990 44
917 2936 1056 3003 oari'jurti·
1069 2937 1213 2998 tolluntur,
1229 2940 1255 2989 et
1268 2952 1344 2991 nmmo
1358 2938 1473 3007 percipit
1494 2937 1589 2991 eorde:
1602 2952 1620 2990 a
1631 2936 1702 3004 tacte

92 3042 163 3115 3122
177 3041 192 3085 u
204 3045 321 3102 gal-opem
344 3046 492 3102 7,,,770770
513 3046 622 3116 Gangas
647 3044 676 3100 7,,
701 3045 822 3100 ecclesia
836 3001 861 3063 C
876 3025 1032 3093 iniquitatis
1045 3025 1170 3078 sillictus
1183 3028 1222 3077 est
1234 3024 1340 3092 justus,
1355 3027 1406 3078 erit
1425 3027 1455 3077 iii
1472 3040 1539 3093 poce
1559 3025 1701 3093 sepultura

92 3131 229 3206 ,0770737
246 3149 331 3205 quam
344 3136 405 3206 ipse
416 3136 590 3202 construxit,
606 3133 674 3206 7,,777
687 3147 743 3190 aeffl
757 3131 819 3190 777Ι
876 3115 945 3182 ejus.
955 3114 1012 3170 iioc
1026 3127 1122 3169 verum
1137 3125 1199 3169 esse
1210 3125 1328 3182 prorsus
1344 3113 1517 3183 cognoscite,
1542 3126 1593 3167 nec
1614 3110 1702 3167 tabu-

876 3201 969 3259 losum
981 3202 1091 3259 dictum
1109 3201 1230 3271 putetis:
1248 3200 1379 3271 alioquin
1399 3206 1491 3256 tacere
1506 3200 1597 3271 magis
1608 3199 1702 3270 elige-

876 3306 946 3364 rem,
962 3304 1047 3363 quam
1068 3290 1140 3348 taisi
1160 3303 1289 3362 promere
1302 3290 1478 3346 maluissem.
1491 3290 1556 3345 AEra
1567 3286 1622 3345 795
1633 3287 1697 3359 (un.

93 3364 160 3423 Post
179 3366 296 3422 i'asslani
318 3367 468 3424 interitum
484 3367 667 3427 ildefonsusc
682 3367 823 3424 successit
874 3379 953 3454 757),

92 3467 162 3513 iiuui
173 3474 180 3510 :
193 3456 238 3512 vir
253 3469 361 3528 magua
371 3457 500 3530 virtutis,
513 3458 593 3516 tilius
607 3459 682 3515 Petri
691 3459 776 3515 ducis
788 3471 822 3513 eii
957 3478 961 3483 ·
1226 3449 1360 3508 FROILA·

92 3545 302 3617 ebeuvegildi,
331 3551 359 3601 et
385 3547 536 3603 Reccaredi
564 3563 661 3620 regum
685 3547 823 3620 progeni·
914 3541 956 3600 46.
979 3545 1046 3600 Post
1067 3541 1203 3600 adefonsi
1229 3542 1389 3599 discessum
1414 3539 1510 3596 Froila
1536 3538 1615 3595 tilius
1637 3537 1700 3608 ejus

92 3634 229 3704 Tempore
239 3648 337 3706 regum
352 3637 471 3707 Egicani
489 3642 517 3693 ct
533 3638 672 3694 Witizani
690 3638 824 3709 princeps
877 3633 1017 3692 successit
1027 3632 1056 3688 in
1071 3645 1199 3703 regnum.
1213 3631 1264 3686 iiic
1279 3629 1324 3685 vir
1340 3635 1433 3686 mente
1446 3634 1474 3686 44
1485 3628 1575 3684 armis
1588 3625 1701 3683 acerri-

92 3720 195 3794 444444,
208 3724 259 3795 qui
272 3739 337 3780 cuin
354 3726 446 3798 gratia
468 3727 566 3782 divina
592 3727 672 3799 regni
696 3727 825 3798 suscepit
878 3738 942 3779 mus
967 3720 1039 3778 tuit:
1063 3721 1200 3777 victorias
1227 3719 1333 3776 multas
1359 3718 1419 3790 egit
1432 3718 1568 3773 adversus
1592 3714 1701 3772 bostem

92 3812 256 3869 abrahum
267 3828 342 3885 saepe
361 3815 439 3872 abeo
450 3814 508 3873 suit
519 3800 821 3888 audaciaoompressa
877 3809 1096 3868 cordubensem.
1113 3812 1145 3866 ln
1160 3808 1222 3865 loco
1238 3808 1288 3879 qui
1304 3812 1421 3864 vocatur
1443 3805 1593 3861 Pontumio
1605 3814 1619 3842 ³
1632 3816 1703 3874 pro-

92 3907 186 3959 uauta
208 3904 317 3976 gratia,
333 3905 375 3960 vel
399 3906 525 3978 virtutis,
541 3912 627 3977 atque
640 3905 823 3962 auctoritatis
877 3901 980 3957 vinciae
988 3899 1129 3957 Gallaecia
1144 3897 1296 3968 praeliavit,
1312 3907 1418 3966 eosque
1433 3891 1704 3965 expugnatosquin·

92 4030 97 4062 ,
118 3990 323 4062 subsequentia
343 3998 405 4048 acta
418 3995 573 4050 declarant.
594 3994 685 4050 Simul
702 4006 824 4064 namque
879 3991 1014 4064 quaginta
1024 3984 1454 4059 quatuormilliaCbaldaeorum
1465 3982 1703 4056 interiecit3quo·

92 4084 166 4136 ratre
185 4095 238 4137 suo
253 4082 384 4138 Froilane
400 4084 490 4139 muita
514 4083 651 4139 adversus
669 4084 824 4140 Saracenos
878 4095 939 4138 rum
955 4080 1056 4135 ducem
1075 4076 1293 4144 adolescentem,
1308 4074 1423 4130 nomine
1448 4074 1591 4147 iiammar,
1608 4072 1700 4129 tilium

92 4184 98 4224 i
111 4169 211 4244 gessit,
227 4176 313 4242 atque
329 4173 470 4243 plurimas
482 4172 615 4229 civitates
639 4173 674 4228 ab
696 4173 739 4228 eis
754 4173 823 4229 olim
876 4171 912 4226 de
926 4168 1118 4226 abderraman
1135 4164 1208 4219 ibem
1222 4164 1339 4234 hiscem,
1351 4167 1465 4233 captum
1477 4163 1506 4217 in
1520 4162 1617 4218 eodem
1628 4160 1700 4231 ioco,

92 4271 148 4316 ssas
162 4260 248 4331 cepit,
261 4261 290 4317 id
303 4269 356 4332 est,
369 4264 486 4332 Lucum,
499 4264 617 4333 Tudem,
633 4262 823 4334 Portucaiem,
878 4259 974 4333 gladio
988 4256 1176 4313 ⁰interemitr
1191 4255 1349 4311 .Vaseoncs
1362 4251 1532 4307 rebellantes
1543 4250 1700 4321 superavit,

92 4360 157 4420 ram,
170 4349 429 4421 bietropolitanom,
446 4352 571 4423 viseum,
588 4351 729 4424 itavisse,
745 4351 864 4423 liga-1)
878 4354 964 4420 atque
984 4345 1123 4404 edomuit.
1144 4343 1272 4400 btuniam
1293 4340 1445 4412 quamdam
1462 4337 1702 4395 adolescentulam

92 4442 246 4511 alesmum,
260 4440 491 4513 salamanticam,
515 4442 671 4512 zamoram,
692 4440 821 4513 libelam,
877 4452 911 4494 eii
926 4440 1084 4495 Vasconum
1098 4436 1191 4507 prada
1207 4431 1262 4489 sibi
1281 4430 1388 4487 servari
1404 4428 1584 4500 precipiens,
1607 4428 1703 4497 postea

92 4548 143 4603 test
154 4546 229 4616 apud
247 4548 327 4620 Berg.
339 4550 427 4618 priris.
912 4547 922 4602 J'
937 4546 984 4602 Sic
995 4546 1077 4612 44444,
1090 4545 1150 4600 Ber.
1169 4546 1197 4598 et
1210 4543 1270 4597 Fer.
1285 4538 1439 4595 Bardulies.

92 4619 369 4688 iestapodeumdem
384 4622 448 4689 uoq.
911 4616 1080 4674 ksaodoval
1096 4617 1259 4670 dictumest.
1408 4682 1414 4692 7
1524 4678 1530 4690 7
1671 4677 1676 4689 7

92 4701 139 4762 arg.
153 4691 323 4759 Adetonsus,
347 4694 396 4761 qui
424 4693 527 4747 dicitur
554 4692 718 4754 Gutbolicus,
743 4693 820 4750 Feri.
912 4691 975 4749 ¹ita
987 4688 1056 4744 4444.
1073 4691 1101 4743 44
1124 4686 1185 4769 cod.
1211 4684 1244 4738 ii.
1260 4685 1320 4740 Ber.
1343 4682 1489 4751 glareosum
1501 4682 1587 4732 vitum
1607 4681 1703 4733 metato

93 4761 164 4815 citio
175 4778 301 4830 mugnus.
319 4763 398 4819 Nihil
411 4765 466 4819 tate
481 4763 554 4833 apud
571 4766 639 4819 blar-
654 4768 683 4818 et
694 4764 785 4820 Perez.
877 4758 1069 4819 inimitabilem
1083 4759 1173 4813 duait.
1187 4828 1192 4839 7

92 4831 114 4886 44
128 4838 252 4905 tempore
263 4835 339 4906 regis
354 4835 471 4906 tigicani
483 4835 615 4905 princeps
629 4834 742 4891 militiae
755 4834 822 4906 tuit,
914 4843 935 4872 ¹⁰
948 4835 1028 4903 Berg.
1043 4831 1214 4911 decessionis.

92 4909 151 4960 erat
159 4905 306 4976 aldetonsi,
321 4919 377 4962 non
393 4906 482 4976 tilius,
495 4911 526 4960 ut
538 4919 573 4961 eii
593 4910 675 4962 aetate
695 4911 822 4976 apparet.
914 4919 926 4946 r
941 4907 1034 4974 Peren,
1049 4901 1197 4957 Pontia'oao.
1387 4967 1392 4980 .

92 4987 117 5045 444
136 4974 303 5048 legendum:
319 4979 479 5046 progenitus
502 4978 568 5046 (qui
589 4984 706 5047 tempore
730 4993 825 5045 regum
913 4973 1109 5043 ⁰Dcestapud
1126 4972 1294 5051 Bergannam
1313 4966 1416 5049 gladio.
1473 5034 1479 5048 7
1662 5035 1669 5047 7

92 5047 114 5099 ai
127 5052 153 5102 et
174 5050 301 5104 witisooi
312 5051 440 5118 princeps
458 5050 648 5116 aiiiliti'aetui't)
660 5063 720 5103 cuin
731 5051 823 5117 gratio
915 5047 996 5103 viiic
1020 5043 1127 5101 naenias
1152 5054 1220 5097 suas
1239 5042 1357 5095 intrusit
1388 5035 1519 5120 Pelagius
1539 5035 1702 5093 Ovetensis:

92 5130 170 5174 maoz
180 5118 253 5173 Adlc
267 5136 316 5173 ms.
881 5141 895 5173 i
915 5120 973 5174 Reii
984 5114 1115 5189 (inquit)
1130 5114 1184 5170 iste
1202 5111 1397 5181 episcopatum
1411 5112 1566 5165 moretum
1583 5112 1706 5163 transtu·

95 5192 190 5247 cbiar.
208 5199 236 5246 et
248 5192 310 5246 cod.
323 5190 381 5246 Alii
392 5192 524 5246 Plautum.
880 5191 946 5248 lita
963 5187 1082 5247 bucensi
1110 5185 1243 5266 civitate,
1266 5195 1330 5253 quie
1344 5185 1388 5236 est
1414 5180 1444 5236 in
1463 5179 1601 5260 asturiis,
1626 5181 1655 5231 et
1668 5174 1704 5230 ab

92 5262 244 5331 ipradicit
261 5263 342 5318 codd,
360 5269 388 5317 et
404 5264 533 5319 Perieras
543 5263 622 5333 Berg.
639 5263 768 5318 doulam.
879 5260 1032 5319 Wandaiis
1045 5257 1184 5315 aediticata
1202 5254 1268 5322 tuit,
1282 5272 1295 5304 »
1312 5259 1344 5310 ut
1357 5251 1431 5322 apud
1449 5247 1704 5329 sandovaliuffli,et

92 5333 285 5389 4444444434.
880 5336 940 5391 Ber.
964 5332 1095 5406 legimus.
1119 5328 1206 5383 Vacat
1228 5332 1321 5382 tamen
1348 5324 1411 5380 eod.
1440 5322 1524 5380 Gotii.
1548 5319 1703 5398 soriensis,

93 5418 109 5460 c
123 5406 234 5460 blanel
248 5405 309 5461 cod.
325 5404 391 5476 lieg.
412 5405 631 5473 4144444444,
647 5403 787 5461 Adaeum.
880 5420 937 5477 quo
961 5403 1088 5461 biariaua
1102 5399 1160 5456 44444
1179 5414 1261 5469 usus,
1277 5398 1353 5453 sicut
1365 5400 1394 5451 et
1407 5393 1469 5449 cod.
1496 5392 1561 5460 Reg.
1586 5384 1659 5442 urbi.
1675 5390 1704 5440 et

93 5491 135 5550 rg.
158 5477 276 5545 sareptis
297 5478 400 5531 cunctis
425 5478 532 5531 castris.
558 5476 618 5531 Fer.
652 5479 769 5548 exceptis
791 5493 825 5532 ea
880 5475 1053 5546 exemplaria
1068 5473 1104 5528 cl.
1118 5472 1152 5526 V.
1173 5472 1251 5527 loan.
1267 5469 1332 5539 Bap.
1346 5468 1437 5524 Perea.

92 5549 222 5605 icastris.

175 3258 375 3316 ADEFONSUS
396 3263 406 3317 l
426 3257 623 3334 (Gutlioli'cus).
