<?xml version="1.0" encoding="UTF-8"?>
<!DOCTYPE html PUBLIC "-//W3C//DTD XHTML 1.0 Transitional//EN"
    "http://www.w3.org/TR/xhtml1/DTD/xhtml1-transitional.dtd">
<html xmlns="http://www.w3.org/1999/xhtml" xml:lang="en" lang="en">
 <head>
  <title>
</title>
<meta http-equiv="Content-Type" content="text/html;charset=utf-8" />
  <meta name='ocr-system' content='tesseract 3.04.00' />
  <meta name='ocr-capabilities' content='ocr_page ocr_carea ocr_par ocr_line ocrx_word'/>
</head>
<body>
  <div class='ocr_page' id='page_1' title='image "./patrologiaecurs06migngoog/patrologiaecurs06migngoog_0128.png"; bbox 0 0 3876 6090; ppageno 0'>
   <div class='ocr_carea' id='block_1_1' title="bbox 127 256 188 320">
    <p class='ocr_par' dir='ltr' id='par_1_1' title="bbox 127 256 188 320">
     <span class='ocr_line' id='line_1_1' title="bbox 127 256 188 320; baseline 0 0"><span class='ocrx_word' id='word_1_1' title='bbox 127 256 188 320; x_wconf 74' lang='lat' dir='ltr'><strong>sis</strong></span> 
     </span>
    </p>
   </div>
   <div class='ocr_carea' id='block_1_2' title="bbox 530 251 1443 322">
    <p class='ocr_par' dir='ltr' id='par_1_2' title="bbox 530 251 1443 322">
     <span class='ocr_line' id='line_1_2' title="bbox 530 251 1443 322; baseline -0.019 1"><span class='ocrx_word' id='word_1_2' title='bbox 530 260 808 322; x_wconf 68' lang='lat' dir='ltr'><strong>maroniano</strong></span> <span class='ocrx_word' id='word_1_3' title='bbox 824 256 950 319; x_wconf 75' lang='lat' dir='ltr'><strong>sidoni</strong></span> <span class='ocrx_word' id='word_1_4' title='bbox 967 252 1015 313; x_wconf 83' lang='lat' dir='ltr'><strong>vil</strong></span> <span class='ocrx_word' id='word_1_5' title='bbox 1033 251 1276 312; x_wconf 67' lang='lat' dir='ltr'><strong>suolenhus-</strong></span> <span class='ocrx_word' id='word_1_6' title='bbox 1293 251 1394 312; x_wconf 75' lang='lat' dir='ltr'><strong>uculo</strong></span> <span class='ocrx_word' id='word_1_7' title='bbox 1409 253 1443 308; x_wconf 92' lang='lat' dir='ltr'><strong>ii.</strong></span> 
     </span>
    </p>
   </div>
   <div class='ocr_carea' id='block_1_3' title="bbox 164 378 1840 467">
    <p class='ocr_par' dir='ltr' id='par_1_3' title="bbox 164 378 1840 467">
     <span class='ocr_line' id='line_1_3' title="bbox 164 378 1840 467; baseline -0.003 -18"><span class='ocrx_word' id='word_1_8' title='bbox 164 391 332 451; x_wconf 85' lang='lat' dir='ltr'><strong>Theodorus</strong></span> <span class='ocrx_word' id='word_1_9' title='bbox 358 391 561 451; x_wconf 78' lang='lat' dir='ltr'><strong>sanctissimus</strong></span> <span class='ocrx_word' id='word_1_10' title='bbox 585 392 739 467; x_wconf 87' lang='lat' dir='ltr'><strong>episeopus</strong></span> <span class='ocrx_word' id='word_1_11' title='bbox 757 391 848 465; x_wconf 81' lang='lat' dir='ltr'><strong>hhydi</strong></span> <span class='ocrx_word' id='word_1_12' title='bbox 871 378 997 447; x_wconf 78' lang='lat' dir='ltr'><strong>simi-A</strong></span> <span class='ocrx_word' id='word_1_13' title='bbox 1012 381 1148 441; x_wconf 84' lang='lat' dir='ltr'><strong>viderunt</strong></span> <span class='ocrx_word' id='word_1_14' title='bbox 1158 386 1188 441; x_wconf 84' lang='lat' dir='ltr'><strong>ei</strong></span> <span class='ocrx_word' id='word_1_15' title='bbox 1200 382 1329 440; x_wconf 90' lang='lat' dir='ltr'><strong>ministri</strong></span> <span class='ocrx_word' id='word_1_16' title='bbox 1344 381 1462 440; x_wconf 87' lang='lat' dir='ltr'><strong>luerunt</strong></span> <span class='ocrx_word' id='word_1_17' title='bbox 1477 381 1618 440; x_wconf 87' lang='lat' dir='ltr'><strong>sermonis</strong></span> <span class='ocrx_word' id='word_1_18' title='bbox 1631 379 1702 454; x_wconf 74' lang='lat' dir='ltr'><strong>(Aet.</strong></span> <span class='ocrx_word' id='word_1_19' title='bbox 1719 381 1749 459; x_wconf 83' lang='lat' dir='ltr'><strong>r),</strong></span> <span class='ocrx_word' id='word_1_20' title='bbox 1763 387 1793 443; x_wconf 91' lang='lat' dir='ltr'><strong>et</strong></span> <span class='ocrx_word' id='word_1_21' title='bbox 1807 384 1840 444; x_wconf 90' lang='lat' dir='ltr'><strong>hl</strong></span> 
     </span>
    </p>
   </div>
   <div class='ocr_carea' id='block_1_4' title="bbox 128 482 959 646">
    <p class='ocr_par' dir='ltr' id='par_1_4' title="bbox 128 482 959 646">
     <span class='ocr_line' id='line_1_4' title="bbox 128 482 959 646; baseline -0.004 -15"><span class='ocrx_word' id='word_1_22' title='bbox 128 482 335 631; x_wconf 49' lang='lat' dir='ltr'><strong>lffiasustus</strong></span> <span class='ocrx_word' id='word_1_23' title='bbox 350 573 555 632; x_wconf 80' lang='lat' dir='ltr'><strong>sanctissimos</strong></span> <span class='ocrx_word' id='word_1_24' title='bbox 579 573 734 646; x_wconf 83' lang='lat' dir='ltr'><strong>episeopus</strong></span> <span class='ocrx_word' id='word_1_25' title='bbox 753 573 900 645; x_wconf 87' lang='lat' dir='ltr'><strong>Tripoleos</strong></span> <span class='ocrx_word' id='word_1_26' title='bbox 912 570 959 628; x_wconf 88' lang='lat' dir='ltr'><strong>si-</strong></span> 
     </span>
    </p>
   </div>
   <div class='ocr_carea' id='block_1_5' title="bbox 126 661 959 808">
    <p class='ocr_par' dir='ltr' id='par_1_5' title="bbox 126 661 959 808">
     <span class='ocr_line' id='line_1_5' title="bbox 126 661 959 808; baseline -0.002 -15"><span class='ocrx_word' id='word_1_27' title='bbox 126 661 218 793; x_wconf 45' lang='lat' dir='ltr'><strong>lit&amp;</strong></span> <span class='ocrx_word' id='word_1_28' title='bbox 233 734 440 794; x_wconf 78' lang='lat' dir='ltr'><strong>sanctissimus</strong></span> <span class='ocrx_word' id='word_1_29' title='bbox 460 735 613 808; x_wconf 86' lang='lat' dir='ltr'><strong>episeopus</strong></span> <span class='ocrx_word' id='word_1_30' title='bbox 638 735 855 794; x_wconf 82' lang='lat' dir='ltr'><strong>Traeulemium</strong></span> <span class='ocrx_word' id='word_1_31' title='bbox 868 733 959 792; x_wconf 79' lang='lat' dir='ltr'><strong>siud-</strong></span> 
     </span>
    </p>
   </div>
   <div class='ocr_carea' id='block_1_6' title="bbox 118 823 956 2497">
    <p class='ocr_par' dir='ltr' id='par_1_6' title="bbox 118 823 956 2497">
     <span class='ocr_line' id='line_1_6' title="bbox 125 823 956 1016; baseline -0.004 -43"><span class='ocrx_word' id='word_1_32' title='bbox 125 823 325 1016; x_wconf 42' lang='lat' dir='ltr'><strong>llsspmm</strong></span> <span class='ocrx_word' id='word_1_33' title='bbox 344 914 548 975; x_wconf 74' lang='lat' dir='ltr'><strong>tenutissinus</strong></span> <span class='ocrx_word' id='word_1_34' title='bbox 568 915 722 987; x_wconf 85' lang='lat' dir='ltr'><strong>episeopus</strong></span> <span class='ocrx_word' id='word_1_35' title='bbox 735 913 896 973; x_wconf 84' lang='lat' dir='ltr'><strong>salensium</strong></span> <span class='ocrx_word' id='word_1_36' title='bbox 909 912 956 970; x_wconf 91' lang='lat' dir='ltr'><strong>si-</strong></span> 
     </span>
     <span class='ocr_line' id='line_1_7' title="bbox 123 1003 956 1194; baseline -0.002 -44"><span class='ocrx_word' id='word_1_37' title='bbox 123 1003 283 1194; x_wconf 48' lang='lat' dir='ltr'><strong>mlloaenrnes</strong></span> <span class='ocrx_word' id='word_1_38' title='bbox 303 1093 504 1153; x_wconf 80' lang='lat' dir='ltr'><strong>Tabaleusium</strong></span> <span class='ocrx_word' id='word_1_39' title='bbox 526 1094 729 1153; x_wconf 83' lang='lat' dir='ltr'><strong>sanctissimus</strong></span> <span class='ocrx_word' id='word_1_40' title='bbox 741 1093 894 1165; x_wconf 83' lang='lat' dir='ltr'><strong>episeopus</strong></span> <span class='ocrx_word' id='word_1_41' title='bbox 908 1092 956 1148; x_wconf 90' lang='lat' dir='ltr'><strong>si-</strong></span> 
     </span>
     <span class='ocr_line' id='line_1_8' title="bbox 124 1181 955 1374; baseline 0 -46"><span class='ocrx_word' id='word_1_42' title='bbox 124 1181 323 1374; x_wconf 55' lang='lat' dir='ltr'><strong>mislffianus</strong></span> <span class='ocrx_word' id='word_1_43' title='bbox 344 1272 547 1330; x_wconf 85' lang='lat' dir='ltr'><strong>sanctissimus</strong></span> <span class='ocrx_word' id='word_1_44' title='bbox 565 1273 718 1345; x_wconf 89' lang='lat' dir='ltr'><strong>episeopus</strong></span> <span class='ocrx_word' id='word_1_45' title='bbox 739 1272 849 1329; x_wconf 89' lang='lat' dir='ltr'><strong>Silandi</strong></span> <span class='ocrx_word' id='word_1_46' title='bbox 866 1270 955 1328; x_wconf 91' lang='lat' dir='ltr'><strong>simi-</strong></span> 
     </span>
     <span class='ocr_line' id='line_1_9' title="bbox 124 1359 952 1524; baseline 0.004 -18"><span class='ocrx_word' id='word_1_47' title='bbox 124 1359 296 1508; x_wconf 53' lang='lat' dir='ltr'><strong>1¹1letilllzolnus</strong></span> <span class='ocrx_word' id='word_1_48' title='bbox 326 1451 528 1510; x_wconf 79' lang='lat' dir='ltr'><strong>sanctissimus</strong></span> <span class='ocrx_word' id='word_1_49' title='bbox 557 1453 711 1524; x_wconf 86' lang='lat' dir='ltr'><strong>episeopus</strong></span> <span class='ocrx_word' id='word_1_50' title='bbox 736 1450 952 1521; x_wconf 84' lang='lat' dir='ltr'><strong>Pericommatis</strong></span> 
     </span>
     <span class='ocr_line' id='line_1_10' title="bbox 123 1539 859 1598; baseline 0 0"><span class='ocrx_word' id='word_1_51' title='bbox 123 1539 271 1598; x_wconf 86' lang='lat' dir='ltr'><strong>similiter.</strong></span> <span class='ocrx_word' id='word_1_52' title='bbox 854 1552 859 1563; x_wconf 87' lang='lat'><em>·</em></span> 
     </span>
     <span class='ocr_line' id='line_1_11' title="bbox 135 1630 951 1734; baseline 0.001 -48"><span class='ocrx_word' id='word_1_53' title='bbox 135 1631 279 1734; x_wconf 30' lang='lat' dir='ltr'><strong>‘loannes</strong></span> <span class='ocrx_word' id='word_1_54' title='bbox 293 1630 496 1689; x_wconf 83' lang='lat' dir='ltr'><strong>sanctissimus</strong></span> <span class='ocrx_word' id='word_1_55' title='bbox 507 1631 660 1703; x_wconf 87' lang='lat' dir='ltr'><strong>episeopus</strong></span> <span class='ocrx_word' id='word_1_56' title='bbox 680 1631 840 1689; x_wconf 84' lang='lat' dir='ltr'><strong>setensium</strong></span> <span class='ocrx_word' id='word_1_57' title='bbox 860 1630 951 1688; x_wconf 89' lang='lat' dir='ltr'><strong>simi-</strong></span> 
     </span>
     <span class='ocr_line' id='line_1_12' title="bbox 122 1719 950 1912; baseline 0 -46"><span class='ocrx_word' id='word_1_58' title='bbox 122 1719 283 1912; x_wconf 34' lang='lat' dir='ltr'><strong>ungamus</strong></span> <span class='ocrx_word' id='word_1_59' title='bbox 297 1810 502 1868; x_wconf 83' lang='lat' dir='ltr'><strong>sanctissimus</strong></span> <span class='ocrx_word' id='word_1_60' title='bbox 511 1810 664 1882; x_wconf 86' lang='lat' dir='ltr'><strong>episeopus</strong></span> <span class='ocrx_word' id='word_1_61' title='bbox 676 1810 858 1882; x_wconf 89' lang='lat' dir='ltr'><strong>Lipreusium</strong></span> <span class='ocrx_word' id='word_1_62' title='bbox 871 1807 950 1867; x_wconf 88' lang='lat' dir='ltr'><strong>simi·</strong></span> 
     </span>
     <span class='ocr_line' id='line_1_13' title="bbox 121 1898 947 2090; baseline 0.001 -44"><span class='ocrx_word' id='word_1_63' title='bbox 121 1898 341 2090; x_wconf 40' lang='lat' dir='ltr'><strong>llsshmphanm</strong></span> <span class='ocrx_word' id='word_1_64' title='bbox 364 1990 566 2047; x_wconf 85' lang='lat' dir='ltr'><strong>sanctissimus</strong></span> <span class='ocrx_word' id='word_1_65' title='bbox 588 1991 742 2063; x_wconf 87' lang='lat' dir='ltr'><strong>episeopus</strong></span> <span class='ocrx_word' id='word_1_66' title='bbox 760 1990 887 2048; x_wconf 84' lang='lat' dir='ltr'><strong>liaeoniae</strong></span> <span class='ocrx_word' id='word_1_67' title='bbox 907 1990 947 2049; x_wconf 92' lang='lat' dir='ltr'><strong>si·</strong></span> 
     </span>
     <span class='ocr_line' id='line_1_14' title="bbox 123 2077 948 2241; baseline 0.002 -15"><span class='ocrx_word' id='word_1_68' title='bbox 123 2077 275 2226; x_wconf 45' lang='lat' dir='ltr'><strong>hulme!</strong></span> <span class='ocrx_word' id='word_1_69' title='bbox 288 2169 491 2227; x_wconf 82' lang='lat' dir='ltr'><strong>sanctissimus</strong></span> <span class='ocrx_word' id='word_1_70' title='bbox 505 2169 657 2241; x_wconf 87' lang='lat' dir='ltr'><strong>episeopus</strong></span> <span class='ocrx_word' id='word_1_71' title='bbox 671 2169 850 2227; x_wconf 82' lang='lat' dir='ltr'><strong>Stratonioiae</strong></span> <span class='ocrx_word' id='word_1_72' title='bbox 867 2169 948 2228; x_wconf 87' lang='lat' dir='ltr'><strong>siml·</strong></span> 
     </span>
     <span class='ocr_line' id='line_1_15' title="bbox 120 2261 946 2420; baseline -0.001 -13"><span class='ocrx_word' id='word_1_73' title='bbox 120 2261 289 2420; x_wconf 51' lang='lat' dir='ltr'><strong>lug-mm</strong></span> <span class='ocrx_word' id='word_1_74' title='bbox 323 2348 530 2405; x_wconf 79' lang='lat' dir='ltr'><strong>sanctissimus</strong></span> <span class='ocrx_word' id='word_1_75' title='bbox 555 2348 707 2420; x_wconf 88' lang='lat' dir='ltr'><strong>episeopus</strong></span> <span class='ocrx_word' id='word_1_76' title='bbox 738 2347 946 2419; x_wconf 82' lang='lat' dir='ltr'><strong>Philadelphiae</strong></span> 
     </span>
     <span class='ocr_line' id='line_1_16' title="bbox 118 2439 265 2497; baseline -0.02 0"><span class='ocrx_word' id='word_1_77' title='bbox 118 2439 265 2497; x_wconf 82' lang='lat' dir='ltr'><strong>similiter.</strong></span> 
     </span>
    </p>
   </div>
   <div class='ocr_carea' id='block_1_7' title="bbox 1004 472 1841 1709">
    <p class='ocr_par' dir='ltr' id='par_1_7' title="bbox 1004 472 1841 1709">
     <span class='ocr_line' id='line_1_17' title="bbox 1013 472 1841 544; baseline 0.004 -14"><span class='ocrx_word' id='word_1_78' title='bbox 1013 473 1063 544; x_wconf 83' lang='lat' dir='ltr'><strong>qui</strong></span> <span class='ocrx_word' id='word_1_79' title='bbox 1075 473 1110 529; x_wconf 89' lang='lat' dir='ltr'><strong>ah</strong></span> <span class='ocrx_word' id='word_1_80' title='bbox 1122 475 1165 530; x_wconf 91' lang='lat' dir='ltr'><strong>eis</strong></span> <span class='ocrx_word' id='word_1_81' title='bbox 1174 473 1267 530; x_wconf 86' lang='lat' dir='ltr'><strong>edocti</strong></span> <span class='ocrx_word' id='word_1_82' title='bbox 1282 477 1359 544; x_wconf 85' lang='lat' dir='ltr'><strong>sunt,</strong></span> <span class='ocrx_word' id='word_1_83' title='bbox 1369 472 1461 529; x_wconf 86' lang='lat' dir='ltr'><strong>sancti</strong></span> <span class='ocrx_word' id='word_1_84' title='bbox 1472 472 1608 529; x_wconf 84' lang='lat' dir='ltr'><strong>videlieet</strong></span> <span class='ocrx_word' id='word_1_85' title='bbox 1617 477 1645 528; x_wconf 90' lang='lat' dir='ltr'><strong>et</strong></span> <span class='ocrx_word' id='word_1_86' title='bbox 1654 472 1729 528; x_wconf 88' lang='lat' dir='ltr'><strong>henti</strong></span> <span class='ocrx_word' id='word_1_87' title='bbox 1746 480 1841 544; x_wconf 79' lang='lat' dir='ltr'><strong>patres</strong></span> 
     </span>
     <span class='ocr_line' id='line_1_18' title="bbox 1013 562 1840 634; baseline 0.004 -16"><span class='ocrx_word' id='word_1_88' title='bbox 1013 563 1125 634; x_wconf 82' lang='lat' dir='ltr'><strong>nostri3</strong></span> <span class='ocrx_word' id='word_1_89' title='bbox 1140 564 1180 620; x_wconf 87' lang='lat' dir='ltr'><strong>ita</strong></span> <span class='ocrx_word' id='word_1_90' title='bbox 1194 563 1356 620; x_wconf 82' lang='lat' dir='ltr'><strong>certissime</strong></span> <span class='ocrx_word' id='word_1_91' title='bbox 1374 562 1555 632; x_wconf 81' lang='lat' dir='ltr'><strong>comperiens</strong></span> <span class='ocrx_word' id='word_1_92' title='bbox 1565 562 1713 619; x_wconf 81' lang='lat' dir='ltr'><strong>continere</strong></span> <span class='ocrx_word' id='word_1_93' title='bbox 1727 562 1840 621; x_wconf 75' lang='lat' dir='ltr'><strong>litteras</strong></span> 
     </span>
     <span class='ocr_line' id='line_1_19' title="bbox 1014 650 1839 724; baseline 0.001 -15"><span class='ocrx_word' id='word_1_94' title='bbox 1014 667 1076 724; x_wconf 80' lang='lat' dir='ltr'><strong>quae</strong></span> <span class='ocrx_word' id='word_1_95' title='bbox 1105 666 1181 711; x_wconf 88' lang='lat' dir='ltr'><strong>nune</strong></span> <span class='ocrx_word' id='word_1_96' title='bbox 1205 654 1240 710; x_wconf 86' lang='lat' dir='ltr'><strong>ah</strong></span> <span class='ocrx_word' id='word_1_97' title='bbox 1255 650 1382 710; x_wconf 79' lang='lat' dir='ltr'>Adriano</span> <span class='ocrx_word' id='word_1_98' title='bbox 1405 652 1589 708; x_wconf 82' lang='lat' dir='ltr'><strong>sanctissimo</strong></span> <span class='ocrx_word' id='word_1_99' title='bbox 1618 665 1689 722; x_wconf 86' lang='lat' dir='ltr'><strong>papa</strong></span> <span class='ocrx_word' id='word_1_100' title='bbox 1714 652 1839 710; x_wconf 79' lang='lat' dir='ltr'><strong>senioris</strong></span> 
     </span>
     <span class='ocr_line' id='line_1_20' title="bbox 1012 740 1840 814; baseline -0.001 -15"><span class='ocrx_word' id='word_1_101' title='bbox 1012 741 1107 800; x_wconf 71' lang='lat' dir='ltr'><strong>Romae</strong></span> <span class='ocrx_word' id='word_1_102' title='bbox 1127 747 1184 799; x_wconf 85' lang='lat' dir='ltr'><strong>tam</strong></span> <span class='ocrx_word' id='word_1_103' title='bbox 1206 742 1240 800; x_wconf 91' lang='lat' dir='ltr'><strong>ad</strong></span> <span class='ocrx_word' id='word_1_104' title='bbox 1258 742 1323 814; x_wconf 87' lang='lat' dir='ltr'><strong>pios</strong></span> <span class='ocrx_word' id='word_1_105' title='bbox 1344 747 1372 799; x_wconf 90' lang='lat' dir='ltr'><strong>et</strong></span> <span class='ocrx_word' id='word_1_106' title='bbox 1392 742 1502 798; x_wconf 88' lang='lat' dir='ltr'><strong>amieos</strong></span> <span class='ocrx_word' id='word_1_107' title='bbox 1520 740 1629 798; x_wconf 83' lang='lat' dir='ltr'><strong>curisti</strong></span> <span class='ocrx_word' id='word_1_108' title='bbox 1652 741 1840 811; x_wconf 85' lang='lat' dir='ltr'><strong>imperatores</strong></span> 
     </span>
     <span class='ocr_line' id='line_1_21' title="bbox 1012 830 1839 904; baseline 0 -16"><span class='ocrx_word' id='word_1_109' title='bbox 1012 835 1135 895; x_wconf 78' lang='lat' dir='ltr'><strong>nostros.</strong></span> <span class='ocrx_word' id='word_1_110' title='bbox 1146 846 1232 904; x_wconf 85' lang='lat' dir='ltr'><strong>quam</strong></span> <span class='ocrx_word' id='word_1_111' title='bbox 1247 832 1282 889; x_wconf 93' lang='lat' dir='ltr'><strong>ad</strong></span> <span class='ocrx_word' id='word_1_112' title='bbox 1295 831 1444 888; x_wconf 86' lang='lat' dir='ltr'><strong>Tarasium</strong></span> <span class='ocrx_word' id='word_1_113' title='bbox 1455 830 1671 888; x_wconf 85' lang='lat' dir='ltr'><strong>sanctissimum</strong></span> <span class='ocrx_word' id='word_1_114' title='bbox 1686 835 1713 886; x_wconf 89' lang='lat' dir='ltr'><strong>ei</strong></span> <span class='ocrx_word' id='word_1_115' title='bbox 1726 830 1839 888; x_wconf 71' lang='lat' dir='ltr'><strong>unirer</strong></span> 
     </span>
     <span class='ocr_line' id='line_1_22' title="bbox 1010 916 1839 991; baseline -0.004 -14"><span class='ocrx_word' id='word_1_116' title='bbox 1010 921 1096 978; x_wconf 87' lang='lat' dir='ltr'><strong>salem</strong></span> <span class='ocrx_word' id='word_1_117' title='bbox 1112 921 1304 989; x_wconf 70' lang='lat' dir='ltr'><strong>patriarcham</strong></span> <span class='ocrx_word' id='word_1_118' title='bbox 1320 920 1415 978; x_wconf 76' lang='lat' dir='ltr'><strong>missae</strong></span> <span class='ocrx_word' id='word_1_119' title='bbox 1428 925 1506 991; x_wconf 70' lang='lat' dir='ltr'><strong>sunt,</strong></span> <span class='ocrx_word' id='word_1_120' title='bbox 1523 919 1564 977; x_wconf 80' lang='lat' dir='ltr'><strong>itu</strong></span> <span class='ocrx_word' id='word_1_121' title='bbox 1578 921 1672 986; x_wconf 75' lang='lat' dir='ltr'><strong>eredo,</strong></span> <span class='ocrx_word' id='word_1_122' title='bbox 1690 919 1730 976; x_wconf 88' lang='lat' dir='ltr'><strong>ita</strong></span> <span class='ocrx_word' id='word_1_123' title='bbox 1744 916 1839 976; x_wconf 88' lang='lat' dir='ltr'><strong>eonii-</strong></span> 
     </span>
     <span class='ocr_line' id='line_1_23' title="bbox 1008 1008 1838 1084; baseline 0 -17"><span class='ocrx_word' id='word_1_124' title='bbox 1008 1014 1079 1084; x_wconf 88' lang='lat' dir='ltr'><strong>teor,</strong></span> <span class='ocrx_word' id='word_1_125' title='bbox 1095 1017 1123 1067; x_wconf 86' lang='lat' dir='ltr'><strong>et</strong></span> <span class='ocrx_word' id='word_1_126' title='bbox 1136 1012 1176 1068; x_wconf 84' lang='lat' dir='ltr'><strong>lia</strong></span> <span class='ocrx_word' id='word_1_127' title='bbox 1191 1015 1272 1068; x_wconf 89' lang='lat' dir='ltr'><strong>teneo</strong></span> <span class='ocrx_word' id='word_1_128' title='bbox 1282 1015 1311 1067; x_wconf 88' lang='lat' dir='ltr'><strong>el</strong></span> <span class='ocrx_word' id='word_1_129' title='bbox 1321 1010 1421 1067; x_wconf 79' lang='lat' dir='ltr'><strong>tenebo</strong></span> <span class='ocrx_word' id='word_1_130' title='bbox 1431 1024 1522 1081; x_wconf 87' lang='lat' dir='ltr'><strong>usque</strong></span> <span class='ocrx_word' id='word_1_131' title='bbox 1537 1010 1571 1066; x_wconf 92' lang='lat' dir='ltr'><strong>ad</strong></span> <span class='ocrx_word' id='word_1_132' title='bbox 1588 1009 1724 1066; x_wconf 89' lang='lat' dir='ltr'><strong>ultimum</strong></span> <span class='ocrx_word' id='word_1_133' title='bbox 1739 1008 1838 1079; x_wconf 86' lang='lat' dir='ltr'><strong>spira·</strong></span> 
     </span>
     <span class='ocr_line' id='line_1_24' title="bbox 1009 1097 1837 1172; baseline -0.005 -15"><span class='ocrx_word' id='word_1_134' title='bbox 1009 1104 1136 1157; x_wconf 85' lang='lat' dir='ltr'><strong>mentum</strong></span> <span class='ocrx_word' id='word_1_135' title='bbox 1158 1114 1262 1172; x_wconf 90' lang='lat' dir='ltr'><strong>meum,</strong></span> <span class='ocrx_word' id='word_1_136' title='bbox 1286 1099 1383 1158; x_wconf 80' lang='lat' dir='ltr'><strong>colens</strong></span> <span class='ocrx_word' id='word_1_137' title='bbox 1406 1104 1492 1171; x_wconf 79' lang='lat' dir='ltr'><strong>atquae</strong></span> <span class='ocrx_word' id='word_1_138' title='bbox 1505 1100 1631 1157; x_wconf 83' lang='lat' dir='ltr'><strong>adorans</strong></span> <span class='ocrx_word' id='word_1_139' title='bbox 1650 1097 1837 1169; x_wconf 74' lang='lat' dir='ltr'><strong>pretiosiset</strong></span> 
     </span>
     <span class='ocr_line' id='line_1_25' title="bbox 1009 1186 1837 1260; baseline -0.002 -14"><span class='ocrx_word' id='word_1_140' title='bbox 1009 1202 1105 1246; x_wconf 78' lang='lat' dir='ltr'><strong>meras</strong></span> <span class='ocrx_word' id='word_1_141' title='bbox 1115 1190 1221 1247; x_wconf 85' lang='lat' dir='ltr'><strong>leonas.</strong></span> <span class='ocrx_word' id='word_1_142' title='bbox 1237 1191 1292 1248; x_wconf 87' lang='lat' dir='ltr'><strong>Eos</strong></span> <span class='ocrx_word' id='word_1_143' title='bbox 1301 1203 1367 1247; x_wconf 80' lang='lat' dir='ltr'><strong>uero</strong></span> <span class='ocrx_word' id='word_1_144' title='bbox 1380 1189 1431 1260; x_wconf 84' lang='lat' dir='ltr'><strong>qui</strong></span> <span class='ocrx_word' id='word_1_145' title='bbox 1446 1189 1488 1247; x_wconf 91' lang='lat' dir='ltr'><strong>ita</strong></span> <span class='ocrx_word' id='word_1_146' title='bbox 1499 1203 1556 1247; x_wconf 92' lang='lat' dir='ltr'><strong>nou</strong></span> <span class='ocrx_word' id='word_1_147' title='bbox 1566 1188 1698 1246; x_wconf 89' lang='lat' dir='ltr'><strong>sentiunt</strong></span> <span class='ocrx_word' id='word_1_148' title='bbox 1707 1186 1750 1245; x_wconf 85' lang='lat' dir='ltr'><strong>vel</strong></span> <span class='ocrx_word' id='word_1_149' title='bbox 1762 1200 1837 1245; x_wconf 88' lang='lat' dir='ltr'><strong>eou-</strong></span> 
     </span>
     <span class='ocr_line' id='line_1_26' title="bbox 1010 1279 1369 1351; baseline 0.003 -18"><span class='ocrx_word' id='word_1_150' title='bbox 1010 1279 1137 1351; x_wconf 86' lang='lat' dir='ltr'><strong>dtentur,</strong></span> <span class='ocrx_word' id='word_1_151' title='bbox 1152 1279 1369 1336; x_wconf 84' lang='lat' dir='ltr'><strong>anathematizo.</strong></span> 
     </span>
     <span class='ocr_line' id='line_1_27' title="bbox 1042 1363 1834 1440; baseline -0.001 -17"><span class='ocrx_word' id='word_1_152' title='bbox 1042 1363 1834 1440; x_wconf 74' lang='lat' dir='ltr'><strong>Constantinusonustissimusepiseopussasimenslum</strong></span> 
     </span>
     <span class='ocr_line' id='line_1_28' title="bbox 1006 1454 1835 1528; baseline -0.001 -14"><span class='ocrx_word' id='word_1_153' title='bbox 1006 1457 1098 1514; x_wconf 81' lang='lat' dir='ltr'><strong>dixit:</strong></span> <span class='ocrx_word' id='word_1_154' title='bbox 1121 1458 1283 1515; x_wconf 81' lang='lat' dir='ltr'><strong>Secundum</strong></span> <span class='ocrx_word' id='word_1_155' title='bbox 1303 1459 1391 1515; x_wconf 85' lang='lat' dir='ltr'><strong>lectas</strong></span> <span class='ocrx_word' id='word_1_156' title='bbox 1405 1457 1557 1528; x_wconf 83' lang='lat' dir='ltr'><strong>synodicas</strong></span> <span class='ocrx_word' id='word_1_157' title='bbox 1571 1454 1709 1528; x_wconf 81' lang='lat' dir='ltr'><strong>epistolas</strong></span> <span class='ocrx_word' id='word_1_158' title='bbox 1724 1454 1835 1513; x_wconf 83' lang='lat' dir='ltr'><strong>beatis-</strong></span> 
     </span>
     <span class='ocr_line' id='line_1_29' title="bbox 1006 1544 1835 1619; baseline -0.002 -15"><span class='ocrx_word' id='word_1_159' title='bbox 1006 1547 1073 1605; x_wconf 85' lang='lat' dir='ltr'><strong>simi</strong></span> <span class='ocrx_word' id='word_1_160' title='bbox 1098 1561 1177 1619; x_wconf 76' lang='lat' dir='ltr'><strong>papa</strong></span> <span class='ocrx_word' id='word_1_161' title='bbox 1207 1548 1332 1606; x_wconf 86' lang='lat' dir='ltr'><strong>senioris</strong></span> <span class='ocrx_word' id='word_1_162' title='bbox 1366 1548 1461 1606; x_wconf 77' lang='lat' dir='ltr'><strong>Romu</strong></span> <span class='ocrx_word' id='word_1_163' title='bbox 1482 1546 1604 1604; x_wconf 74' lang='lat' dir='ltr'><strong>Adriani</strong></span> <span class='ocrx_word' id='word_1_164' title='bbox 1635 1544 1784 1617; x_wconf 88' lang='lat' dir='ltr'><strong>oouilteor,</strong></span> <span class='ocrx_word' id='word_1_165' title='bbox 1805 1549 1835 1602; x_wconf 90' lang='lat' dir='ltr'><strong>et</strong></span> 
     </span>
     <span class='ocr_line' id='line_1_30' title="bbox 1004 1633 1834 1709; baseline 0 -15"><span class='ocrx_word' id='word_1_166' title='bbox 1004 1638 1102 1699; x_wconf 85' lang='lat' dir='ltr'><strong>adoro.</strong></span> <span class='ocrx_word' id='word_1_167' title='bbox 1127 1642 1213 1709; x_wconf 83' lang='lat' dir='ltr'><strong>atque</strong></span> <span class='ocrx_word' id='word_1_168' title='bbox 1227 1638 1356 1709; x_wconf 90' lang='lat' dir='ltr'><strong>suseipio</strong></span> <span class='ocrx_word' id='word_1_169' title='bbox 1371 1651 1468 1695; x_wconf 81' lang='lat' dir='ltr'><strong>sacras</strong></span> <span class='ocrx_word' id='word_1_170' title='bbox 1488 1641 1517 1694; x_wconf 89' lang='lat' dir='ltr'><strong>et</strong></span> <span class='ocrx_word' id='word_1_171' title='bbox 1537 1636 1672 1694; x_wconf 74' lang='lat' dir='ltr'><strong>oohudas</strong></span> <span class='ocrx_word' id='word_1_172' title='bbox 1692 1633 1834 1708; x_wconf 74' lang='lat' dir='ltr'><strong>imagines</strong></span> 
     </span>
    </p>
   </div>
   <div class='ocr_carea' id='block_1_8' title="bbox 956 1698 1833 1799">
    <p class='ocr_par' dir='ltr' id='par_1_8' title="bbox 956 1698 1833 1799">
     <span class='ocr_line' id='line_1_31' title="bbox 956 1698 1833 1799; baseline -0.006 -13"><span class='ocrx_word' id='word_1_173' title='bbox 956 1698 982 1760; x_wconf 75' lang='grc' dir='ltr'><strong>Β</strong></span> <span class='ocrx_word' id='word_1_174' title='bbox 1004 1728 1161 1786; x_wconf 60' lang='lat' dir='ltr'><strong>mundum</strong></span> <span class='ocrx_word' id='word_1_175' title='bbox 1172 1728 1321 1799; x_wconf 82' lang='lat' dir='ltr'><strong>antiquam</strong></span> <span class='ocrx_word' id='word_1_176' title='bbox 1339 1727 1524 1785; x_wconf 79' lang='lat' dir='ltr'><strong>traditionem</strong></span> <span class='ocrx_word' id='word_1_177' title='bbox 1540 1726 1682 1783; x_wconf 74' lang='lat' dir='ltr'><strong>Ecclesia.</strong></span> <span class='ocrx_word' id='word_1_178' title='bbox 1697 1725 1753 1782; x_wconf 86' lang='lat' dir='ltr'><strong>lios</strong></span> <span class='ocrx_word' id='word_1_179' title='bbox 1766 1737 1833 1782; x_wconf 85' lang='lat' dir='ltr'><strong>vero</strong></span> 
     </span>
    </p>
   </div>
   <div class='ocr_carea' id='block_1_9' title="bbox 1002 1817 1834 2053">
    <p class='ocr_par' dir='ltr' id='par_1_9' title="bbox 1002 1817 1834 2053">
     <span class='ocr_line' id='line_1_32' title="bbox 1004 1817 1563 1889; baseline -0.005 -15"><span class='ocrx_word' id='word_1_180' title='bbox 1004 1817 1055 1889; x_wconf 84' lang='lat' dir='ltr'><strong>qui</strong></span> <span class='ocrx_word' id='word_1_181' title='bbox 1072 1817 1113 1874; x_wconf 85' lang='lat' dir='ltr'><strong>ita</strong></span> <span class='ocrx_word' id='word_1_182' title='bbox 1129 1830 1186 1875; x_wconf 90' lang='lat' dir='ltr'><strong>non</strong></span> <span class='ocrx_word' id='word_1_183' title='bbox 1199 1817 1326 1889; x_wconf 81' lang='lat' dir='ltr'><strong>sapiunt,</strong></span> <span class='ocrx_word' id='word_1_184' title='bbox 1344 1817 1563 1875; x_wconf 83' lang='lat' dir='ltr'><strong>anathematizo.</strong></span> 
     </span>
     <span class='ocr_line' id='line_1_33' title="bbox 1039 1901 1834 1978; baseline -0.003 -16"><span class='ocrx_word' id='word_1_185' title='bbox 1039 1906 1138 1963; x_wconf 79' lang='lat' dir='ltr'><strong>Niceti</strong></span> <span class='ocrx_word' id='word_1_186' title='bbox 1159 1906 1361 1964; x_wconf 84' lang='lat' dir='ltr'><strong>sanctissimus</strong></span> <span class='ocrx_word' id='word_1_187' title='bbox 1376 1907 1529 1977; x_wconf 79' lang='lat' dir='ltr'><strong>opiscopus</strong></span> <span class='ocrx_word' id='word_1_188' title='bbox 1544 1903 1771 1978; x_wconf 87' lang='lat' dir='ltr'><strong>Dadyhreuslum</strong></span> <span class='ocrx_word' id='word_1_189' title='bbox 1785 1901 1834 1960; x_wconf 92' lang='lat' dir='ltr'><strong>sl-</strong></span> 
     </span>
     <span class='ocr_line' id='line_1_34' title="bbox 1002 1995 1120 2053; baseline -0.017 0"><span class='ocrx_word' id='word_1_190' title='bbox 1002 1995 1120 2053; x_wconf 88' lang='lat' dir='ltr'><strong>militer.</strong></span> 
     </span>
    </p>
   </div>
   <div class='ocr_carea' id='block_1_10' title="bbox 1036 2062 1937 2156">
    <p class='ocr_par' dir='ltr' id='par_1_10' title="bbox 1036 2062 1937 2156">
     <span class='ocr_line' id='line_1_35' title="bbox 1036 2062 1937 2156; baseline -0.003 -15"><span class='ocrx_word' id='word_1_191' title='bbox 1036 2084 1214 2156; x_wconf 83' lang='lat' dir='ltr'><strong>Theophilus</strong></span> <span class='ocrx_word' id='word_1_192' title='bbox 1228 2084 1431 2142; x_wconf 83' lang='lat' dir='ltr'><strong>sanctissimus</strong></span> <span class='ocrx_word' id='word_1_193' title='bbox 1444 2084 1597 2156; x_wconf 87' lang='lat' dir='ltr'><strong>episeopus</strong></span> <span class='ocrx_word' id='word_1_194' title='bbox 1613 2082 1765 2141; x_wconf 88' lang='lat' dir='ltr'><strong>Prusiadis</strong></span> <span class='ocrx_word' id='word_1_195' title='bbox 1785 2080 1832 2139; x_wconf 91' lang='lat' dir='ltr'><strong>sl·</strong></span> <span class='ocrx_word' id='word_1_196' title='bbox 1927 2062 1937 2071; x_wconf 48' lang='lat'>⁸</span> 
     </span>
    </p>
   </div>
   <div class='ocr_carea' id='block_1_11' title="bbox 1004 2173 1123 2232">
    <p class='ocr_par' dir='ltr' id='par_1_11' title="bbox 1004 2173 1123 2232">
     <span class='ocr_line' id='line_1_36' title="bbox 1004 2173 1123 2232; baseline -0.008 -2"><span class='ocrx_word' id='word_1_197' title='bbox 1004 2173 1123 2232; x_wconf 82' lang='lat' dir='ltr'><strong>militer.</strong></span> 
     </span>
    </p>
   </div>
   <div class='ocr_carea' id='block_1_12' title="bbox 955 2256 1919 2333">
    <p class='ocr_par' dir='ltr' id='par_1_12' title="bbox 955 2256 1919 2333">
     <span class='ocr_line' id='line_1_37' title="bbox 955 2256 1919 2333; baseline -0.009 -13"><span class='ocrx_word' id='word_1_198' title='bbox 955 2264 963 2278; x_wconf 86' lang='lat'>&#39;</span> <span class='ocrx_word' id='word_1_199' title='bbox 1036 2263 1135 2320; x_wconf 86' lang='lat' dir='ltr'><strong>Niceta</strong></span> <span class='ocrx_word' id='word_1_200' title='bbox 1145 2261 1348 2320; x_wconf 83' lang='lat' dir='ltr'><strong>sanctissimus</strong></span> <span class='ocrx_word' id='word_1_201' title='bbox 1357 2258 1741 2333; x_wconf 81' lang='lat' dir='ltr'><strong>episeopusidrianopoleos</strong></span> <span class='ocrx_word' id='word_1_202' title='bbox 1750 2256 1830 2317; x_wconf 91' lang='lat' dir='ltr'><strong>simi·</strong></span> <span class='ocrx_word' id='word_1_203' title='bbox 1912 2264 1919 2287; x_wconf 77' lang='lat'><strong><em>¹</em></strong></span> 
     </span>
    </p>
   </div>
   <div class='ocr_carea' id='block_1_13' title="bbox 1001 2349 1825 2511">
    <p class='ocr_par' dir='ltr' id='par_1_13' title="bbox 1001 2349 1825 2511">
     <span class='ocr_line' id='line_1_38' title="bbox 1001 2349 1825 2511; baseline -0.002 -15"><span class='ocrx_word' id='word_1_204' title='bbox 1001 2349 1157 2497; x_wconf 33' lang='lat' dir='ltr'><strong>blondum</strong></span> <span class='ocrx_word' id='word_1_205' title='bbox 1180 2440 1384 2498; x_wconf 88' lang='lat' dir='ltr'><strong>sanctissimus</strong></span> <span class='ocrx_word' id='word_1_206' title='bbox 1406 2438 1560 2511; x_wconf 86' lang='lat' dir='ltr'><strong>episeopus</strong></span> <span class='ocrx_word' id='word_1_207' title='bbox 1583 2414 1722 2496; x_wconf 83' lang='lat' dir='ltr'><strong>lleraollae</strong></span> <span class='ocrx_word' id='word_1_208' title='bbox 1739 2435 1825 2494; x_wconf 87' lang='lat' dir='ltr'><strong>Ponti</strong></span> 
     </span>
    </p>
   </div>
   <div class='ocr_carea' id='block_1_14' title="bbox 149 2525 1145 2598">
    <p class='ocr_par' dir='ltr' id='par_1_14' title="bbox 149 2525 1145 2598">
     <span class='ocr_line' id='line_1_39' title="bbox 149 2525 1145 2598; baseline 0 -13"><span class='ocrx_word' id='word_1_209' title='bbox 149 2526 272 2585; x_wconf 88' lang='lat' dir='ltr'><strong>lliehael</strong></span> <span class='ocrx_word' id='word_1_210' title='bbox 295 2526 498 2584; x_wconf 81' lang='lat' dir='ltr'><strong>sanctissimus</strong></span> <span class='ocrx_word' id='word_1_211' title='bbox 509 2526 661 2598; x_wconf 87' lang='lat' dir='ltr'><strong>episeopus</strong></span> <span class='ocrx_word' id='word_1_212' title='bbox 679 2525 780 2583; x_wconf 82' lang='lat' dir='ltr'><strong>Trallae</strong></span> <span class='ocrx_word' id='word_1_213' title='bbox 794 2525 942 2585; x_wconf 88' lang='lat' dir='ltr'><strong>similiter.</strong></span> <span class='ocrx_word' id='word_1_214' title='bbox 997 2528 1145 2588; x_wconf 83' lang='lat' dir='ltr'><strong>similiter.</strong></span> 
     </span>
    </p>
   </div>
   <div class='ocr_carea' id='block_1_15' title="bbox 119 2615 943 3031">
    <p class='ocr_par' dir='ltr' id='par_1_15' title="bbox 119 2615 942 2867">
     <span class='ocr_line' id='line_1_40' title="bbox 148 2615 942 2690; baseline 0.003 -17"><span class='ocrx_word' id='word_1_215' title='bbox 148 2617 309 2690; x_wconf 73' lang='lat' dir='ltr'><strong>Gregorius</strong></span> <span class='ocrx_word' id='word_1_216' title='bbox 336 2616 538 2676; x_wconf 79' lang='lat' dir='ltr'><strong>sanstissimus</strong></span> <span class='ocrx_word' id='word_1_217' title='bbox 574 2616 727 2688; x_wconf 85' lang='lat' dir='ltr'><strong>episeopus</strong></span> <span class='ocrx_word' id='word_1_218' title='bbox 751 2615 942 2675; x_wconf 86' lang='lat' dir='ltr'><strong>Gordeusium</strong></span> 
     </span>
     <span class='ocr_line' id='line_1_41' title="bbox 119 2705 939 2867; baseline -0.001 -16"><span class='ocrx_word' id='word_1_219' title='bbox 119 2705 272 2854; x_wconf 50' lang='lat' dir='ltr'><strong>⁸¹¹llolalilntges</strong></span> <span class='ocrx_word' id='word_1_220' title='bbox 286 2793 491 2853; x_wconf 83' lang='lat' dir='ltr'><strong>sanctissimus</strong></span> <span class='ocrx_word' id='word_1_221' title='bbox 510 2794 663 2867; x_wconf 84' lang='lat' dir='ltr'><strong>episeopus</strong></span> <span class='ocrx_word' id='word_1_222' title='bbox 680 2793 776 2852; x_wconf 83' lang='lat' dir='ltr'><strong>Daldae</strong></span> <span class='ocrx_word' id='word_1_223' title='bbox 793 2792 939 2851; x_wconf 81' lang='lat' dir='ltr'><strong>similiter.</strong></span> 
     </span>
    </p>

    <p class='ocr_par' dir='ltr' id='par_1_16' title="bbox 120 2882 943 3031">
     <span class='ocr_line' id='line_1_42' title="bbox 148 2882 943 2954; baseline -0.001 -13"><span class='ocrx_word' id='word_1_224' title='bbox 148 2884 322 2943; x_wconf 83' lang='lat' dir='ltr'><strong>Eustathius</strong></span> <span class='ocrx_word' id='word_1_225' title='bbox 342 2883 544 2941; x_wconf 80' lang='lat' dir='ltr'><strong>sanctissimus</strong></span> <span class='ocrx_word' id='word_1_226' title='bbox 556 2883 709 2954; x_wconf 87' lang='lat' dir='ltr'><strong>episeopus</strong></span> <span class='ocrx_word' id='word_1_227' title='bbox 725 2882 943 2942; x_wconf 77' lang='lat' dir='ltr'><strong>Oreanaesimi-</strong></span> 
     </span>
     <span class='ocr_line' id='line_1_43' title="bbox 120 2973 187 3031; baseline 0.015 -2"><span class='ocrx_word' id='word_1_228' title='bbox 120 2973 187 3031; x_wconf 88' lang='lat' dir='ltr'><strong>liter.</strong></span> 
     </span>
    </p>
   </div>
   <div class='ocr_carea' id='block_1_16' title="bbox 1031 2614 1827 2690">
    <p class='ocr_par' dir='ltr' id='par_1_17' title="bbox 1031 2614 1827 2690">
     <span class='ocr_line' id='line_1_44' title="bbox 1031 2614 1827 2690; baseline -0.005 -14"><span class='ocrx_word' id='word_1_229' title='bbox 1031 2619 1237 2676; x_wconf 84' lang='lat' dir='ltr'><strong>Constantinus</strong></span> <span class='ocrx_word' id='word_1_230' title='bbox 1251 2618 1453 2677; x_wconf 81' lang='lat' dir='ltr'><strong>sanctissimus</strong></span> <span class='ocrx_word' id='word_1_231' title='bbox 1463 2618 1615 2690; x_wconf 88' lang='lat' dir='ltr'><strong>episeopus</strong></span> <span class='ocrx_word' id='word_1_232' title='bbox 1628 2615 1731 2674; x_wconf 80' lang='lat' dir='ltr'><strong>Gratiae</strong></span> <span class='ocrx_word' id='word_1_233' title='bbox 1747 2614 1827 2673; x_wconf 91' lang='lat' dir='ltr'><strong>simi·</strong></span> 
     </span>
    </p>
   </div>
   <div class='ocr_carea' id='block_1_17' title="bbox 997 2706 1074 2766">
    <p class='ocr_par' dir='ltr' id='par_1_18' title="bbox 997 2706 1074 2766">
     <span class='ocr_line' id='line_1_45' title="bbox 997 2706 1074 2766; baseline -0.026 0"><span class='ocrx_word' id='word_1_234' title='bbox 997 2706 1074 2766; x_wconf 84' lang='lat' dir='ltr'><strong>liter.</strong></span> 
     </span>
    </p>
   </div>
   <div class='ocr_carea' id='block_1_18' title="bbox 1005 2792 1823 2956">
    <p class='ocr_par' dir='ltr' id='par_1_19' title="bbox 1005 2792 1823 2956">
     <span class='ocr_line' id='line_1_46' title="bbox 1005 2792 1787 2869; baseline -0.004 -17"><span class='ocrx_word' id='word_1_235' title='bbox 1005 2858 1008 2869; x_wconf 58' lang='grc'>,</span> <span class='ocrx_word' id='word_1_236' title='bbox 1033 2796 1131 2854; x_wconf 84' lang='lat' dir='ltr'><strong>Nioeta</strong></span> <span class='ocrx_word' id='word_1_237' title='bbox 1147 2796 1350 2853; x_wconf 82' lang='lat' dir='ltr'><strong>sanctissimus</strong></span> <span class='ocrx_word' id='word_1_238' title='bbox 1365 2796 1518 2868; x_wconf 86' lang='lat' dir='ltr'><strong>episeopus</strong></span> <span class='ocrx_word' id='word_1_239' title='bbox 1532 2793 1623 2866; x_wconf 83' lang='lat' dir='ltr'><strong>iiysaei</strong></span> <span class='ocrx_word' id='word_1_240' title='bbox 1639 2792 1787 2851; x_wconf 86' lang='lat' dir='ltr'><strong>similiter.</strong></span> 
     </span>
     <span class='ocr_line' id='line_1_47' title="bbox 1032 2881 1823 2956; baseline -0.004 -14"><span class='ocrx_word' id='word_1_241' title='bbox 1032 2885 1211 2956; x_wconf 80' lang='lat' dir='ltr'><strong>Nicephorns</strong></span> <span class='ocrx_word' id='word_1_242' title='bbox 1234 2885 1437 2944; x_wconf 83' lang='lat' dir='ltr'><strong>sanctissimus</strong></span> <span class='ocrx_word' id='word_1_243' title='bbox 1459 2883 1614 2956; x_wconf 85' lang='lat' dir='ltr'><strong>episeopus</strong></span> <span class='ocrx_word' id='word_1_244' title='bbox 1638 2881 1823 2941; x_wconf 75' lang='lat' dir='ltr'><strong>clanensium</strong></span> 
     </span>
    </p>
   </div>
   <div class='ocr_carea' id='block_1_19' title="bbox 996 2974 1144 3032">
    <p class='ocr_par' dir='ltr' id='par_1_20' title="bbox 996 2974 1144 3032">
     <span class='ocr_line' id='line_1_48' title="bbox 996 2974 1144 3032; baseline -0.007 -1"><span class='ocrx_word' id='word_1_245' title='bbox 996 2974 1144 3032; x_wconf 89' lang='lat' dir='ltr'><strong>similiter.</strong></span> 
     </span>
    </p>
   </div>
   <div class='ocr_carea' id='block_1_20' title="bbox 147 3048 1824 3138">
    <p class='ocr_par' dir='ltr' id='par_1_21' title="bbox 147 3048 1824 3138">
     <span class='ocr_line' id='line_1_49' title="bbox 147 3048 1824 3138; baseline -0.002 -20"><span class='ocrx_word' id='word_1_246' title='bbox 147 3048 270 3121; x_wconf 77' lang='lat' dir='ltr'><strong>ioannes</strong></span> <span class='ocrx_word' id='word_1_247' title='bbox 287 3057 428 3138; x_wconf 85' lang='lat' dir='ltr'><strong>[ioseph]</strong></span> <span class='ocrx_word' id='word_1_248' title='bbox 445 3061 646 3119; x_wconf 83' lang='lat' dir='ltr'><strong>sanctissimus</strong></span> <span class='ocrx_word' id='word_1_249' title='bbox 658 3061 810 3133; x_wconf 86' lang='lat' dir='ltr'><strong>episeopus</strong></span> <span class='ocrx_word' id='word_1_250' title='bbox 827 3058 981 3122; x_wconf 76' lang='lat' dir='ltr'><strong>stmiaec</strong></span> <span class='ocrx_word' id='word_1_251' title='bbox 1031 3065 1085 3121; x_wconf 89' lang='lat' dir='ltr'><strong>Leo</strong></span> <span class='ocrx_word' id='word_1_252' title='bbox 1105 3063 1307 3121; x_wconf 85' lang='lat' dir='ltr'><strong>sanctissimus</strong></span> <span class='ocrx_word' id='word_1_253' title='bbox 1321 3063 1474 3135; x_wconf 88' lang='lat' dir='ltr'><strong>episeopus</strong></span> <span class='ocrx_word' id='word_1_254' title='bbox 1486 3062 1730 3120; x_wconf 83' lang='lat' dir='ltr'><strong>Troeuadensium</strong></span> <span class='ocrx_word' id='word_1_255' title='bbox 1745 3057 1824 3118; x_wconf 89' lang='lat' dir='ltr'><strong>slmi-</strong></span> 
     </span>
    </p>
   </div>
   <div class='ocr_carea' id='block_1_21' title="bbox 120 3151 941 3670">
    <p class='ocr_par' dir='ltr' id='par_1_22' title="bbox 120 3151 941 3670">
     <span class='ocr_line' id='line_1_50' title="bbox 120 3151 941 3311; baseline 0.002 -13"><span class='ocrx_word' id='word_1_256' title='bbox 120 3151 301 3298; x_wconf 53' lang='lat' dir='ltr'><strong>nlalolhtilias</strong></span> <span class='ocrx_word' id='word_1_257' title='bbox 328 3238 531 3296; x_wconf 87' lang='lat' dir='ltr'><strong>sanctissimus</strong></span> <span class='ocrx_word' id='word_1_258' title='bbox 556 3238 710 3311; x_wconf 84' lang='lat' dir='ltr'><strong>episeopus</strong></span> <span class='ocrx_word' id='word_1_259' title='bbox 729 3239 941 3300; x_wconf 63' lang='lat' dir='ltr'><strong>hierocaesariae</strong></span> 
     </span>
     <span class='ocr_line' id='line_1_51' title="bbox 120 3330 940 3491; baseline -0.002 -13"><span class='ocrx_word' id='word_1_260' title='bbox 120 3330 455 3478; x_wconf 49' lang='lat' dir='ltr'><strong>“llalllgrsauotissimus</strong></span> <span class='ocrx_word' id='word_1_261' title='bbox 469 3418 626 3491; x_wconf 84' lang='lat' dir='ltr'><strong>episeopus</strong></span> <span class='ocrx_word' id='word_1_262' title='bbox 639 3417 842 3490; x_wconf 78' lang='lat' dir='ltr'><strong>helenopoleos</strong></span> <span class='ocrx_word' id='word_1_263' title='bbox 852 3419 940 3477; x_wconf 91' lang='lat' dir='ltr'><strong>simi-</strong></span> 
     </span>
     <span class='ocr_line' id='line_1_52' title="bbox 122 3507 881 3670; baseline 0 -16"><span class='ocrx_word' id='word_1_264' title='bbox 122 3507 226 3670; x_wconf 54' lang='lat' dir='ltr'><strong>mlyrio</strong></span> <span class='ocrx_word' id='word_1_265' title='bbox 244 3597 448 3655; x_wconf 88' lang='lat' dir='ltr'><strong>sanctissimus</strong></span> <span class='ocrx_word' id='word_1_266' title='bbox 462 3596 615 3668; x_wconf 86' lang='lat' dir='ltr'><strong>episeopus</strong></span> <span class='ocrx_word' id='word_1_267' title='bbox 630 3596 720 3668; x_wconf 81' lang='lat' dir='ltr'><strong>lophi</strong></span> <span class='ocrx_word' id='word_1_268' title='bbox 735 3596 881 3656; x_wconf 86' lang='lat' dir='ltr'><strong>similiter.</strong></span> 
     </span>
    </p>
   </div>
   <div class='ocr_carea' id='block_1_22' title="bbox 997 3151 1822 3313">
    <p class='ocr_par' dir='ltr' id='par_1_23' title="bbox 997 3151 1822 3313">
     <span class='ocr_line' id='line_1_53' title="bbox 997 3151 1822 3313; baseline -0.004 -15"><span class='ocrx_word' id='word_1_269' title='bbox 997 3151 1202 3299; x_wconf 48' lang='lat' dir='ltr'><strong>litgzamms</strong></span> <span class='ocrx_word' id='word_1_270' title='bbox 1228 3240 1430 3300; x_wconf 78' lang='lat' dir='ltr'><strong>sanctissimus</strong></span> <span class='ocrx_word' id='word_1_271' title='bbox 1450 3240 1604 3313; x_wconf 87' lang='lat' dir='ltr'><strong>episeopus</strong></span> <span class='ocrx_word' id='word_1_272' title='bbox 1625 3237 1822 3296; x_wconf 87' lang='lat' dir='ltr'><strong>Patarensium</strong></span> 
     </span>
    </p>
   </div>
   <div class='ocr_carea' id='block_1_23' title="bbox 995 3330 1142 3387">
    <p class='ocr_par' dir='ltr' id='par_1_24' title="bbox 995 3330 1142 3387">
     <span class='ocr_line' id='line_1_54' title="bbox 995 3330 1142 3387; baseline -0.02 0"><span class='ocrx_word' id='word_1_273' title='bbox 995 3330 1142 3387; x_wconf 78' lang='lat' dir='ltr'><strong>similiter.</strong></span> 
     </span>
    </p>
   </div>
   <div class='ocr_carea' id='block_1_24' title="bbox 1028 3414 1821 3494">
    <p class='ocr_par' dir='ltr' id='par_1_25' title="bbox 1028 3414 1821 3494">
     <span class='ocr_line' id='line_1_55' title="bbox 1028 3414 1821 3494; baseline -0.006 -18"><span class='ocrx_word' id='word_1_274' title='bbox 1028 3419 1185 3491; x_wconf 79' lang='lat' dir='ltr'><strong>Gregorius</strong></span> <span class='ocrx_word' id='word_1_275' title='bbox 1218 3414 1396 3494; x_wconf 80' lang='lat' dir='ltr'><strong>[Georgius]</strong></span> <span class='ocrx_word' id='word_1_276' title='bbox 1427 3415 1629 3474; x_wconf 83' lang='lat' dir='ltr'><strong>sanctissimus</strong></span> <span class='ocrx_word' id='word_1_277' title='bbox 1667 3415 1821 3488; x_wconf 87' lang='lat' dir='ltr'><strong>episeopus</strong></span> 
     </span>
    </p>
   </div>
   <div class='ocr_carea' id='block_1_25' title="bbox 992 3506 1249 3580">
    <p class='ocr_par' dir='ltr' id='par_1_26' title="bbox 992 3506 1249 3580">
     <span class='ocr_line' id='line_1_56' title="bbox 992 3506 1249 3580; baseline -0.016 -15"><span class='ocrx_word' id='word_1_278' title='bbox 992 3509 1088 3580; x_wconf 82' lang='lat' dir='ltr'><strong>Nyssae</strong></span> <span class='ocrx_word' id='word_1_279' title='bbox 1103 3506 1249 3564; x_wconf 87' lang='lat' dir='ltr'><strong>similiter.</strong></span> 
     </span>
    </p>
   </div>
   <div class='ocr_carea' id='block_1_26' title="bbox 1026 3591 1818 3668">
    <p class='ocr_par' dir='ltr' id='par_1_27' title="bbox 1026 3591 1818 3668">
     <span class='ocr_line' id='line_1_57' title="bbox 1026 3591 1818 3668; baseline -0.006 -14"><span class='ocrx_word' id='word_1_280' title='bbox 1026 3598 1203 3656; x_wconf 84' lang='lat' dir='ltr'><strong>Theodosius</strong></span> <span class='ocrx_word' id='word_1_281' title='bbox 1224 3596 1427 3657; x_wconf 81' lang='lat' dir='ltr'><strong>sanctissimus</strong></span> <span class='ocrx_word' id='word_1_282' title='bbox 1444 3595 1597 3668; x_wconf 87' lang='lat' dir='ltr'><strong>episeopus</strong></span> <span class='ocrx_word' id='word_1_283' title='bbox 1617 3591 1818 3651; x_wconf 88' lang='lat' dir='ltr'><strong>Pinarensium</strong></span> 
     </span>
    </p>
   </div>
   <div class='ocr_carea' id='block_1_27' title="bbox 146 3685 1139 3758">
    <p class='ocr_par' dir='ltr' id='par_1_28' title="bbox 146 3685 1139 3758">
     <span class='ocr_line' id='line_1_58' title="bbox 146 3685 1139 3758; baseline 0 -15"><span class='ocrx_word' id='word_1_284' title='bbox 146 3687 350 3745; x_wconf 83' lang='lat' dir='ltr'><strong>constantinus</strong></span> <span class='ocrx_word' id='word_1_285' title='bbox 364 3686 566 3744; x_wconf 83' lang='lat' dir='ltr'><strong>sanctissimos</strong></span> <span class='ocrx_word' id='word_1_286' title='bbox 579 3685 732 3758; x_wconf 88' lang='lat' dir='ltr'><strong>episeopus</strong></span> <span class='ocrx_word' id='word_1_287' title='bbox 743 3687 873 3745; x_wconf 79' lang='lat' dir='ltr'><strong>caesaria</strong></span> <span class='ocrx_word' id='word_1_288' title='bbox 891 3687 937 3747; x_wconf 90' lang='lat' dir='ltr'><strong>Bi·</strong></span> <span class='ocrx_word' id='word_1_289' title='bbox 991 3687 1139 3746; x_wconf 82' lang='lat' dir='ltr'><strong>similiter.</strong></span> 
     </span>
    </p>
   </div>
   <div class='ocr_carea' id='block_1_28' title="bbox 120 3773 375 3847">
    <p class='ocr_par' dir='ltr' id='par_1_29' title="bbox 120 3773 375 3847">
     <span class='ocr_line' id='line_1_59' title="bbox 120 3773 375 3847; baseline -0.004 -17"><span class='ocrx_word' id='word_1_290' title='bbox 120 3773 375 3847; x_wconf 79' lang='lat' dir='ltr'><strong>thyniasimiliter.</strong></span> 
     </span>
    </p>
   </div>
   <div class='ocr_carea' id='block_1_29' title="bbox 1026 3769 1819 3847">
    <p class='ocr_par' dir='ltr' id='par_1_30' title="bbox 1026 3769 1819 3847">
     <span class='ocr_line' id='line_1_60' title="bbox 1026 3769 1819 3847; baseline -0.008 -14"><span class='ocrx_word' id='word_1_291' title='bbox 1026 3778 1198 3835; x_wconf 83' lang='lat' dir='ltr'><strong>Nicodemus</strong></span> <span class='ocrx_word' id='word_1_292' title='bbox 1213 3775 1415 3834; x_wconf 81' lang='lat' dir='ltr'><strong>sanctissimus</strong></span> <span class='ocrx_word' id='word_1_293' title='bbox 1433 3775 1586 3847; x_wconf 86' lang='lat' dir='ltr'><strong>episeopus</strong></span> <span class='ocrx_word' id='word_1_294' title='bbox 1597 3771 1708 3844; x_wconf 89' lang='lat' dir='ltr'><strong>Sidymi</strong></span> <span class='ocrx_word' id='word_1_295' title='bbox 1730 3769 1819 3828; x_wconf 89' lang='lat' dir='ltr'><strong>simi-</strong></span> 
     </span>
    </p>
   </div>
   <div class='ocr_carea' id='block_1_30' title="bbox 146 3862 1068 3937">
    <p class='ocr_par' dir='ltr' id='par_1_31' title="bbox 146 3862 1068 3937">
     <span class='ocr_line' id='line_1_61' title="bbox 146 3862 1068 3937; baseline 0.003 -16"><span class='ocrx_word' id='word_1_296' title='bbox 146 3865 371 3936; x_wconf 87' lang='lat' dir='ltr'><strong>iheophylaetus</strong></span> <span class='ocrx_word' id='word_1_297' title='bbox 384 3862 587 3921; x_wconf 86' lang='lat' dir='ltr'><strong>sanctissimus</strong></span> <span class='ocrx_word' id='word_1_298' title='bbox 598 3864 751 3937; x_wconf 87' lang='lat' dir='ltr'><strong>episeopus</strong></span> <span class='ocrx_word' id='word_1_299' title='bbox 765 3863 936 3937; x_wconf 84' lang='lat' dir='ltr'><strong>hpoilouia-</strong></span> <span class='ocrx_word' id='word_1_300' title='bbox 989 3866 1068 3925; x_wconf 86' lang='lat' dir='ltr'><strong>liter.</strong></span> 
     </span>
    </p>
   </div>
   <div class='ocr_carea' id='block_1_31' title="bbox 119 3951 319 4012">
    <p class='ocr_par' dir='ltr' id='par_1_32' title="bbox 119 3951 319 4012">
     <span class='ocr_line' id='line_1_62' title="bbox 119 3951 319 4012; baseline 0.005 -5"><span class='ocrx_word' id='word_1_301' title='bbox 119 3951 154 4008; x_wconf 88' lang='lat' dir='ltr'><strong>dis</strong></span> <span class='ocrx_word' id='word_1_302' title='bbox 170 3954 319 4012; x_wconf 88' lang='lat' dir='ltr'><strong>similiter.</strong></span> 
     </span>
    </p>
   </div>
   <div class='ocr_carea' id='block_1_32' title="bbox 1023 3950 1841 4030">
    <p class='ocr_par' dir='ltr' id='par_1_33' title="bbox 1023 3950 1841 4030">
     <span class='ocr_line' id='line_1_63' title="bbox 1023 3950 1841 4030; baseline -0.007 -19"><span class='ocrx_word' id='word_1_303' title='bbox 1023 3954 1180 4028; x_wconf 77' lang='lat' dir='ltr'><strong>Gregorius</strong></span> <span class='ocrx_word' id='word_1_304' title='bbox 1192 3950 1371 4030; x_wconf 83' lang='lat' dir='ltr'><strong>[Georgius]</strong></span> <span class='ocrx_word' id='word_1_305' title='bbox 1386 3952 1588 4011; x_wconf 84' lang='lat' dir='ltr'><strong>sanctissimus</strong></span> <span class='ocrx_word' id='word_1_306' title='bbox 1598 3951 1751 4023; x_wconf 87' lang='lat' dir='ltr'><strong>episcopus</strong></span> <span class='ocrx_word' id='word_1_307' title='bbox 1762 3951 1818 4006; x_wconf 91' lang='lat' dir='ltr'><strong>ilu-</strong></span> <span class='ocrx_word' id='word_1_308' title='bbox 1838 3966 1841 3974; x_wconf 91' lang='lat'>·</span> 
     </span>
    </p>
   </div>
   <div class='ocr_carea' id='block_1_33' title="bbox 144 4041 1333 4116">
    <p class='ocr_par' dir='ltr' id='par_1_34' title="bbox 144 4041 1333 4116">
     <span class='ocr_line' id='line_1_64' title="bbox 144 4041 1333 4116; baseline 0.001 -16"><span class='ocrx_word' id='word_1_309' title='bbox 144 4042 282 4116; x_wconf 77' lang='lat' dir='ltr'><strong>Georgius</strong></span> <span class='ocrx_word' id='word_1_310' title='bbox 296 4041 498 4099; x_wconf 81' lang='lat' dir='ltr'><strong>sanctissimus</strong></span> <span class='ocrx_word' id='word_1_311' title='bbox 512 4041 665 4114; x_wconf 85' lang='lat' dir='ltr'><strong>episeopus</strong></span> <span class='ocrx_word' id='word_1_312' title='bbox 676 4043 882 4116; x_wconf 82' lang='lat' dir='ltr'><strong>Basinupoleos</strong></span> <span class='ocrx_word' id='word_1_313' title='bbox 895 4045 934 4104; x_wconf 90' lang='lat' dir='ltr'><strong>si·</strong></span> <span class='ocrx_word' id='word_1_314' title='bbox 988 4045 1171 4104; x_wconf 85' lang='lat' dir='ltr'><strong>uladeusium</strong></span> <span class='ocrx_word' id='word_1_315' title='bbox 1187 4045 1333 4102; x_wconf 89' lang='lat' dir='ltr'><strong>similiter.</strong></span> 
     </span>
    </p>
   </div>
   <div class='ocr_carea' id='block_1_34' title="bbox 120 4130 860 4294">
    <p class='ocr_par' dir='ltr' id='par_1_35' title="bbox 120 4130 860 4294">
     <span class='ocr_line' id='line_1_65' title="bbox 120 4130 860 4294; baseline 0 -16"><span class='ocrx_word' id='word_1_316' title='bbox 120 4130 409 4280; x_wconf 54' lang='grc' dir='ltr'><strong>Ἣὲαιιοῑὶεεὶωυε</strong></span> <span class='ocrx_word' id='word_1_317' title='bbox 424 4221 577 4294; x_wconf 84' lang='lat' dir='ltr'><strong>episeopus</strong></span> <span class='ocrx_word' id='word_1_318' title='bbox 590 4219 695 4279; x_wconf 74' lang='lat' dir='ltr'><strong>Ariste</strong></span> <span class='ocrx_word' id='word_1_319' title='bbox 713 4221 860 4280; x_wconf 89' lang='lat' dir='ltr'><strong>similiter.</strong></span> 
     </span>
    </p>
   </div>
   <div class='ocr_carea' id='block_1_35' title="bbox 1021 4128 1816 4293">
    <p class='ocr_par' dir='ltr' id='par_1_36' title="bbox 1021 4128 1816 4293">
     <span class='ocr_line' id='line_1_66' title="bbox 1021 4128 1813 4205; baseline -0.006 -13"><span class='ocrx_word' id='word_1_320' title='bbox 1021 4134 1227 4192; x_wconf 84' lang='lat' dir='ltr'><strong>Constantinus</strong></span> <span class='ocrx_word' id='word_1_321' title='bbox 1246 4134 1399 4205; x_wconf 86' lang='lat' dir='ltr'><strong>episeopus</strong></span> <span class='ocrx_word' id='word_1_322' title='bbox 1417 4131 1641 4190; x_wconf 83' lang='lat' dir='ltr'><strong>candibensium</strong></span> <span class='ocrx_word' id='word_1_323' title='bbox 1665 4128 1813 4191; x_wconf 86' lang='lat' dir='ltr'><strong>similiter.</strong></span> 
     </span>
     <span class='ocr_line' id='line_1_67' title="bbox 1021 4217 1816 4293; baseline -0.005 -12"><span class='ocrx_word' id='word_1_324' title='bbox 1021 4224 1190 4282; x_wconf 85' lang='lat' dir='ltr'><strong>Stauraeius</strong></span> <span class='ocrx_word' id='word_1_325' title='bbox 1207 4222 1411 4281; x_wconf 80' lang='lat' dir='ltr'><strong>sanctissimus</strong></span> <span class='ocrx_word' id='word_1_326' title='bbox 1424 4221 1578 4293; x_wconf 85' lang='lat' dir='ltr'><strong>episeopus</strong></span> <span class='ocrx_word' id='word_1_327' title='bbox 1592 4217 1764 4290; x_wconf 84' lang='lat' dir='ltr'><strong>zenopoleos</strong></span> <span class='ocrx_word' id='word_1_328' title='bbox 1778 4218 1816 4277; x_wconf 90' lang='lat' dir='ltr'><strong>si·</strong></span> 
     </span>
    </p>
   </div>
   <div class='ocr_carea' id='block_1_36' title="bbox 143 4310 1106 4387">
    <p class='ocr_par' dir='ltr' id='par_1_37' title="bbox 143 4310 1106 4387">
     <span class='ocr_line' id='line_1_68' title="bbox 143 4310 1106 4387; baseline 0.003 -23"><span class='ocrx_word' id='word_1_329' title='bbox 143 4310 323 4380; x_wconf 79' lang='lat' dir='ltr'><strong>Nicephorus</strong></span> <span class='ocrx_word' id='word_1_330' title='bbox 343 4310 546 4368; x_wconf 87' lang='lat' dir='ltr'><strong>sanctissimus</strong></span> <span class='ocrx_word' id='word_1_331' title='bbox 565 4311 718 4382; x_wconf 86' lang='lat' dir='ltr'><strong>episeopus</strong></span> <span class='ocrx_word' id='word_1_332' title='bbox 731 4310 838 4369; x_wconf 72' lang='lat' dir='ltr'><strong>ildradi</strong></span> <span class='ocrx_word' id='word_1_333' title='bbox 854 4313 934 4373; x_wconf 86' lang='lat' dir='ltr'><strong>simi-</strong></span> <span class='ocrx_word' id='word_1_334' title='bbox 988 4312 1106 4387; x_wconf 79' lang='lat' dir='ltr'><strong>militer.</strong></span> 
     </span>
    </p>
   </div>
   <div class='ocr_carea' id='block_1_37' title="bbox 116 4394 932 4829">
    <p class='ocr_par' dir='ltr' id='par_1_38' title="bbox 116 4394 932 4723">
     <span class='ocr_line' id='line_1_69' title="bbox 118 4394 716 4562; baseline 0 -17"><span class='ocrx_word' id='word_1_335' title='bbox 118 4394 266 4546; x_wconf 55' lang='lat' dir='ltr'><strong>¹¹¹lellusilius</strong></span> <span class='ocrx_word' id='word_1_336' title='bbox 278 4487 407 4545; x_wconf 81' lang='lat' dir='ltr'><strong>vicarius</strong></span> <span class='ocrx_word' id='word_1_337' title='bbox 428 4489 554 4562; x_wconf 87' lang='lat' dir='ltr'><strong>Dascylii</strong></span> <span class='ocrx_word' id='word_1_338' title='bbox 569 4489 716 4547; x_wconf 86' lang='lat' dir='ltr'><strong>similiter.</strong></span> 
     </span>
     <span class='ocr_line' id='line_1_70' title="bbox 138 4576 932 4680; baseline 0.008 -46"><span class='ocrx_word' id='word_1_339' title='bbox 138 4576 344 4680; x_wconf 75' lang='lat' dir='ltr'><strong>Gonstantiuus</strong></span> <span class='ocrx_word' id='word_1_340' title='bbox 363 4578 566 4637; x_wconf 86' lang='lat' dir='ltr'><strong>sanctissimus</strong></span> <span class='ocrx_word' id='word_1_341' title='bbox 588 4579 741 4651; x_wconf 85' lang='lat' dir='ltr'><strong>episeopus</strong></span> <span class='ocrx_word' id='word_1_342' title='bbox 760 4580 871 4639; x_wconf 84' lang='lat' dir='ltr'><strong>carinae</strong></span> <span class='ocrx_word' id='word_1_343' title='bbox 885 4583 932 4640; x_wconf 91' lang='lat' dir='ltr'><strong>si-</strong></span> 
     </span>
     <span class='ocr_line' id='line_1_71' title="bbox 116 4678 220 4723; baseline 0.029 -3"><span class='ocrx_word' id='word_1_344' title='bbox 116 4678 135 4720; x_wconf 88' lang='lat' dir='ltr'><strong>n</strong></span> <span class='ocrx_word' id='word_1_345' title='bbox 213 4709 220 4723; x_wconf 91' lang='lat'><strong>.</strong></span> 
     </span>
    </p>

    <p class='ocr_par' dir='ltr' id='par_1_39' title="bbox 137 4667 874 4829">
     <span class='ocr_line' id='line_1_72' title="bbox 137 4667 874 4829; baseline 0.005 -17"><span class='ocrx_word' id='word_1_346' title='bbox 137 4667 235 4815; x_wconf 54' lang='lat' dir='ltr'><strong>&#39;illigeris</strong></span> <span class='ocrx_word' id='word_1_347' title='bbox 249 4754 455 4814; x_wconf 82' lang='lat' dir='ltr'><strong>sanctissimus</strong></span> <span class='ocrx_word' id='word_1_348' title='bbox 468 4755 621 4829; x_wconf 85' lang='lat' dir='ltr'><strong>episeopus</strong></span> <span class='ocrx_word' id='word_1_349' title='bbox 634 4757 713 4816; x_wconf 78' lang='lat' dir='ltr'><strong>liele</strong></span> <span class='ocrx_word' id='word_1_350' title='bbox 727 4758 874 4817; x_wconf 84' lang='lat' dir='ltr'><strong>similiter.</strong></span> 
     </span>
    </p>
   </div>
   <div class='ocr_carea' id='block_1_38' title="bbox 940 4393 1816 4547">
    <p class='ocr_par' dir='ltr' id='par_1_40' title="bbox 940 4393 1816 4547">
     <span class='ocr_line' id='line_1_73' title="bbox 940 4393 1816 4500; baseline -0.014 -39"><span class='ocrx_word' id='word_1_351' title='bbox 940 4436 972 4500; x_wconf 57' lang='grc' dir='ltr'><strong>υ</strong></span> <span class='ocrx_word' id='word_1_352' title='bbox 1021 4404 1076 4460; x_wconf 83' lang='lat' dir='ltr'><strong>Leo</strong></span> <span class='ocrx_word' id='word_1_353' title='bbox 1096 4401 1300 4460; x_wconf 84' lang='lat' dir='ltr'><strong>sanctissimus</strong></span> <span class='ocrx_word' id='word_1_354' title='bbox 1322 4399 1474 4471; x_wconf 84' lang='lat' dir='ltr'><strong>episeopus</strong></span> <span class='ocrx_word' id='word_1_355' title='bbox 1494 4396 1704 4468; x_wconf 81' lang='lat' dir='ltr'><strong>limyrensium</strong></span> <span class='ocrx_word' id='word_1_356' title='bbox 1726 4393 1816 4452; x_wconf 86' lang='lat' dir='ltr'><strong>simi-</strong></span> 
     </span>
     <span class='ocr_line' id='line_1_74' title="bbox 986 4489 1062 4547; baseline -0.026 0"><span class='ocrx_word' id='word_1_357' title='bbox 986 4489 1062 4547; x_wconf 88' lang='lat' dir='ltr'><strong>liter.</strong></span> 
     </span>
    </p>
   </div>
   <div class='ocr_carea' id='block_1_39' title="bbox 1019 4570 1812 4649">
    <p class='ocr_par' dir='ltr' id='par_1_41' title="bbox 1019 4570 1812 4649">
     <span class='ocr_line' id='line_1_75' title="bbox 1019 4570 1812 4649; baseline -0.01 -13"><span class='ocrx_word' id='word_1_358' title='bbox 1019 4579 1180 4649; x_wconf 81' lang='lat' dir='ltr'><strong>Stephanus</strong></span> <span class='ocrx_word' id='word_1_359' title='bbox 1206 4575 1408 4642; x_wconf 89' lang='lat' dir='ltr'><strong>sanctissimus</strong></span> <span class='ocrx_word' id='word_1_360' title='bbox 1434 4574 1587 4647; x_wconf 88' lang='lat' dir='ltr'><strong>episeopus</strong></span> <span class='ocrx_word' id='word_1_361' title='bbox 1620 4570 1812 4630; x_wconf 82' lang='lat' dir='ltr'><strong>caunensium</strong></span> 
     </span>
    </p>
   </div>
   <div class='ocr_carea' id='block_1_40' title="bbox 984 4667 1130 4727">
    <p class='ocr_par' dir='ltr' id='par_1_42' title="bbox 984 4667 1130 4727">
     <span class='ocr_line' id='line_1_76' title="bbox 984 4667 1130 4727; baseline -0.027 0"><span class='ocrx_word' id='word_1_362' title='bbox 984 4667 1130 4727; x_wconf 85' lang='lat' dir='ltr'><strong>similiter.</strong></span> 
     </span>
    </p>
   </div>
   <div class='ocr_carea' id='block_1_41' title="bbox 1018 4750 1809 4825">
    <p class='ocr_par' dir='ltr' id='par_1_43' title="bbox 1018 4750 1809 4825">
     <span class='ocr_line' id='line_1_77' title="bbox 1018 4750 1809 4825; baseline -0.006 -11"><span class='ocrx_word' id='word_1_363' title='bbox 1018 4756 1225 4814; x_wconf 85' lang='lat' dir='ltr'><strong>Constantinus</strong></span> <span class='ocrx_word' id='word_1_364' title='bbox 1258 4755 1460 4812; x_wconf 81' lang='lat' dir='ltr'><strong>sanctissimus</strong></span> <span class='ocrx_word' id='word_1_365' title='bbox 1495 4753 1650 4825; x_wconf 87' lang='lat' dir='ltr'><strong>episcopus</strong></span> <span class='ocrx_word' id='word_1_366' title='bbox 1674 4750 1809 4809; x_wconf 78' lang='lat' dir='ltr'><strong>lensium</strong></span> 
     </span>
    </p>
   </div>
   <div class='ocr_carea' id='block_1_42' title="bbox 139 4843 1321 4924">
    <p class='ocr_par' dir='ltr' id='par_1_44' title="bbox 139 4843 1321 4924">
     <span class='ocr_line' id='line_1_78' title="bbox 139 4843 1321 4924; baseline -0.001 -24"><span class='ocrx_word' id='word_1_367' title='bbox 139 4846 303 4918; x_wconf 80' lang='lat' dir='ltr'><strong>Neophytos</strong></span> <span class='ocrx_word' id='word_1_368' title='bbox 311 4844 929 4918; x_wconf 81' lang='lat' dir='ltr'><strong>sanedssinnsepisoopusGordoservorum</strong></span> <span class='ocrx_word' id='word_1_369' title='bbox 984 4844 1060 4924; x_wconf 87' lang='lat' dir='ltr'><strong>[Gr.,</strong></span> <span class='ocrx_word' id='word_1_370' title='bbox 1073 4843 1158 4921; x_wconf 85' lang='lat' dir='ltr'><strong>Tlon]</strong></span> <span class='ocrx_word' id='word_1_371' title='bbox 1175 4845 1321 4902; x_wconf 88' lang='lat' dir='ltr'><strong>similiter.</strong></span> 
     </span>
    </p>
   </div>
   <div class='ocr_carea' id='block_1_43' title="bbox 112 4934 855 5095">
    <p class='ocr_par' dir='ltr' id='par_1_45' title="bbox 112 4934 855 5095">
     <span class='ocr_line' id='line_1_79' title="bbox 112 4934 855 5095; baseline 0.003 -15"><span class='ocrx_word' id='word_1_372' title='bbox 112 4934 412 5082; x_wconf 49' lang='lat' dir='ltr'><strong>“mirensium</strong></span> <span class='ocrx_word' id='word_1_373' title='bbox 431 5024 585 5095; x_wconf 87' lang='lat' dir='ltr'><strong>episeopus</strong></span> <span class='ocrx_word' id='word_1_374' title='bbox 598 5023 693 5082; x_wconf 82' lang='lat' dir='ltr'><strong>Linoae</strong></span> <span class='ocrx_word' id='word_1_375' title='bbox 708 5023 855 5083; x_wconf 87' lang='lat' dir='ltr'><strong>similiter.</strong></span> 
     </span>
    </p>
   </div>
   <div class='ocr_carea' id='block_1_44' title="bbox 1017 4930 1810 5004">
    <p class='ocr_par' dir='ltr' id='par_1_46' title="bbox 1017 4930 1810 5004">
     <span class='ocr_line' id='line_1_80' title="bbox 1017 4930 1810 5004; baseline -0.005 -12"><span class='ocrx_word' id='word_1_376' title='bbox 1017 4934 1225 4993; x_wconf 82' lang='lat' dir='ltr'><strong>Constantinus</strong></span> <span class='ocrx_word' id='word_1_377' title='bbox 1235 4932 1439 4991; x_wconf 82' lang='lat' dir='ltr'><strong>sanctissimus</strong></span> <span class='ocrx_word' id='word_1_378' title='bbox 1447 4930 1601 5004; x_wconf 80' lang='lat' dir='ltr'><strong>episeopus</strong></span> <span class='ocrx_word' id='word_1_379' title='bbox 1609 4930 1810 4990; x_wconf 83' lang='lat' dir='ltr'><strong>cennensium</strong></span> 
     </span>
    </p>
   </div>
   <div class='ocr_carea' id='block_1_45' title="bbox 982 5025 1129 5083">
    <p class='ocr_par' dir='ltr' id='par_1_47' title="bbox 982 5025 1129 5083">
     <span class='ocr_line' id='line_1_81' title="bbox 982 5025 1129 5083; baseline -0.027 0"><span class='ocrx_word' id='word_1_380' title='bbox 982 5025 1129 5083; x_wconf 85' lang='lat' dir='ltr'><strong>similiter.</strong></span> 
     </span>
    </p>
   </div>
   <div class='ocr_carea' id='block_1_46' title="bbox 135 5076 1807 5193">
    <p class='ocr_par' dir='ltr' id='par_1_48' title="bbox 135 5076 1807 5193">
     <span class='ocr_line' id='line_1_82' title="bbox 135 5076 1807 5193; baseline -0.002 -21"><span class='ocrx_word' id='word_1_381' title='bbox 135 5112 255 5172; x_wconf 71' lang='lat' dir='ltr'><strong>imnum</strong></span> <span class='ocrx_word' id='word_1_382' title='bbox 268 5113 472 5171; x_wconf 84' lang='lat' dir='ltr'><strong>sanctissimus</strong></span> <span class='ocrx_word' id='word_1_383' title='bbox 486 5112 638 5186; x_wconf 83' lang='lat' dir='ltr'><strong>episcopus</strong></span> <span class='ocrx_word' id='word_1_384' title='bbox 652 5115 835 5173; x_wconf 81' lang='lat' dir='ltr'><strong>liteueusium</strong></span> <span class='ocrx_word' id='word_1_385' title='bbox 849 5111 929 5193; x_wconf 88' lang='lat' dir='ltr'><strong>[Ne-</strong></span> <span class='ocrx_word' id='word_1_386' title='bbox 1017 5117 1119 5172; x_wconf 87' lang='lat' dir='ltr'><strong>Petrus</strong></span> <span class='ocrx_word' id='word_1_387' title='bbox 1128 5111 1331 5171; x_wconf 81' lang='lat' dir='ltr'><strong>sanctissimus</strong></span> <span class='ocrx_word' id='word_1_388' title='bbox 1341 5076 1715 5183; x_wconf 51' lang='lat' dir='ltr'><strong>episeopus&#39;oreadensium</strong></span> <span class='ocrx_word' id='word_1_389' title='bbox 1731 5106 1807 5187; x_wconf 84' lang='lat' dir='ltr'><strong>[Gr.,</strong></span> 
     </span>
    </p>
   </div>
   <div class='ocr_carea' id='block_1_47' title="bbox 109 5198 468 5278">
    <p class='ocr_par' dir='ltr' id='par_1_49' title="bbox 109 5198 468 5278">
     <span class='ocr_line' id='line_1_83' title="bbox 109 5198 468 5278; baseline -0.003 -20"><span class='ocrx_word' id='word_1_390' title='bbox 109 5198 305 5278; x_wconf 75' lang='lat' dir='ltr'><strong>oenueuslum]</strong></span> <span class='ocrx_word' id='word_1_391' title='bbox 320 5201 468 5259; x_wconf 75' lang='lat' dir='ltr'><strong>similiter.</strong></span> 
     </span>
    </p>
   </div>
   <div class='ocr_carea' id='block_1_48' title="bbox 981 5197 1808 5278">
    <p class='ocr_par' dir='ltr' id='par_1_50' title="bbox 981 5197 1808 5278">
     <span class='ocr_line' id='line_1_84' title="bbox 981 5197 1808 5278; baseline -0.006 -17"><span class='ocrx_word' id='word_1_392' title='bbox 981 5205 1083 5262; x_wconf 86' lang='lat' dir='ltr'><strong>Petrus</strong></span> <span class='ocrx_word' id='word_1_393' title='bbox 1105 5202 1245 5261; x_wconf 86' lang='lat' dir='ltr'><strong>diaeonus</strong></span> <span class='ocrx_word' id='word_1_394' title='bbox 1258 5205 1287 5259; x_wconf 91' lang='lat' dir='ltr'><strong>et</strong></span> <span class='ocrx_word' id='word_1_395' title='bbox 1304 5200 1433 5258; x_wconf 80' lang='lat' dir='ltr'><strong>vinarius</strong></span> <span class='ocrx_word' id='word_1_396' title='bbox 1455 5197 1701 5278; x_wconf 77' lang='lat' dir='ltr'><strong>hyrcanensium]</strong></span> <span class='ocrx_word' id='word_1_397' title='bbox 1718 5199 1808 5257; x_wconf 91' lang='lat' dir='ltr'><strong>slmi-</strong></span> 
     </span>
    </p>
   </div>
   <div class='ocr_carea' id='block_1_49' title="bbox 132 5290 1058 5364">
    <p class='ocr_par' dir='ltr' id='par_1_51' title="bbox 132 5290 1058 5364">
     <span class='ocr_line' id='line_1_85' title="bbox 132 5290 1058 5364; baseline -0.001 -14"><span class='ocrx_word' id='word_1_398' title='bbox 132 5290 339 5351; x_wconf 76' lang='lat' dir='ltr'><strong>Goustantinus</strong></span> <span class='ocrx_word' id='word_1_399' title='bbox 361 5291 566 5350; x_wconf 75' lang='lat' dir='ltr'><strong>saneussimus</strong></span> <span class='ocrx_word' id='word_1_400' title='bbox 588 5291 743 5364; x_wconf 85' lang='lat' dir='ltr'><strong>episeopus</strong></span> <span class='ocrx_word' id='word_1_401' title='bbox 766 5292 925 5352; x_wconf 83' lang='lat' dir='ltr'><strong>zelensium</strong></span> <span class='ocrx_word' id='word_1_402' title='bbox 981 5294 1058 5354; x_wconf 81' lang='lat' dir='ltr'><strong>iiior.</strong></span> 
     </span>
    </p>
   </div>
   <div class='ocr_carea' id='block_1_50' title="bbox 110 5371 504 5457">
    <p class='ocr_par' dir='ltr' id='par_1_52' title="bbox 110 5371 504 5457">
     <span class='ocr_line' id='line_1_86' title="bbox 110 5371 504 5457; baseline 0 -21"><span class='ocrx_word' id='word_1_403' title='bbox 110 5371 342 5457; x_wconf 54' lang='lat' dir='ltr'><strong>[dunensium]</strong></span> <span class='ocrx_word' id='word_1_404' title='bbox 355 5380 504 5437; x_wconf 89' lang='lat' dir='ltr'><strong>similiter.</strong></span> 
     </span>
    </p>
   </div>
   <div class='ocr_carea' id='block_1_51' title="bbox 1014 5377 1805 5456">
    <p class='ocr_par' dir='ltr' id='par_1_53' title="bbox 1014 5377 1805 5456">
     <span class='ocr_line' id='line_1_87' title="bbox 1014 5377 1805 5456; baseline -0.009 -18"><span class='ocrx_word' id='word_1_405' title='bbox 1014 5383 1136 5440; x_wconf 85' lang='lat' dir='ltr'><strong>ioannes</strong></span> <span class='ocrx_word' id='word_1_406' title='bbox 1161 5381 1302 5441; x_wconf 86' lang='lat' dir='ltr'><strong>diaeonus</strong></span> <span class='ocrx_word' id='word_1_407' title='bbox 1323 5386 1352 5438; x_wconf 88' lang='lat' dir='ltr'><strong>et</strong></span> <span class='ocrx_word' id='word_1_408' title='bbox 1378 5380 1542 5456; x_wconf 80' lang='lat' dir='ltr'><strong>vicegerens</strong></span> <span class='ocrx_word' id='word_1_409' title='bbox 1559 5377 1805 5437; x_wconf 85' lang='lat' dir='ltr'><strong>Phaselideuslum</strong></span> 
     </span>
    </p>
   </div>
   <div class='ocr_carea' id='block_1_52' title="bbox 134 5468 1127 5543">
    <p class='ocr_par' dir='ltr' id='par_1_54' title="bbox 134 5468 1127 5543">
     <span class='ocr_line' id='line_1_88' title="bbox 134 5468 1127 5543; baseline 0 -16"><span class='ocrx_word' id='word_1_410' title='bbox 134 5469 290 5543; x_wconf 78' lang='lat' dir='ltr'><strong>Gregorius</strong></span> <span class='ocrx_word' id='word_1_411' title='bbox 311 5469 515 5529; x_wconf 74' lang='lat' dir='ltr'><strong>sanctissimus</strong></span> <span class='ocrx_word' id='word_1_412' title='bbox 534 5468 687 5541; x_wconf 83' lang='lat' dir='ltr'><strong>episeopus</strong></span> <span class='ocrx_word' id='word_1_413' title='bbox 702 5468 816 5543; x_wconf 82' lang='lat' dir='ltr'><strong>Sinopae</strong></span> <span class='ocrx_word' id='word_1_414' title='bbox 829 5471 923 5530; x_wconf 85' lang='lat' dir='ltr'><strong>dixit.-</strong></span> <span class='ocrx_word' id='word_1_415' title='bbox 980 5469 1127 5531; x_wconf 87' lang='lat' dir='ltr'><strong>similiter.</strong></span> 
     </span>
    </p>
   </div>
   <div class='ocr_carea' id='block_1_53' title="bbox 108 5552 926 5632">
    <p class='ocr_par' dir='ltr' id='par_1_55' title="bbox 108 5552 926 5632">
     <span class='ocr_line' id='line_1_89' title="bbox 108 5552 926 5632; baseline 0.005 -16"><span class='ocrx_word' id='word_1_416' title='bbox 108 5552 341 5624; x_wconf 75' lang='lat' dir='ltr'><strong>Quemadmodum</strong></span> <span class='ocrx_word' id='word_1_417' title='bbox 355 5558 538 5616; x_wconf 85' lang='lat' dir='ltr'><strong>tradiderunt</strong></span> <span class='ocrx_word' id='word_1_418' title='bbox 551 5556 637 5616; x_wconf 89' lang='lat' dir='ltr'><strong>nohis</strong></span> <span class='ocrx_word' id='word_1_419' title='bbox 651 5557 708 5629; x_wconf 87' lang='lat' dir='ltr'><strong>ipsi</strong></span> <span class='ocrx_word' id='word_1_420' title='bbox 724 5558 775 5632; x_wconf 84' lang='lat' dir='ltr'><strong>qui</strong></span> <span class='ocrx_word' id='word_1_421' title='bbox 787 5558 824 5617; x_wconf 88' lang='lat' dir='ltr'><strong>ah</strong></span> <span class='ocrx_word' id='word_1_422' title='bbox 838 5560 926 5620; x_wconf 91' lang='lat' dir='ltr'><strong>initio</strong></span> 
     </span>
    </p>
   </div>
   <div class='ocr_carea' id='block_1_54' title="bbox 1015 5556 1542 5616">
    <p class='ocr_par' dir='ltr' id='par_1_56' title="bbox 1015 5556 1542 5616">
     <span class='ocr_line' id='line_1_90' title="bbox 1015 5556 1542 5616; baseline -0.013 0"><span class='ocrx_word' id='word_1_423' title='bbox 1015 5557 1122 5616; x_wconf 84' lang='lat' dir='ltr'><strong>Sabbas</strong></span> <span class='ocrx_word' id='word_1_424' title='bbox 1125 5597 1179 5613; x_wconf 88' lang='grc'><strong>.....</strong></span> <span class='ocrx_word' id='word_1_425' title='bbox 1196 5557 1325 5615; x_wconf 80' lang='lat' dir='ltr'><strong>vicarius</strong></span> <span class='ocrx_word' id='word_1_426' title='bbox 1338 5558 1383 5614; x_wconf 87' lang='lat' dir='ltr'><strong>Til</strong></span> <span class='ocrx_word' id='word_1_427' title='bbox 1396 5556 1542 5615; x_wconf 87' lang='lat' dir='ltr'><strong>similiter.</strong></span> 
     </span>
    </p>
   </div>
   <div class='ocr_carea' id='block_1_55' title="bbox 0 0 1942 6090">
    <p class='ocr_par' dir='ltr' id='par_1_57' title="bbox 0 0 1942 6090">
     <span class='ocr_line' id='line_1_91' title="bbox 0 0 1942 6090; baseline 0 0"><span class='ocrx_word' id='word_1_428' title='bbox 0 0 1942 6090; x_wconf 95' lang='lat' dir='ltr'><strong> </strong></span> 
     </span>
    </p>
   </div>
  </div>
 </body>
</html>
