3876 6090
104 252 160 313 329

495 251 768 310 mnbnnnhthnlo
787 249 911 306 Sl'nobt
931 248 978 303 vll
996 245 1253 302 succintus-
1270 248 1370 303 netto
1390 249 1433 302 ll'.

1769 240 1823 306 bae

107 378 172 436 dem
184 386 228 433 est
241 377 453 448 hereticorum,
470 379 521 450 qni
536 379 686 449 phantasia
705 385 733 435 et
748 393 803 435 non
823 376 941 432 veritate
955 375 982 432 Α
997 378 1089 429 elnon
1101 374 1202 445 utique
1214 379 1255 430 tot
1268 376 1470 432 multitudines
1483 376 1542 432 zelo
1561 381 1744 448 congregatas
1763 390 1822 432 suae

109 466 255 524 hominem
269 479 335 521 eum
349 465 454 523 lactum
469 468 606 524 maledice
621 468 781 538 perhibent,
795 473 822 523 et
836 468 864 522 in
881 479 944 521 ma-

111 555 319 612 nuductionem
343 556 494 625 quamdam
514 570 612 612 eorum
630 557 680 627 qui
703 570 757 611 non
780 555 941 612 omninoad

114 643 318 701 celsitudinem
341 644 493 700 ascendere
512 645 676 715 spiritualis
694 643 945 714 contemplationis

112 733 218 802 valent,
237 732 286 787 sed
311 732 442 805 indigent
454 734 539 788 etiam
559 734 679 804 quadam
693 733 834 803 corporali
854 731 947 787 ‹retusi-

114 822 263 879 deratione
274 822 310 878 ad
326 822 492 879 auditorum
505 822 724 889 llrmamentnm,
747 827 854 892 quanto
871 820 946 875 ride·

117 909 182 967 llcet
193 910 303 968 utilius
312 915 341 966 et
361 909 519 966 sollicitius
533 910 621 966 luerit
634 911 710 980 [Gr.,
725 925 818 966 rerum
836 910 949 967 audita·

117 1012 179 1056 runa
194 999 239 1056 llr.
257 1012 436 1071 quacunque
451 999 584 1055 utiliores
596 1004 673 1069 suut,
691 1006 720 1055 et
735 999 835 1069 majori
858 1012 950 1069 prose·

118 1088 239 1160 quendae
264 1087 393 1159 affectui.
419 1089 586 1158 hiysterium
610 1089 686 1145 enim
717 1088 791 1159 quod
814 1094 841 1144 et
862 1088 950 1144 coelos

118 1178 232 1249 operuit
246 1179 403 1247 majestate,
423 1178 624 1235 absconditum
639 1192 654 1234 a
668 1178 783 1234 saeculis
798 1183 825 1233 et
838 1191 952 1248 genera·

119 1266 253 1324 tionibus
263 1267 293 1322 in
307 1268 374 1336 lieo,
391 1267 441 1337 qui
459 1267 556 1322 omnia
571 1268 688 1339 creavit,
704 1272 732 1321 et
743 1267 817 1337 quod
834 1282 889 1323 non
901 1281 953 1323 so-

121 1355 179 1412 lum
202 1369 237 1411 ex
253 1355 357 1411 auditu
378 1356 460 1412 tidem
486 1356 570 1411 habet
585 1356 665 1425 (tides
685 1357 762 1412 enim
781 1371 816 1412 ex
837 1357 950 1425 auditu,

122 1444 162 1500 alt
171 1444 330 1514 Apostolus
342 1446 430 1513 {nom
445 1444 499 1515 xi),
513 1445 561 1500 sed
579 1445 665 1500 etiam
687 1460 735 1514 per
747 1445 885 1501 visionem
900 1446 953 1500 ltr-

125 1534 218 1590 matur
229 1532 260 1587 in
271 1546 370 1588 eorum
383 1534 526 1589 mentibus
539 1534 709 1605 quivident:
722 1539 750 1590 et
763 1535 869 1589 virtute
880 1533 952 1589 illud

125 1618 317 1687 rocileratur3
334 1623 402 1692 quia
424 1625 540 1680 sebeus
555 1622 748 1678 manifestavit
768 1623 907 1685 incarne,
927 1628 956 1678 ct

999 463 1125 535 pictatis,
1138 463 1244 519 diuina
1261 465 1459 535 intelligentiae
1469 480 1501 520 aa:
1511 465 1633 520 ducatus
1642 471 1768 521 exsortes
1779 465 1825 521 de

999 556 1114 621 sereret,
1140 567 1196 624 qno
1220 553 1316 610 minus
1336 555 1465 610 siderent
1487 554 1647 624 pervenisse
1678 552 1823 623 usquead

1000 644 1236 712 perseverantiam
1263 642 1446 714 perfectionis
1467 643 1600 699 Ecclesiae
1616 643 1719 712 ipsius,
1743 656 1827 712 quarn

1001 732 1168 787 exhibuisse
1183 730 1239 787 sibi
1260 733 1436 788 credidimus
1452 747 1508 789 non
1526 731 1673 788 habentem
1687 730 1827 786 maculam

1002 825 1052 876 aut
1081 834 1190 892 rugam,
1211 826 1261 878 ant
1284 821 1395 893 aliquid
1421 822 1602 892 hujusmodi:
1626 819 1694 875 licet
1714 833 1770 875 non
1797 818 1828 874 in

1004 909 1104 978 paucis
1121 911 1162 965 sel
1179 909 1356 982 ignobilibus
1377 910 1555 982 civitatibus,
1573 910 1632 981 sed,
1667 913 1679 964 t
1695 909 1735 965 ita
1751 908 1834 964 dixe-

1005 999 1070 1070 rim,
1085 1013 1154 1070 pene
1175 1001 1203 1055 in
1222 1001 1356 1056 omnihus
1372 1000 1548 1073 regionibus,
1567 1005 1595 1056 et
1617 1000 1647 1055 in
1665 997 1831 1055 illustribus

1004 1101 1036 1143 ac
1056 1088 1267 1158 principalibus
1281 1089 1418 1145 Ecclesiis
1434 1089 1600 1160 hujusmodi
1621 1101 1698 1144 more
1711 1092 1830 1144 retento.

1005 1178 1084 1247 Quod
1101 1191 1166 1233 vero
1180 1179 1333 1249 antiquum
1347 1179 1386 1234 sit
1403 1179 1557 1235 historicas
1570 1178 1749 1234 narrationes
1760 1177 1838 1232 Seria

1008 1272 1157 1338 pturarnm
1175 1265 1338 1338 frequenter
1354 1267 1383 1322 in
1399 1267 1575 1339 imaginibus
1587 1266 1716 1331 formari,
1734 1265 1837 1336 prohat

1007 1363 1113 1411 sancta
1124 1357 1267 1411 memoria
1282 1357 1413 1427 Gcegorii
1424 1358 1520 1427 Nyssa,
1532 1370 1634 1426 sermo,
1648 1356 1682 1411 de
1693 1354 1835 1410 Abraham

1008 1444 1116 1499 habens
1132 1444 1420 1514 superscriptionem,
1436 1445 1465 1499 in
1481 1458 1537 1514 quo
1552 1445 1587 1500 de
1600 1442 1741 1499 sacridcio
1756 1444 1833 1497 Isaac

1010 1533 1159 1588 historiam
1175 1533 1204 1587 in
1222 1534 1344 1602 picturis
1359 1540 1532 1603 assumptam
1551 1535 1640 1590 docet.
1656 1532 1734 1601 Quod
1751 1532 1776 1588 si
1788 1545 1837 1587 se-
1888 1543 1890 1547 ⁴

1010 1622 1136 1677 cundum
1153 1621 1220 1676 illos
1233 1623 1328 1678 taliter
1340 1637 1370 1677 sc
1383 1637 1427 1677 res
1446 1622 1539 1692 hahet,
1559 1621 1649 1677 multo
1665 1622 1737 1692 [Gr.,
1755 1619 1835 1691 Quod

126 1710 268 1767 creditum
283 1716 327 1766 est
343 1711 371 1767 in
391 1711 506 1780 mundo,
521 1711 656 1767 ominibus
671 1712 799 1767 sanctius
815 1717 899 1782 ratque
914 1726 955 1765 sa·
973 1717 995 1776 Β
1011 1709 1035 1764 si
1058 1717 1134 1780 gesta
1156 1710 1270 1765 illorum
1297 1711 1346 1778 ita,
1366 1710 1466 1781 multo,
1482 1711 1553 1780 etcl
1573 1710 1664 1781 magis
1683 1709 1838 1764 [lominicae

129 1798 243 1856 lubrius
260 1799 432 1855 invenietur.
453 1802 493 1855 lta
513 1805 545 1856 ut
561 1814 593 1856 ea
613 1815 675 1871 quae
691 1801 798 1870 scripta
821 1805 888 1854 sarit
909 1813 958 1868 per

129 1887 309 1959 evangelicas
321 1888 537 1957 praetextiones
549 1889 583 1944 de
592 1889 885 1958 conversationeeJ'us,
901 1901 957 1957 qua

131 1976 287 2032 secundum
303 1990 417 2032 carnem
431 1977 460 2032 in
478 1985 551 2033 terra
566 1992 630 2033 cum
653 1977 821 2033 hominibus
836 1990 960 2032 conver-

132 2068 211 2120 satus
228 2069 283 2134 est,
311 2066 339 2120 in
365 2066 544 2136 populorum,
563 2080 598 2122 ne
618 2066 791 2133 delerentur,
816 2066 959 2134 descripta

133 2153 190 2209 sint
213 2154 423 2210 monumentis:
448 2160 479 2211 ut
502 2161 530 2210 et
545 2155 642 2211 cultus
660 2154 803 2210 claritatis
826 2155 898 2223 ejus,
932 2157 961 2208 et

134 2243 209 2298 circa
225 2255 279 2298 nos
290 2242 440 2312 bonitatis,
454 2241 636 2299 manifestius
647 2243 849 2313 praedicaretur
860 2241 963 2298 made

137 2336 257 2387 raretur.
278 2333 340 2388 Non
362 2332 439 2387 enim
461 2331 605 2403 lignorum
623 2337 650 2387 et
675 2331 804 2387 colorum
825 2332 963 2385 adoratur

139 2420 270 2491 mistura,
285 2421 333 2475 sed
349 2419 601 2490 invisibilisDeus,
611 2420 661 2490 qui
674 2421 703 2475 in
716 2420 783 2475 sinu
795 2419 889 2475 Patris
903 2420 964 2488 ipse

139 2509 333 2566 adorationem
354 2510 476 2566 assumit
498 2509 527 2564 in
545 2509 652 2580 spiritu
670 2513 698 2564 et
717 2510 845 2578 veritate,
865 2522 914 2578 per
935 2521 965 2562 se

113 2595 118 2603 '
141 2597 221 2654 nobis
240 2596 415 2655 oblationem
431 2612 493 2669 qua
510 2599 543 2654 ad
564 2600 674 2653 Patrem
694 2602 746 2667 est,
767 2597 888 2669 donans,
906 2597 967 2668 ipse

142 2700 253 2758 quoque
266 2701 332 2743 cum
349 2687 412 2757 ipso
429 2687 535 2757 pariter
545 2687 708 2743 adorandus
722 2684 810 2758 (econ.
832 2687 878 2758 iv).
897 2688 967 2741 Nam

138 2775 264 2855 'etiacob
282 2777 416 2832 adorasse
439 2775 549 2832 dicitur
566 2789 652 2845 super
670 2775 863 2831 summitatem
882 2775 969 2846 virgae

144 2858 254 2935 loseph,
274 2878 330 2921 non
348 2863 427 2936 ligno
443 2865 553 2921 cultum
574 2864 749 2934 impendens,
764 2865 810 2919 sed
835 2864 969 2919 bonorem

146 2954 169 3009 ei
186 2954 238 3024 qui
263 2952 337 3008 hene
367 2953 539 3022 possidebat,
565 2954 717 3009 ostendens
736 2953 827 3024 (llerhr.
850 2952 898 3021 xi).
924 2953 971 3008 Sic

1011 1798 1237 1868 dispensationis
1253 1800 1391 1856 miracula
1401 1806 1429 1856 et
1447 1800 1593 1871 passiones
1608 1797 1773 1868 hujusmodi
1787 1797 1841 1852 de-

1013 1888 1079 1944 bent
1100 1889 1235 1959 consequi
1260 1889 1492 1958 approbationem
1510 1891 1582 1960 hdr..
1599 1884 1837 1958 expressionem,

1014 1979 1251 2049 quemadmodum
1276 1983 1304 2032 et
1324 1984 1488 2034 sarrctorum
1518 1984 1673 2049 martyrum
1699 1972 1842 2044 triumphi

1015 2066 1215 2135 certaminum,
1226 2065 1274 2136 qui
1283 2065 1316 2120 ad
1331 2067 1421 2123 zelum
1434 2068 1539 2123 honum
1550 2062 1845 2133 adducuntaspicien·

1015 2159 1067 2210 tos.
1080 2155 1157 2224 erod
1176 2155 1324 2211 manileste
1345 2155 1450 2212 lartum
1463 2155 1626 2212 ostenditur
1639 2153 1725 2209 ctiam
1740 2152 1769 2207 in
1790 2149 1845 2206 lor·

1017 2244 1125 2300 tissimi
1147 2248 1175 2300 et
1190 2243 1334 2300 mirabilis
1352 2245 1434 2301 testis
1449 2243 1580 2300 veritatis
1591 2240 1735 2298 Anastasii
1749 2244 1847 2294 certa-

1019 2335 1103 2389 mine.
1128 2333 1180 2389 Sed
1205 2332 1277 2388 illud
1294 2331 1416 2389 sortasse
1430 2333 1539 2389 dixerit
1553 2331 1674 2401 aliquis,
1685 2329 1761 2386 tueri
1774 2327 1847 2399 hdr„

1019 2422 1127 2490 vereril
1145 2421 1336 2477 necessarium
1353 2421 1436 2477 nobis
1451 2426 1555 2478 sanctae
1575 2418 1850 2489 Scriptura-praece-

1021 2516 1077 2582 pta.
1096 2511 1132 2566 Ut
1144 2516 1229 2580 puta:
1254 2512 1315 2567 Non
1333 2512 1418 2579 socies
1433 2511 1536 2565 tibimet
1556 2509 1669 2569 idolum,
1685 2522 1772 2576 neque
1790 2521 1852 2560 om-

1021 2616 1082 2654 nem
1101 2592 1318 2662 similitudinem,
1351 2613 1516 2669 quaecunque
1540 2599 1570 2651 in
1598 2597 1661 2651 coelo
1682 2610 1800 2656 sursum,
1827 2597 1853 2649 ct

1023 2704 1105 2759 super·
1128 2693 1230 2742 terrom
1251 2673 1386 2749 deorsum.
1409 2692 1433 2743 et
1456 2701 1622 2758 qaaecumque
1645 2687 1675 2738 in
1693 2685 1773 2753 equis
1792 2682 1856 2737 sab·

1024 2782 1067 2832 tus
1081 2781 1195 2831 terrem:
1208 2792 1262 2831 non
1280 2776 1408 2830 adorabis
1419 2792 1460 2839 eo,
1471 2791 1558 2845 arque
1570 2775 1669 2829 servies
1683 2773 1740 2826 illis
1755 2768 1856 2836 (and5

1025 2864 1082 2936 xx).
1102 2866 1134 2920 Ei
1149 2878 1266 2920 rnrsrts:
1286 2866 1347 2921 Non
1363 2866 1478 2934 decipies
1489 2879 1584 2917 nomen
1598 2863 1648 2916 Dei
1660 2862 1701 2916 lui
1712 2862 1742 2915 io
1753 2874 1855 2914 conum

1025 2953 1122 3024 (ibid).
1138 2955 1172 3008 Et
1186 2952 1215 3008 in
1239 2953 1477 3009 Deuteronomio:
1491 2954 1582 3021 Neque
1601 2953 1695 3020 inique
1716 2951 1815 3016 epotis,
1831 2951 1858 3003 et

148 3041 240 3112 itaque
252 3048 282 3097 et
302 3046 406 3096 sanctae
421 3042 534 3097 bomini
552 3047 581 3096 et
592 3056 703 3111 semper
721 3040 853 3112 gloriosae
872 3040 972 3096 hlatris
986 3034 1009 3094 C
1025 3042 1446 3111 sociatisarchistpsissrulptitcm
1456 3041 1673 3101 similitudinem,
1686 3043 1713 3093 et
1727 3054 1787 3108 qcae
1798 3052 1858 3092 carm

147 3128 249 3203 elligies
267 3129 444 3200 intelligitur
460 3143 475 3183 a
490 3129 598 3185 Christi
616 3130 730 3199 pupulo,
750 3136 778 3184 et
794 3131 969 3185 honoratur:

148 3219 220 3276 sica
239 3218 347 3288 priscis
362 3217 608 3273 sanctissimarum
631 3218 822 3274 Ecclesiarum
846 3217 972 3287 pralatis

149 3307 213 3364 talia
245 3311 358 3375 recepta
383 3311 460 3375 sunt,
485 3310 514 3361 et
542 3306 570 3361 hi
606 3306 712 3361 nullam
748 3307 970 3376 prohibitionem

149 3396 236 3466 adepti
260 3401 329 3452 sunt
349 3395 422 3465 [Gr.,
449 3393 528 3450 nulla
547 3395 742 3465 prohibitione
768 3396 855 3451 vetita
875 3394 967 3463 suntl.

149 3484 312 3556 Quanquam
328 3489 391 3553 post
407 3483 630 3553 persecutionem
651 3485 791 3540 transitus
813 3485 842 3538 in
864 3485 973 3538 adven·

151 3579 204 3630 tum
227 3573 305 3642 fidei,
328 3574 386 3628 haec
402 3572 509 3643 ubique
531 3577 638 3628 retenta
655 3573 778 3628 concilia
799 3571 973 3629 universalia

151 3663 229 3719 ctiam
250 3662 386 3733 usquead
407 3662 616 3731 generationem
639 3667 763 3718 nostram
783 3662 872 3732 parati
893 3667 971 3729 sunt,

154 3765 208 3820 ona
223 3751 415 3822 plurimorum
433 3751 624 3821 capitulorum
643 3751 974 3823 superimaginihusre

155 3840 227 3907 cuias
240 3855 400 3911 exposuere
416 3841 491 3909 [Gr.‚
512 3840 581 3896 Cum
607 3846 700 3896 tamen
723 3840 972 3911 persecutionibus

158 3930 310 3997 transactis,
325 3933 354 3984 et
368 3928 421 3983 lide
439 3942 504 3985 cum
520 3928 651 3985 libertate
665 3930 772 4000 ubique
795 3929 972 3998 pnevalente,

159 4018 289 4084 generalia
310 4016 561 4088 quoqueconcilia
576 4019 715 4088 usquead
732 4023 828 4074 nostra
848 4023 975 4087 tempora

161 4100 220 4161 lacta
234 4105 305 4177 sint,
320 4110 348 4161 et
360 4119 391 4160 ea
405 4118 527 4160 canones
537 4106 682 4162 ediderint
698 4107 733 4161 de
754 4105 887 4176 pluribus
901 4105 977 4175 rapi-

162 4192 219 4251 tulis
231 4194 596 4267 longeminorismomenti,
609 4209 694 4265 quam
705 4195 787 4251 sitde
800 4195 976 4265 lmaginibus

163 4277 333 4352 disputatiol.
359 4283 435 4352 Quas
457 4294 512 4338 non
532 4288 606 4339 esset
630 4296 789 4355 congruum
815 4282 977 4338 indiscusse

1026 3133 1082 3185 illis
1102 3128 1188 3201 (boat.
1206 3130 1242 3200 v).
1269 3130 1321 3186 Sed
1341 3131 1401 3186 hac
1422 3131 1519 3186 omnia
1543 3127 1725 3184 manifestum
1754 3125 1858 3182 habent

1026 3233 1151 3289 sensum,
1168 3220 1242 3289 quod
1260 3219 1358 3274 divina
1378 3223 1480 3274 natura
1494 3218 1666 3288 sempiterna
1682 3216 1782 3286 sitle-
1796 3213 1859 3270 lor-

1027 3301 1862 3381 macarenssit]atqueincomprehensibilis,etnullisimi·

1027 3396 1349 3453 lisaestimandaeorum
1361 3400 1607 3466 qucucernuntnr:
1624 3395 1670 3449 sed
1688 3406 1778 3463 neque
1789 3399 1860 3449 trae

1027 3486 1136 3541 tatibus
1150 3490 1179 3539 et
1208 3483 1334 3554 ingeniis
1352 3481 1467 3538 serenda
1479 3484 1514 3538 ad
1530 3482 1692 3552 corporales
1709 3480 1861 3550 opiniones

1026 3577 1087 3635 Gn,
1103 3578 1135 3630 ut
1148 3574 1251 3644 nequis
1270 3573 1446 3642 corrjecturis
1464 3578 1493 3627 et
1510 3570 1727 3642 suspicionibus
1738 3571 1862 3627 ducatur

1027 3663 1061 3719 ad
1075 3676 1226 3732 corporeas
1236 3661 1460 3733 conceptiones}
1478 3661 1637 3716 Pradicens
1648 3660 1724 3715 enim
1736 3661 1859 3731 hloysest

1027 3753 1163 3806 llustoditr
1176 3751 1256 3805 ualde
1277 3751 1420 3804 ortimnhus
1439 3752 1545 3809 uestris.
1568 3752 1633 3819 quic
1657 3749 1863 3803 similitudinem

1027 3858 1081 3896 nom
1095 3842 1203 3895 vidistis
1222 3842 1252 3894 in
1266 3842 1309 3894 dir
1322 3856 1377 3910 quc
1392 3841 1496 3894 loculus
1511 3845 1550 3894 est
1568 3840 1696 3893 hominus
1711 3839 1748 3892 cri
1763 3854 1809 3893 uos
1831 3839 1863 3893 in

1029 3931 1129 3985 Choreb
1141 3930 1269 3989 demedio
1282 3931 1369 3997 iqais:
1380 3928 1438 3984 haec
1449 3924 1616 3999 predicens,
1634 3927 1736 3983 intulit
1746 3927 1859 3983 statim:

1029 4021 1121 4089 Neque
1135 4021 1228 4088 inique
1240 4020 1339 4085 erpotis,
1353 4019 1556 4087 oequcsociotis
1568 4017 1642 4072 uobis
1655 4019 1722 4088 ipsis
1738 4017 1864 4088 scalptile

1033 4111 1107 4162 brut.
1133 4120 1170 4177 tv,
1194 4106 1230 4179 u),
1247 4112 1274 4162 et
1298 4120 1446 4176 quaecum
1468 4105 1558 4175 ipsis:
1583 4106 1749 4162 recordatus
1777 4104 1861 4162 vituli

1032 4194 1222 4252 consectionis
1237 4194 1381 4266 quaefacta
1397 4193 1500 4263 luerat,
1523 4198 1610 4265 atque
1626 4208 1781 4264 precavere
1793 4194 1863 4250 hor-

1032 4290 1119 4354 tatus,
1137 4298 1171 4339 ne
1183 4289 1211 4339 et
1223 4284 1279 4353 ipsi
1293 4284 1448 4339 secundum
1470 4283 1667 4354 AEgyptiorum
1679 4282 1864 4339 consuetudi·

165 4372 335 4439 superhocet
348 4372 541 4442 perfunctorie
552 4373 761 4445 derelinquere,
777 4372 803 4428 si
820 4371 975 4427 secundum
989 4374 1016 4435 D
1032 4386 1106 4431 nem,
1125 4387 1209 4443 quam
1235 4373 1373 4441 sciebant,
1389 4373 1422 4427 ad
1445 4371 1529 4427 talem
1546 4370 1709 4427 laberentur
1727 4371 1863 4441 impieta-

167 4463 337 4526 quorumdam
353 4462 516 4531 opinionem
530 4477 593 4519 cum
616 4461 758 4518 idolorum
775 4459 876 4517 formis
890 4466 918 4516 et
932 4474 978 4516 ex-

166 4550 344 4620 secramentis,
362 4565 424 4622 quat
439 4552 623 4607 continentur
640 4551 669 4607 in
682 4550 791 4606 divinis
805 4550 974 4620 scripturis,

167 4633 236 4692 etiam
251 4639 430 4696 consuetudo
446 4653 509 4710 quae
527 4639 692 4710 antiquitus
711 4638 786 4708 apud
802 4651 854 4693 nos
866 4637 977 4694 teneba-

168 4727 211 4796 tur,
243 4727 381 4799 discebat,
407 4729 449 4784 vel
476 4730 510 4786 ad
540 4730 589 4784 Dei
622 4728 824 4785 alienationem
853 4728 977 4784 ducatur

92 4819 94 4823 ’
168 4809 254 4879 [Gr-‚a
272 4818 379 4888 priscis
396 4818 573 4888 temporibus
587 4817 662 4888 apud
681 4831 733 4873 nos
749 4816 835 4887 viget,
858 4816 886 4871 in
902 4816 976 4872 ldem

168 4904 252 4978 tendit,
272 4912 359 4978 atque
377 4908 411 4963 ad
434 4908 484 4964 Dei
504 4906 590 4963 allen.
611 4906 716 4977 ducitl.
741 4908 766 4961 ls
785 4905 862 4960 enim
877 4905 927 4976 qui
947 4918 978 4961 se

92 4990 94 4999 '
167 5001 217 5048 cnm
235 4995 376 5064 apostolis
394 5009 456 5051 esse
469 5009 560 5067 usquc
578 4997 613 5051 ad
631 4994 906 5051 consummationem
929 5008 979 5050 sae-

166 5082 213 5138 culi
234 5085 312 5140 dixit
330 5083 438 5156 (batth.
461 5085 574 5158 xxviii),
593 5084 645 5140 hoc
671 5083 804 5139 videlicet
822 5083 908 5139 etiarn
932 5083 978 5139 his

165 5171 205 5239 qui
225 5179 287 5244 post
308 5188 357 5229 eos
378 5174 551 5244 inspectores
575 5173 707 5230 Ecclesiae
727 5179 804 5245 sunt,
822 5173 979 5243 repromit-

164 5258 200 5314 tit.
220 5264 280 5317 h'on
304 5263 381 5317 enirn
404 5276 468 5318 cum
494 5263 555 5318 illis
571 5261 758 5332 corporaliter
781 5265 980 5330 perseveratu-

164 5359 204 5404 ms
215 5355 275 5406 erat
290 5364 382 5421 usque
396 5350 430 5405 ad
454 5351 590 5407 instantis
604 5351 701 5406 saccali
716 5349 890 5419 transitum,
907 5350 978 5420 quin

160 5443 261 5497 etcum
281 5441 329 5496 his
342 5439 393 5510 qui
418 5440 578 5496 innomine
597 5441 659 5510 ejus
677 5439 735 5496 duo
754 5439 797 5494 vel
824 5444 882 5494 tres
907 5452 980 5493 con-

160 5529 286 5601 gregandi
322 5531 414 5598 crant,
447 5530 544 5585 adesse
575 5527 723 5599 perhibuit
749 5524 854 5599 (Metti.
881 5525 977 5599 xuthi:

369 5621 486 5682 Phanou.
510 5626 635 5684 CXXIX.

1032 4467 1099 4530 tem,
1121 4462 1342 4518 etdivinitatem
1363 4461 1537 4516 aestimarent
1561 4459 1685 4515 similem
1707 4458 1781 4515 istis.
1804 4460 1862 4516 lloc

1031 4551 1107 4606 enim
1129 4557 1157 4605 et
1177 4564 1297 4621 magnus
1312 4548 1466 4619 Apostolus
1489 4549 1518 4604 in
1537 4549 1675 4605 concione
1690 4546 1764 4605 iacta
1784 4548 1859 4619 apud

1030 4639 1219 4695 Athenienses
1239 4638 1402 4708 perhibuit:
1426 4635 1513 4692 Genus
1532 4653 1593 4705 erqo
1618 4653 1678 4692 cum
1696 4638 1782 4692 simus
1799 4638 1859 4700 lici,

1031 4744 1084 4782 non
1108 4728 1232 4783 debemus
1247 4729 1380 4781 estimare
1393 4743 1470 4789 oraro,
1488 4732 1537 4781 erit
1552 4733 1673 4795 orpcnto,
1696 4731 1746 4781 atet
1762 4727 1860 4798 lapidi,

1031 4818 1178 4888 sculpturae
1195 4819 1263 4871 ortis
1285 4822 1310 4871 rt
1329 4819 1499 4883 capitationis
1522 4818 1646 4879 bortrinis,
1665 4817 1790 4872 divinam
1805 4831 1862 4873 esce

1031 4907 1118 4960 simile
1132 4904 1201 4976 (rtet.
1221 4903 1307 4976 xt'11);
1323 4904 1473 4973 eidemque
1486 4904 1582 4959 sensui
1601 4905 1753 4962 continuat
1763 4923 1770 4959 ι
1780 4907 1815 4959 Et
1827 4920 1862 4960 nc

1032 4996 1150 5064 occipias
1170 5009 1264 5048 nomen
1282 4994 1390 5047 bomini
1409 4993 1613 5047 buccacanum
1631 4990 1727 5063 (Ecod.
1751 4993 1811 5066 xx),
1831 4993 1859 5049 td

1032 5088 1084 5151 cst,
1100 5096 1133 5138 ne
1154 5096 1235 5138 noces
1256 5087 1283 5137 et
1297 5081 1422 5137 aestimes
1444 5082 1532 5137 Deum
1552 5081 1627 5152 quod
1642 5095 1697 5138 non
1721 5085 1861 5138 reraelter

1034 5172 1086 5227 hoc
1106 5178 1158 5243 est,
1183 5172 1231 5227 sed
1254 5169 1360 5226 trustra
1389 5170 1553 5241 opinionem
1578 5177 1605 5227 et
1626 5183 1780 5244 cognomen
1803 5168 1861 5226 tale

1034 5260 1200 5330 promeruit.
1217 5260 1268 5315 Sed
1286 5259 1378 5330 nobis,
1394 5260 1437 5315 ait
1456 5272 1576 5334 magnus
1595 5258 1764 5331 hpostulus:
1784 5260 1860 5312 Uotis

1034 5352 1104 5402 liram
1131 5350 1258 5403 Peterem
1278 5365 1331 5419 quo
1357 5351 1457 5411 omnio,
1483 5354 1508 5402 ct
1534 5365 1605 5404 unus
1631 5350 1760 5403 Dominus
1782 5348 1859 5400 Jcsas

1034 5437 1157 5491 Christus
1175 5454 1225 5507 pm·
1242 5455 1320 5508 quern
1337 5441 1438 5500 omnic,
1452 5443 1478 5492 ct
1490 5454 1561 5492 renus
1573 5438 1693 5508 Spiritus
1708 5440 1817 5491 sanctus
1828 5433 1860 5485 in

1036 5541 1088 5595 quo
1099 5529 1188 5582 omnio
1205 5526 1230 5598 (l
1241 5528 1300 5582 dor.
1322 5527 1397 5599 turn:
1423 5540 1478 5583 non
1494 5525 1619 5583 naturali
1633 5523 1795 5581 alternitate
1808 5533 1859 5590 pro
