3876 6090
108 246 164 312 t33
344 224 351 244 “
515 240 787 300 marturano
805 190 929 297 sruom
947 234 994 292 vir
1013 235 1261 293 cusanam·
1278 193 1378 295 scaro
1396 239 1441 296 u.
1764 237 1877 300 rm

109 374 152 430 tia
162 375 206 430 est
217 370 376 429 divinitas:
393 371 591 440 etrerumest,
608 365 744 439 quoniam
755 366 844 422 Deum
855 374 937 420 nemo
953 355 1159 420 Anullatenus
1174 365 1261 436 passi,
1278 365 1326 421 sed
1351 365 1484 423 obcaecati
1507 365 1541 422 ad
1566 366 1732 424 electionem
1745 379 1819 425 con-

110 463 186 520 sidit
210 474 336 533 unquam
360 457 505 532 (Jecur).
531 457 702 528 Expressius
725 460 820 511 autem
844 452 939 509 denuo
994 455 1143 524 gruentiae,
1160 455 1426 527 perceptionemque
1441 456 1582 528 veritatis,
1597 461 1626 512 et
1641 458 1715 528 pianr
1731 457 1818 515 tradi·

112 557 292 626 prosecutus,
314 562 347 606 ac
361 550 385 606 si
410 549 446 605 ab
473 549 568 619 ipsum
590 546 755 616 Eusebium,
779 543 877 600 taliter
899 541 940 597 ait
995 542 1101 600 tionem
1113 544 1286 614 probabilem
1300 544 1445 615 facientes,
1458 560 1513 603 non
1528 551 1652 603 torrente
1662 546 1819 618 uoluptatis

110 644 188 701 idem
207 640 342 714 egregius
363 641 445 696 Pater
471 639 501 694 in
523 638 620 694 eodem
641 649 787 693 sermone:
816 631 941 689 inicitur
995 633 1088 703 potari
1104 634 1267 706 passisunt,
1283 639 1315 691 ut
1328 635 1408 691 deret
1423 635 1505 693 ineis
1519 636 1672 708 ionsaqua:
1687 637 1818 696 salientis

111 736 205 790 summ
229 731 347 803 quidam
360 735 388 786 et
407 729 483 785 alius
496 728 531 784 ad
547 727 599 800 eis,
616 730 648 782 ut
662 727 753 797 aiunt,
770 723 805 780 de
820 722 941 779 hisser-
995 720 1025 776 in
1041 723 1128 778 uitam
1144 728 1275 780 aeternam
1286 722 1380 795 (loun.
1393 724 1448 799 iv),
1459 726 1546 796 hujus
1562 727 1698 784 novitatis
1708 729 1817 800 garruli

112 836 165 880 mo.
183 820 336 892 Siquidem
345 819 479 892 egregius
489 818 596 874 Paulus
611 815 758 871 invenitur
768 812 934 883 scripsisse:
994 816 1166 870 assertores:
1179 814 1226 869 sed
1236 827 1270 870 er
1281 814 1401 871 lacubus
1416 816 1550 872 contritis
1566 817 1690 890 irrigati,
1701 818 1818 877 fetidam

110 915 145 969 Et
169 913 196 967 si
221 925 383 964 coemamus
413 907 561 962 seeundum
586 920 695 961 curnem
719 904 865 965 Christum,
892 900 940 956 sed
994 901 1112 972 stirpem
1128 902 1369 975 germinaverunt,
1386 903 1535 963 habentem
1552 905 1677 964 fructum
1693 908 1730 966 iel
1746 924 1819 967 ama-

111 1018 184 1058 uunc
192 1000 257 1069 jem
268 1014 324 1053 non
338 1001 461 1053 emimus
471 996 515 1068 (il
522 995 581 1051 der.
592 995 635 1068 v).
648 996 721 1067 Ergo
731 993 756 1050 si
772 1005 828 1049 non
841 1005 940 1049 secun·
994 992 1184 1064 ritudinis3et
1195 994 1374 1051 mendacium
1385 1009 1471 1066 super
1484 997 1661 1054 mendacium
1674 999 1820 1070 adjicien-

111 1093 179 1149 dum
193 1102 308 1146 carnem
324 1087 465 1158 noscitur,
492 1085 639 1157 inquiunt,
653 1083 814 1140 necessario
828 1082 939 1137 dicitur
993 1084 1045 1150 tes,
1064 1083 1259 1152 protulerunt:
1275 1083 1413 1141 Plurimis
1433 1086 1520 1142 etiam
1541 1086 1610 1144 aliis
1627 1088 1819 1148 existentibus

113 1184 240 1237 mutasse
264 1190 377 1234 carnem
407 1177 437 1232 in
460 1176 506 1232 sui
528 1173 613 1230 Verbi
640 1178 782 1243 naturam,
807 1176 840 1227 ut
862 1171 939 1227 sicut
993 1171 1218 1241 scripturalibus
1237 1173 1422 1246 testimoniis,
1440 1189 1503 1245 quae
1518 1180 1619 1247 sponte
1639 1176 1816 1236 dimisimus.

113 1272 186 1327 beas
207 1269 436 1340 dignosceretur.
461 1265 541 1321 Dicet
562 1263 644 1332 forte,
661 1267 694 1319 ut
708 1276 781 1324 reor,
797 1260 831 1316 ad
859 1258 937 1316 istud
993 1261 1170 1331 igitursicut
1178 1263 1236 1332 jam
1247 1267 1392 1320 ostensum
1404 1267 1457 1335 est,
1469 1270 1609 1337 quotquot
1624 1266 1819 1337 probabilium

116 1358 187 1430 quis.
203 1359 275 1413 Nam
286 1370 352 1412 cum
363 1355 462 1412 statim
476 1355 555 1410 dieat
565 1353 651 1410 etiam
665 1353 701 1408 de
711 1351 794 1408 nobis
805 1368 811 1404 :
824 1351 877 1416 Qui
890 1364 939 1404 ou·
996 1352 1111 1407 Patron
1122 1351 1327 1408 testimoniaab
1338 1353 1381 1409 eis
1392 1353 1500 1423 prolata
1510 1360 1579 1412 sunt
1588 1368 1668 1411 suam
1673 1357 1818 1427 justitiam

116 1455 163 1504 tem
173 1450 206 1501 in
222 1462 305 1501 carne
317 1449 392 1514 suut,
407 1447 461 1498 lieo
475 1445 584 1513 placere
604 1458 659 1496 uon
677 1444 811 1512 possunt:
825 1453 871 1493 uos
884 1453 936 1492 uu-
994 1445 1119 1497 statuere
1130 1443 1365 1514 quaerentes,haec
1376 1457 1504 1513 perverse
1515 1444 1821 1516 intellexeruntouot·

116 1545 162 1595 lau
185 1553 244 1591 non
268 1537 333 1591 estis
358 1537 387 1589 iu
405 1550 495 1597 corne,
512 1533 560 1588 sed
577 1534 608 1587 iu
624 1533 725 1603 spiritu
740 1528 830 1602 (hom.
850 1527 937 1601 rrrrl:
995 1533 1066 1602 quot
1079 1536 1174 1587 autem
1202 1530 1433 1590 adversariorum
1457 1537 1535 1604 sunt,
1560 1548 1616 1592 non
1631 1540 1699 1593 sunt
1724 1535 1819 1594 divini

117 1644 165 1687 nos
179 1626 467 1687 nudosnovitcarne
489 1627 517 1679 et
539 1620 834 1695 sanguineiPutasne
848 1616 942 1688 spiri-
995 1617 1132 1688 Spiritus.
1142 1619 1221 1676 Unde
1242 1619 1386 1678 etaliatur
1400 1622 1820 1695 eosmeiosinspiritucanens

117 1720 192 1776 tibns
209 1716 390 1787 incorporeis
405 1713 603 1785 hujuscemodi
622 1708 873 1782 alloquitur,dum
889 1720 940 1762 nec
955 1700 981 1762 B
996 1706 1097 1765 heatus
1124 1709 1232 1766 David:
1268 1711 1348 1768 l’cnu
1379 1711 1483 1767 locutus
1507 1717 1546 1768 est
1572 1717 1760 1785 uuusquisque
1782 1714 1821 1770 cd

117 1802 408 1880 erubescithocffir„
431 1794 942 1873 nonmeineptumesthoc,etc.]in·
991 1799 1149 1868 precanum
1170 1814 1268 1854 suum:
1299 1800 1373 1855 lubia
1404 1801 1497 1857 dohec
1517 1804 1548 1857 in
1567 1804 1655 1867 corde,
1687 1809 1713 1860 et
1741 1804 1820 1860 corde

119 1899 246 1972 telligere
269 1896 312 1952 vel
328 1893 476 1952 asserere?
495 1894 570 1964 Ergo
585 1893 615 1948 in
630 1890 715 1948 nobis
728 1902 842 1946 carnem
865 1886 938 1943 dicit
994 1889 1077 1948 locuti
1099 1889 1249 1944 molmula
1271 1887 1362 1960 (Psol.
1391 1889 1445 1963 xi).
1463 1893 1498 1949 Et
1526 1891 1631 1950 iterum
1646 1893 1821 1952 fiducialiter

117 2001 247 2060 procaces
268 1991 297 2042 et
325 1999 381 2041 non
406 1983 468 2040 sine
492 1980 607 2055 querela
632 1980 789 2051 passiones.
809 1977 939 2047 Denique
993 1990 1080 2049 agens
1099 1976 1231 2048 loquitur
1248 1979 1347 2052 isaias,
1380 1979 1496 2037 dicens:
1524 1981 1673 2038 Consilium
1685 1985 1820 2042 mulorum

117 2093 176 2135 cura
189 2076 323 2134 omnium
333 2077 463 2130 nostrum
473 2072 603 2128 Salvator
614 2070 747 2126 Christus
757 2066 939 2124 castissimus
992 2067 1022 2120 in
1034 2067 1101 2135 iqua
1113 2067 1291 2122 consiliatur:
1313 2084 1368 2123 nou
1380 2071 1451 2124 enim
1472 2076 1606 2126 mouerunt
1625 2086 1730 2142 sapere,
1752 2075 1819 2141 quio

117 2168 152 2224 sit
162 2173 192 2223 et
205 2165 378 2235 delinquere
401 2162 510 2219 nesciat
523 2160 629 2232 (neque
643 2160 721 2216 enim
737 2163 883 2229 peccatum
894 2154 940 2210 le-
993 2156 1130 2211 ohscurotl
1147 2161 1211 2212 sunt
1224 2158 1316 2212 uidere
1326 2160 1411 2214 oculis
1423 2161 1482 2214 suis
1495 2158 1568 2231 (iso.
1581 2175 1647 2217 nutv
1659 2161 1677 2234 ).
1704 2162 1815 2218 Etenim

118 2254 393 2328 citialionimirum
403 2246 936 2321 modoilludquoddicitursecundum
994 2259 1080 2302 sanas
1107 2244 1290 2304 definitiones
1311 2252 1339 2304 et
1367 2248 1442 2321 leges
1467 2249 1708 2322 derelinquentes,
1724 2251 1820 2308 verbis

117 2359 227 2403 carnem
242 2342 368 2413 intelligi
390 2342 479 2398 decet.
495 2342 556 2395 Non
571 2339 648 2395 eninr
663 2342 706 2393 est
719 2336 762 2393 vel
775 2335 831 2392 orit
841 2335 872 2390 in
889 2334 941 2390 in-
994 2335 1133 2393 simulant
1148 2336 1291 2410 pietatem,
1307 2341 1335 2395 et
1356 2343 1466 2397 tentant
1481 2340 1609 2412 quaedam
1625 2342 1672 2412 pia
1688 2355 1821 2413 pronun-

118 2431 394 2490 lrmitatibusultra
417 2428 593 2485 carnalibus.
606 2427 759 2483 Evidenter
774 2438 841 2496 ergo
854 2424 940 2480 nori-
994 2424 1076 2495 tiare,
1094 2429 1126 2482 ut
1152 2439 1202 2496 per
1216 2440 1333 2484 sensum
1355 2427 1460 2485 bonurn
1477 2430 1527 2501 qui
1557 2430 1588 2487 in
1604 2431 1651 2486 his
1666 2430 1749 2497 inest,
1768 2446 1818 2488 nec

118 2539 175 2580 mus
187 2537 223 2580 ex
239 2521 384 2578 divinitus
402 2518 573 2577 sonantibus
593 2515 738 2588 Patribus,
752 2515 890 2586 quianon
905 2528 940 2570 ex
994 2514 1821 2594 superreliquisincredibiles[iideminusdignilhabean·

117 2612 244 2670 lontibus
256 2609 344 2667 lsrael
358 2610 517 2666 hauserunt
531 2606 725 2664 contentionis
743 2605 830 2675 huius
844 2607 941 2659 aucto
994 2608 1051 2675 tur,
1063 2605 1132 2661 dum
1148 2605 1231 2662 aiunt
1242 2625 1249 2662 ε
1261 2608 1292 2662 ln
1309 2607 1424 2664 nomine
1439 2613 1544 2664 sancta
1559 2622 1592 2666 oc
1605 2610 1822 2679 supersubstan-

117 2716 166 2765 res,
177 2706 211 2759 ut
224 2702 306 2757 lieret
317 2698 379 2755 illis
392 2700 422 2754 in
436 2699 524 2754 vitam
535 2700 669 2753 aeternam
679 2713 686 2766 i
696 2694 743 2750 sed
762 2707 795 2749 ex
811 2690 940 2750 lontibus
996 2693 1113 2751 tialiset
1127 2694 1192 2750 vitae
1203 2695 1547 2767 principalislrinitatis.
1566 2699 1619 2755 Sed
1630 2712 1696 2773 erga
1705 2713 1819 2756 sensum

118 2791 251 2864 malignis
265 2795 294 2845 et
303 2787 454 2845 sterilibus
464 2786 521 2843 sihi
541 2789 637 2856 potum
650 2783 866 2840 attuleruntzet
873 2781 941 2837 alie
994 2783 1068 2839 male
1081 2784 1193 2855 operari
1202 2785 1337 2859 volentes,
1353 2800 1388 2843 ex
1399 2787 1516 2858 proprio
1531 2802 1618 2845 sensu
1633 2790 1822 2860 pronuntiant

118 2896 179 2940 num
192 2883 347 2947 sectantes,
361 2878 390 2934 in
406 2875 565 2949 praecipitia
576 2880 604 2931 et
615 2875 712 2930 hiatus
733 2872 844 2928 inducti
861 2875 938 2927 sunt.
993 2879 1022 2930 et
1035 2872 1187 2941 deliniunt,
1213 2874 1318 2930 nudam
1349 2880 1486 2945 ponentes
1514 2876 1703 2948 impietatem,
1727 2892 1819 2950 neque

117 2971 181 3029 cum
193 2972 340 3040 oporteret
351 2982 409 3037 eos,
426 2967 451 3022 si
466 2964 600 3022 Ecclesia:
613 2968 709 3020 essent
727 2961 849 3032 alumni,
865 2958 941 3015 Basi-
991 2961 1192 3032 judiciumllei
1207 2963 1337 3020 inruente
1346 2965 1531 3036 accipientes,
1538 2981 1630 3038 neque
1640 2968 1819 3025 Dominicam

117 3060 184 3118 lium
196 3045 1164 3131 blagnumaderredicentem(lleSpirituscmtcudGsententiam
1202 3052 1372 3110 clamantem
1404 3055 1625 3128 intelligentes:
1659 3058 1819 3128 Quicunque
1861 3103 1865 3108 ,

117 3150 236 3220 Amphil.
254 3144 319 3220 48);
337 3144 475 3217 imaginis
494 3144 586 3200 honor
595 3143 629 3198 ad
645 3140 804 3212 principale
816 3139 938 3206 transli3
994 3142 1222 3197 scandalizaverat
1232 3159 1317 3198 uuum
1330 3159 1365 3198 eu
1382 3146 1502 3200 minimis
1521 3147 1643 3216 istisquo‘
1656 3149 1736 3203 inme
1759 3164 1823 3203 cre-

119 3237 330 3311 etGregorium
353 3237 511 3306 Nyssenum
525 3232 739 3304 perhibentem:
755 3228 941 3299 llidiimagi-
994 3229 1194 3301 dunt,ecpedit
1207 3233 1233 3286 ei
1251 3234 1692 3302 utsuspendcturmolousiuoriu
1712 3237 1820 3291 inculto

119 3343 176 3386 uem
196 3326 354 3399 passionis,
369 3330 398 3380 et
411 3337 467 3380 non
483 3322 546 3379 sine
562 3321 684 3378 tristitia
697 3320 837 3377 visionem
850 3324 941 3374 trans
995 3319 1064 3387 ejus,
1078 3323 1104 3373 et
1116 3319 1287 3387 moueatur
1303 3319 1435 3392 tumore(
1444 3323 1541 3377 Motth.
1559 3336 1644 3394 xviri,
1659 3326 1745 3381 Mare.
1759 3340 1789 3381 rr
1800 3325 1817 3398 l.

121 3419 165 3489 iri,
177 3415 326 3488 liquidius
340 3419 401 3470 arte
415 3418 480 3469 ante
495 3410 596 3468 faciem
617 3410 768 3467 historiam
788 3408 939 3474 afferente:
994 3408 1098 3477 Sicque
1110 3407 1225 3464 demum
1235 3409 1472 3479 quemadmodum
1485 3410 1562 3480 porci
1575 3411 1692 3483 quidam
1704 3428 1821 3486 marga-

119 3513 199 3580 atque
213 3507 362 3575 loannem,
379 3503 429 3574 qui
444 3502 531 3558 etiam
543 3514 608 3556 cera
630 3497 772 3570 pertusam
798 3498 939 3569 picturam
994 3497 1077 3567 ritas,
1095 3496 1123 3552 id
1140 3500 1185 3553 est
1194 3497 1404 3554 ecclesiasticas
1419 3498 1591 3556 traditiones
1607 3500 1819 3576 conculcantes,

118 3596 277 3668 sediligere
287 3592 370 3665 dicit,
388 3592 492 3662 pietate
508 3589 642 3660 repletam
653 3606 660 3658 3
673 3601 781 3644 necnon
796 3592 824 3643 et
837 3589 940 3644 horum
995 3586 1133 3657 abjectam
1148 3591 1177 3642 et
1190 3585 1412 3644 abominabilem
1426 3600 1460 3644 ex
1474 3587 1705 3647 Christianorum
1720 3593 1822 3650 Eccle-

118 3685 407 3744 consermocinatores
423 3686 451 3737 et
470 3693 550 3751 aeque
571 3679 732 3751 magistros.
753 3677 861 3735 Deinde
874 3691 942 3748 per-
995 3677 1040 3733 sia
1048 3690 1159 3733 omnem
1175 3676 1329 3750 imaginem
1344 3692 1378 3734 ex
1393 3678 1506 3736 diversa
1519 3681 1637 3737 materia
1650 3683 1818 3741 tumultuati

119 3789 192 3833 uersa
227 3772 403 3845 problemata
432 3771 553 3827 necdum
586 3768 728 3840 dirigunt,
766 3767 942 3837 adjectioni-
995 3766 1819 3845 dixerunt,iacientesconsilium,etnonperliominum3

120 3862 166 3922 bus
188 3863 297 3920 malum
318 3865 413 3919 aarum
428 3859 574 3917 abundare
590 3856 736 3928 iacientes,
752 3855 846 3913 adhuc
860 3868 943 3912 asse-
996 3861 1024 3912 et
1052 3857 1231 3928 sponsiones,
1247 3862 1275 3913 et
1303 3871 1359 3914 non
1375 3872 1425 3929 per
1445 3859 1581 3929 spiritum
1606 3861 1685 3930 ejus:
1702 3867 1730 3918 et
1745 3863 1821 3920 sicut

120 3958 224 4012 ruffina:
997 3944 1059 4016 lupi
1076 3959 1175 4018 graves
1191 3947 1220 4002 in
1245 3961 1358 4020 gregem
1378 3948 1485 4004 Christi
1511 3957 1755 4022 supervenerunt:
1771 3952 1819 4008 sed

328 4040 473 4108 &egonus
491 4040 631 4110 qriscopus
646 4037 725 4106 lepte:
996 4036 1289 4094 veritatisciaritaset
1305 4038 1379 4095 lucis
1393 4038 1479 4109 iubar
1489 4039 1664 4097 immobilem
1673 4043 1823 4098 conliden-

150 4134 243 4189 ‹Eaec
255 4144 324 4204 ergo
339 4129 525 4201 scripturalia
539 4133 568 4185 et
590 4132 705 4199 paterna
722 4125 886 4183 testimonia
911 4125 941 4181 in
996 4127 1067 4184 tiam
1085 4126 1177 4183 habet.
1188 4127 1344 4197 Quisenim
1360 4129 1478 4200 nesciat,
1495 4129 1570 4200 quod
1589 4131 1714 4203 imagine
1732 4130 1823 4188 inho-

125 4221 279 4293 »presenti
294 4219 464 4277 delinitione
479 4221 577 4275 nostra
592 4231 627 4273 ex
643 4216 743 4274 multis
759 4229 848 4287 pauca
863 4212 945 4271 colii·
998 4221 1108 4287 norata,
1126 4218 1235 4274 ineam
1261 4217 1386 4288 proiecto
1405 4219 1489 4289 cuius
1505 4218 1598 4292 imago
1612 4224 1665 4292 est,
1681 4220 1822 4278 referatur

126 4318 244 4384 »gentes
266 4309 426 4381 posuimus,
455 4322 490 4364 ne
515 4308 545 4364 in
573 4308 689 4379 longum
716 4307 940 4363 extenderetur:
998 4306 1292 4365 inhonorantiailloc
1302 4307 1407 4364 veritas
1419 4308 1458 4364 ita
1473 4309 1562 4380 norit,
1574 4314 1602 4365 et
1610 4315 1711 4367 natura
1723 4311 1822 4368 edocet

126 4415 207 4458 »cum
223 4401 285 4457 sint
301 4399 387 4456 etiam
402 4402 430 4455 et
444 4396 501 4453 aiia
518 4397 653 4468 plurima,
670 4410 733 4467 quae
747 4400 847 4466 sponte
866 4395 944 4452 dese·
957 4410 985 4472 D
998 4411 1104 4468 rerum,
1131 4399 1217 4469 atque
1232 4409 1297 4452 cum
1313 4396 1366 4452 hac
1381 4397 1538 4453 concinunt
1552 4402 1580 4453 et
1594 4398 1687 4455 divini
1702 4400 1819 4470 Patres3

126 4491 237 4548 »rimus
262 4493 378 4560 propter
407 4486 549 4543 infinitam
573 4485 800 4542 multitudinem.
826 4486 867 4540 Ex
894 4484 942 4540 his
997 4486 1156 4557 etquidem
1181 4487 1211 4542 S.
1225 4484 1351 4543 basilius
1378 4486 1495 4542 dicens:
1513 4485 1649 4560 imaginis
1674 4488 1819 4546 honored

127 4593 211 4653 aergo
226 4578 371 4635 divinitus
386 4576 538 4647 inspiratis
560 4581 589 4631 et
610 4575 702 4631 beatis
723 4574 884 4645 scripturis
910 4587 942 4629 ac
997 4574 1178 4645 primitivum
1201 4575 1338 4647 transiit:
1367 4574 1542 4632 Athanasius
1569 4589 1652 4632 vero:
1678 4575 1733 4645 Qui
1754 4591 1821 4651 ergo

126 4669 279 4725 »Patribus
290 4667 411 4723 tirmiter
420 4665 565 4736 aedificati,
577 4672 605 4721 et
617 4678 704 4736 supra
715 4670 823 4735 petram
836 4655 942 4721 divinae
996 4664 1096 4720 adorat
1111 4663 1274 4735 imaginem,
1291 4663 1322 4720 in
1334 4664 1395 4736 ipsa
1405 4664 1505 4721 adorat
1516 4678 1624 4737 regem:
1640 4669 1669 4722 et
1684 4665 1822 4724 similiter

126 4757 296 4814 »servitutis
312 4770 374 4828 quaa
385 4755 415 4811 in
431 4754 539 4827 spiritu
553 4760 605 4826 est,
623 4754 707 4825 pedes
721 4756 834 4810 nostros
849 4753 942 4809 locan-
995 4754 1232 4823 chrysostomus:
1250 4753 1348 4810 Nescis
1367 4755 1436 4824 quia
1454 4755 1573 4827 imagini
1586 4755 1663 4828 regis
1682 4756 1820 4828 injuriam

124 4853 204 4904 »tosz
222 4849 253 4903 in
270 4846 385 4903 nomine
400 4848 504 4902 sanctae
525 4840 814 4914 supersubstantialis
833 4845 862 4898 et
876 4842 941 4898 uiue
996 4842 1107 4913 leceris,
1122 4843 1158 4900 ad
1175 4842 1334 4913 principale
1348 4844 1502 4915 dignitatis
1515 4844 1599 4902 aliers
1612 4845 1773 4916 injuriam?
1786 4849 1821 4904 Et

123 4933 490 5009 »principaiisrrlnitatig
501 4932 589 4989 unius
599 4931 656 4989 voti
671 4931 762 4988 eiiecti
777 4944 874 4988 omnes
890 4944 942 4987 nos
997 4932 1053 5003 ipsi
1067 4932 1182 5003 quidem
1199 4933 1298 4988 Patres
1309 4937 1439 4989 naturam
1465 4948 1559 4991 rernm
1571 4936 1662 4992 secuti
1673 4942 1741 4994 sunt
1752 4937 1819 5010 3isti

120 5028 196 5100 »qui
219 5024 374 5083 sacerdotii
399 5022 541 5095 dignitate
555 5021 778 5092 circumdamur,
805 5034 860 5078 una
875 5034 941 5077 voce
995 5037 1061 5079 vero
1083 5023 1279 5095 insurguntet
1302 5022 1438 5080 adversus
1461 5024 1616 5082 Ecclesiam
1645 5029 1820 5085 etadrersus

119 5116 308 5185 »delinimus
324 5112 461 5184 abjectam
484 5110 545 5168 iore
568 5115 596 5167 et
616 5110 740 5168 alienam
762 5115 848 5183 atique
869 5110 942 5166 abo-
994 5113 1161 5170 reritatem:
1179 5113 1247 5186 quia
1264 5127 1319 5171 non
1334 5113 1428 5170 solum
1444 5114 1621 5186 blasphemia
1645 5123 1714 5175 sunt
1729 5117 1817 5189 pleni,

117 5204 312 5263 »minabilem
339 5216 373 5259 ex
405 5200 637 5258 Christianorum
668 5199 795 5257 Ecclesia
829 5212 941 5257 omnem
996 5205 1044 5262 sed
1061 5208 1090 5261 et
1104 5205 1235 5261 amentiae
1249 5217 1282 5260 ae
1298 5204 1578 5276 indisciplinationis
1592 5208 1818 5279 superfluitatem

117 5293 460 5369 »imaginemexdiversa
468 5290 942 5363 materiaetcoloribuspermalam
995 5308 1089 5351 sermo
1110 5295 1237 5365 ipsorum
1260 5292 1353 5351 babet.
1369 5294 1523 5365 Oportebat
1537 5310 1604 5369 ergo
1618 5310 1666 5353 eos
1688 5308 1821 5352 commn-

116 5404 129 5437 ι
146 5386 290 5457 pictorum
304 5388 393 5439 artem
409 5382 544 5438 ellectam.
563 5399 577 5432 u
997 5397 1059 5439 nem
1081 5387 1110 5439 et
1139 5382 1213 5439 nihil
1240 5382 1436 5441 dissonantem
1451 5399 1546 5442 vocem
1571 5385 1766 5455 pronuntiare,
1789 5386 1819 5438 et

321 5472 497 5543 Epaphcnius
523 5471 653 5527 diesem
669 5471 748 5540 lepit:
998 5473 1121 5544 priscam
1136 5472 1320 5531 traditionem
1336 5473 1459 5545 drmare,
1471 5472 1586 5543 sibique
1599 5472 1753 5546 diligenter
1766 5483 1819 5527 ac-

149 5560 361 5624 Ecclesiasticae
376 5560 528 5619 traditioni
543 5559 681 5618 cervicem
704 5573 785 5617 suam
801 5559 942 5620 inclinare
998 5561 1122 5634 quirore,
1136 5574 1221 5634 quam
1236 5561 1364 5619 bdelium
1377 5563 1508 5620 universa
1519 5559 1676 5626 mullitudo
1688 5558 1819 5616 extradi-
