3876 6090
108 272 154 337 ΓΠ
462 273 737 333 INTERPRETATIO
754 274 880 334 stilobl
900 274 944 332 vll
962 273 1164 334 aunuente
1182 303 1219 319 -
1235 274 1336 334 acuto
1355 277 1423 333 vlu.
1759 271 1814 334 478

110 405 248 479 particeps
272 399 364 459 fliius.
382 400 457 474 Ergo
474 401 571 457 omnia
590 403 724 460 scandala
739 407 934 475 recesserunt,
945 411 974 469 A
989 405 1059 461 tiam
1074 405 1224 462 traductus
1234 409 1293 461 est:
1312 416 1466 460 conversus
1492 407 1535 459 est
1550 402 1681 473 planctus
1696 403 1726 459 in
1739 417 1814 475 gau-

111 496 200 554 omuia
215 491 410 550 exterminata
426 496 494 548 sunt
505 510 511 546 ε
524 492 731 566 Veritasviget,
754 494 934 550 mendacium
987 494 1069 552 dium
1081 494 1173 551 nobis.
1185 492 1288 551 Omnia
1297 492 1326 549 ln
1338 492 1443 549 melius
1452 496 1610 548 transvecta
1621 496 1690 547 sunt
1700 497 1814 563 propter

112 583 329 643 loraaemissum
339 586 401 638 est:
414 581 933 656 satorzizaniorumprorsusdelecit3
989 587 1064 657 quod
1078 588 1107 642 et
1121 599 1173 642 nos
1188 583 1344 655 apostolice
1365 582 1447 639 vobis
1472 582 1712 652 pronuntiamus:
1736 581 1815 636 Cou-

115 676 281 733 lrumentum
297 675 403 741 autem,
419 671 543 742 populus
551 671 685 728 videlicet
694 672 803 729 Christi
811 673 932 744 amicus,
989 676 1048 731 dete
1070 678 1101 729 ia
1127 677 1251 739 Domino,
1272 674 1398 742 paudere,
1423 674 1563 728 etiterum
1587 671 1703 740 qaudete
1719 668 1732 740 (
1744 671 1815 725 Phi-

115 769 234 824 inuuum
248 761 385 819 horreum
397 759 532 817 Ecclesia
545 760 654 817 Christi
672 761 792 819 allatum
803 765 856 818 est.
876 761 935 819 Or-
989 766 1055 836 tipp.
1072 778 1103 820 ur
1107 766 1136 836 );
1148 764 1257 820 trinum
1269 763 1346 819 enlm
1356 762 1492 834 gaudium
1501 759 1629 817 Trinitas
1637 758 1721 816 nobis
1729 759 1817 816 dona-

116 853 247 911 hudoxiae
261 851 314 908 lux
325 855 389 908 orta
399 852 453 922 est,
469 849 577 906 erroris
590 850 713 907 tenebrae
725 851 931 908 sablataesant.
987 854 1047 910 rit:
1062 867 1148 925 quam
1161 853 1241 909 decet
1252 853 1343 909 honor
1356 858 1384 908 et
1400 849 1553 921 imperium
1568 849 1597 905 in
1610 848 1714 905 saecula
1729 862 1815 906 saecu·

117 943 237 1001 liestitia
250 941 283 998 in
297 940 436 1013 gaufflum
449 944 623 997 commutata
635 944 689 1013 est,
707 941 803 998 luctus
816 942 847 998 iu
862 941 934 999 leti·
988 941 1092 999 lorum.
1113 941 1211 997 hmen.

752 1290 880 1365 acuto
920 1268 1135 1367 octava&

149 1615 172 1670 in
193 1613 312 1671 nemine
332 1612 448 1670 Domini
472 1619 500 1671 et
519 1614 711 1673 dominatoris
728 1616 793 1674 Jesu
821 1615 929 1672 Christi
1022 1615 1213 1673 Credentesin
1225 1629 1313 1673 unum
1322 1617 1409 1671 Deum
1420 1610 1810 1677 inTrinitatecoliaudatum,

128 1703 169 1758 uri
189 1703 239 1759 Dei
266 1703 372 1760 nostri.
396 1703 519 1774 Imperio
544 1704 741 1775 piissimorum
765 1705 931 1777 Christique
946 1700 972 1762 Β
987 1697 1815 1779 honorabileselusimaginessalutamuleuisicnonha·

126 1792 260 1849 amantium
294 1792 478 1850 dominorum
508 1798 672 1851 nostrorum
697 1794 877 1851 Constantini
902 1799 931 1851 et
985 1795 1062 1866 hent,
1075 1797 1225 1853 anathema
1235 1795 1376 1865 sintlQui
1388 1808 1444 1851 non
1455 1794 1495 1849 ita
1506 1792 1645 1860 sentiunt,
1657 1789 1812 1862 ejiciantur

127 1879 195 1938 iures
206 1881 390 1954 ejusmatris,
406 1896 481 1940 anno
493 1883 662 1940 consulatus
676 1883 804 1954 ipsorum
819 1888 928 1955 octavo,
984 1884 1391 1956 abEcclesialNosantiquum
1403 1878 1813 1939 catholicaeEcclesiaeinstitu·

125 1971 274 2028 thalendas
288 1971 466 2044 Novembris,
487 1971 647 2029 indictione
660 1973 819 2030 undecima.
986 1974 1217 2047 tumsequimuri
1229 1978 1286 2032 Nos
1296 1976 1432 2033 addentes
1442 1974 1484 2029 vel
1496 1975 1640 2030 dementes
1652 1968 1809 2040 quidquam

146 2061 280 2132 Tanquam
293 2058 562 2118 illustresaeritatis
572 2075 725 2134 precones,
736 2067 823 2135 atque
837 2068 929 2120 custo·
985 2064 1169 2122 decatholica
1178 2064 1314 2136 Ecclesia,
1323 2063 1598 2132 anathematizamus
1607 2055 1810 2115 tNosadventi·

123 2148 157 2206 dea
177 2151 363 2221 imperatores
386 2150 563 2208 orthodoxiae
589 2149 716 2209 fautores
742 2153 842 2209 divino
858 2153 927 2209 moti
983 2153 1052 2210 tiam
1064 2153 1216 2209 novitatem
1233 2152 1412 2209 Christianos
1425 2149 1622 2208 accusantium
1639 2147 1808 2202 anathema-

121 2237 255 2313 desiderio,
273 2239 392 2295 minime
404 2237 550 2296 lerendum
564 2246 766 2312 putaruntnon
780 2242 928 2299 considere
983 2243 1105 2299 tizamus
1117 2242 1123 2297 t
1137 2245 1194 2300 Nos
1209 2242 1384 2299 venerandas
1400 2240 1540 2312 imagines
1557 2236 1712 2308 recipimus
1726 2233 1732 2288 t
1749 2235 1807 2290 Nos

122 2329 218 2398 quode.
249 2329 376 2386 Proinde
400 2329 508 2401 scripto
533 2330 661 2402 ipsorum
687 2337 858 2403 preceptum
884 2336 929 2387 est
982 2332 1032 2404 qui
1043 2347 1098 2389 non
1109 2332 1149 2389 ita
1160 2326 1298 2404 sentiunt,
1311 2330 1484 2388 anathemati
1498 2322 1805 2398 subjicimustilisqul

120 2419 282 2492 patriarche,
298 2424 330 2476 ut
344 2433 441 2476 omnes
455 2420 512 2477 beo
524 2419 662 2477 amabiles
675 2421 824 2492 episcopos
839 2421 928 2477 addu-
981 2420 1129 2495 accipiunt
1148 2435 1234 2478 sacrae
1255 2421 1409 2492 scripturae
1432 2420 1509 2476 dicta
1524 2417 1660 2473 aduersus
1680 2412 1756 2469 idola
1777 2412 1807 2466 ln

118 2515 175 2565 caret
197 2509 233 2564 ad
264 2509 485 2565 conservandam
518 2509 661 2566 divinitus
688 2524 788 2567 novam
810 2511 926 2565 Romam
981 2511 1156 2568 venerandas
1175 2511 1325 2585 imagines,
1337 2507 1546 2566 anathematlii
1562 2504 1614 2576 qui
1630 2516 1685 2560 non
1701 2501 1809 2558 salutat

118 2597 206 2669 regiam
219 2597 350 2669 ipsorum
366 2597 474 2654 urbem.
490 2598 602 2669 Quibus
617 2598 667 2655 ille
682 2599 789 2656 litteris
803 2598 928 2670 acceptis
982 2605 1095 2658 sanctas
1117 2599 1266 2672 imagines,
1290 2595 1458 2656 anathemat
1482 2595 1533 2651 ilis
1542 2594 1595 2666 qui
1623 2605 1718 2648 sacrae
1732 2589 1809 2645 ima-

116 2687 264 2743 mudatum
275 2687 478 2757 imperatorum
492 2688 710 2760 exsequebatur.
720 2691 789 2744 Nam
800 2693 927 2759 postom-
981 2690 1062 2762 gines
1073 2688 1149 2746 idola
1164 2695 1275 2760 vocant,
1287 2685 1455 2745 anathemat
1473 2685 1524 2741 llis
1539 2683 1589 2755 qul
1609 2678 1808 2737 dicuntChri-

115 2773 179 2831 nium
201 2788 294 2847 supra
314 2775 511 2848 expositorum
524 2778 733 2849 tractationem,
758 2777 927 2850 felicemque
981 2779 1091 2835 stianos
1114 2780 1247 2836 accedere
1269 2780 1304 2835 ad
1334 2777 1475 2847 imagines
1502 2780 1639 2844 tanquam
1660 2769 1694 2824 ad
1726 2768 1805 2837 deos,

114 2863 144 2919 rei
156 2865 276 2938 exitum,
294 2865 428 2923 omnibus
450 2868 508 2925 Deo
529 2866 705 2924 amabilibus
718 2867 862 2939 episcopis
885 2881 926 2925 se-
981 2869 1147 2926 anathemai
1164 2869 1215 2925 His
1225 2869 1275 2941 qui
1291 2868 1393 2925 dicunt
1404 2881 1453 2938 per
1470 2865 1560 2922 alium
1582 2875 1644 2925 nos,
1657 2872 1741 2931 quam
1758 2870 1808 2928 per

113 2963 163 3009 cum
190 2955 321 3025 acceptis
336 2952 367 3010 iu
381 2955 456 3011 viam
469 2968 499 3011 se
513 2955 603 3028 dedit,
624 2962 652 3013 et
670 2957 699 3012 in
716 2957 813 3014 urbem
840 2969 856 3012 a
870 2958 927 3013 Deo
942 2973 967 3042 (χ
980 2959 1128 3015 Christum
1142 2959 1230 3015 Deum
1243 2963 1372 3016 nostrum
1384 2957 1521 3013 liberatos
1533 2953 1569 3010 ab
1580 2950 1677 3021 idolis,
1691 2947 1806 3005 anatha

113 3043 321 3100 mnaemndam
335 3042 454 3115 proiecti
471 3049 538 3101 sunt
556 3059 663 3103 omnes.
687 3047 749 3116 Quo
762 3046 811 3103 ubi
826 3059 928 3118 perve-
983 3048 1046 3104 mat
1063 3048 1114 3105 llis
1138 3048 1188 3120 qui
1213 3047 1308 3104 dicere
1327 3047 1433 3103 audent
1459 3042 1630 3101 catholicam
1650 3037 1806 3095 Ecclesiam

113 3142 173 3203 tere,
194 3131 235 3189 ab
263 3133 488 3203 imperatoribus
513 3134 634 3208 benigne
658 3135 767 3207 accepti
789 3141 866 3192 sunt.
890 3134 927 3192 ht
982 3138 1060 3195 idola
1071 3152 1197 3210 unquam
1218 3136 1368 3209 recepisse,
1380 3129 1703 3193 anathematOmnibus
1714 3127 1807 3183 haere-

112 3231 235 3294 temquae
245 3219 425 3279 faustissime
436 3222 828 3297 praelulgetabeoeustodita
841 3225 927 3296 impe
982 3227 1227 3284 ticisanathemat
1244 3226 1384 3297 Concilio,
1401 3225 1475 3296 quod
1489 3224 1519 3280 in
1535 3219 1711 3279 venerandas
1722 3214 1807 3273 inire

111 3311 186 3367 rabir
201 3309 280 3369 bono
293 3312 499 3370 initocousilio
510 3313 587 3370 diem
601 3317 706 3371 statum
717 3315 803 3386 dixit,
815 3329 872 3386 quo
884 3330 927 3386 sy·
981 3317 1056 3373 mult
1071 3316 1221 3389 imagines,
1237 3315 1403 3373 anathemat
1420 3315 1454 3369 Ei
1467 3313 1518 3385 qui
1534 3309 1638 3380 recipit
1648 3307 1737 3376 impia
1752 3304 1807 3360 hae-

111 3399 198 3458 redice
225 3415 294 3458 cum
317 3402 462 3473 episcopis
477 3403 658 3475 presideret:
675 3405 749 3476 quod
766 3409 795 3461 et
818 3403 925 3461 laetum
981 3420 1076 3464 reseas
1087 3407 1215 3477 ipsorum
1231 3406 1349 3475 scripta,
1362 3404 1512 3461 anathema
1525 3400 1531 3454 l
1542 3396 1702 3455 Theodosio
1718 3393 1805 3464 Ephe

111 3488 179 3545 attin
195 3488 391 3562 palatioqood
405 3494 694 3565 liaguauravocatur.
705 3495 804 3566 ltaque
818 3506 927 3565 propo-
980 3495 1045 3554 sino
1073 3495 1315 3568 pseudoepiscoqo
1339 3489 1510 3549 anathemat
1538 3485 1668 3545 sisinnio
1695 3494 1805 3553 cogno-

111 3577 285 3637 tltiasanctis
309 3579 361 3636 Dei
384 3580 557 3659 Evangeliiq,
584 3583 754 3654 praesidente
774 3584 836 3655 ipsa
860 3597 925 3640 cum
981 3592 1074 3643 mento
1088 3585 1212 3642 Postilla
1231 3582 1397 3640 anathemal
1412 3579 1518 3637 Basilio
1539 3573 1657 3633 iniausti
1678 3568 1805 3628 nominis

112 3665 182 3725 timul
197 3673 338 3742 regnante
353 3668 424 3739 tilio,
437 3676 465 3726 ct
480 3671 613 3728 universa
627 3673 747 3744 synodo,
762 3673 925 3744 patriarcha
979 3675 1159 3748 Tricaccobo,
1195 3673 1367 3730 anathemat
1401 3670 1529 3727 Trinitas
1559 3664 1649 3721 trium
1673 3662 1804 3734 dogmata

112 3755 488 3830 synodumalloqui,quibus
503 3761 921 3831 pareratrerbis,1ussusest:
978 3765 1096 3821 evertitt
1121 3764 1282 3834 Anastasio,
1301 3760 1489 3820 Constantino
1508 3763 1537 3814 et
1549 3755 1664 3824 Nicetae,
1689 3750 1740 3822 qui
1757 3762 1806 3820 per

114 3843 178 3914 isque
192 3846 360 3903 mandatum
372 3846 575 3918 imperatorum
587 3848 805 3921 exsequebatur.
815 3851 924 3907 Deinde
979 3854 1187 3911 successionem
1199 3846 1590 3918 sedtconstantinopolitanae
1601 3839 1803 3914 praesederunt,

116 3927 158 4002 ipsi
169 3935 257 3992 etiam
270 3934 485 3993 rocibasalleo
497 3939 623 4008 acceptis
635 3938 748 4010 placido
760 3944 789 3995 et
800 3940 924 4014 eleganti
980 3942 1069 3998 veluti
1086 3956 1157 3999 novo
1176 3942 1255 4014 hrio,
1280 3939 1411 3997 Nestorio
1428 3943 1456 3994 et
1469 3937 1616 4002 Dioscoro,
1635 3925 1803 3985 anathemat

116 4032 227 4082 maone
238 4025 381 4096 synodum
396 4025 475 4082 allati
487 4033 573 4084 sunt:
588 4027 628 4084 ita
642 4033 674 4085 ut
683 4042 781 4085 omues
795 4043 860 4087 cum
871 4043 925 4100 pa·
979 4032 1080 4088 ioanni
1096 4031 1269 4088 Nicomediae
1278 4036 1306 4086 et
1317 4027 1505 4086 Constantino
1515 4020 1641 4080 Nacoliae
1651 4016 1806 4075 haeresiar-

118 4111 572 4187 triarchaileoamabilesepiscopi
587 4118 724 4190 congruis
739 4118 927 4175 acclamatio-
980 4121 1054 4193 chis,
1070 4120 1238 4178 anathemat
1263 4121 1457 4191 Despenerunt
1472 4112 1626 4186 imaginem
1649 4104 1806 4164 Dominiet
1837 4151 1843 4161 .

119 4198 186 4260 tibus
200 4203 270 4261 illos
282 4211 533 4276 prosequerentur.
543 4206 594 4263 llis
604 4207 644 4263 ita
656 4208 753 4280 gestis,
765 4208 927 4265 rursusim-
981 4216 1144 4269 sanctorum
1159 4211 1237 4283 ejus:
1255 4209 1385 4280 despexit
1394 4221 1442 4264 eos
1459 4203 1608 4261 Dominus.

121 4293 288 4356 maamad
304 4295 445 4366 synodum
458 4295 567 4352 talibus
582 4296 628 4353 usi
643 4302 711 4353 sunt
725 4296 833 4353 verbis:
844 4300 927 4370 Lega-
1015 4302 1045 4358 Si
1061 4302 1128 4374 quis
1142 4301 1288 4358 Christum
1300 4301 1389 4356 Deum
1405 4299 1535 4352 nostrum
1552 4284 1804 4354 circumscriptum

122 4379 236 4439 taratara
251 4396 320 4440 voce
336 4383 414 4440 edita
426 4384 538 4441 azvobis
561 4385 705 4457 delinitio,
722 4391 754 4442 ut
768 4400 784 4443 a
800 4386 884 4444 nobis
898 4391 926 4443 et
982 4405 1038 4448 non
1056 4391 1208 4448 cantitetur
1223 4389 1379 4446 seeundum
1405 4384 1621 4449 humanitatem,
1637 4370 1802 4432 anathemat

122 4476 324 4529 tmctoastante
335 4477 364 4530 et
375 4473 521 4532 Christum
533 4480 646 4532 amante
659 4476 765 4547 populo
777 4478 924 4550 audiatur,
940 4438 967 4503 Β
1016 4480 1046 4535 sl
1062 4479 1314 4552 quisevangelicas
1325 4467 1647 4542 historiasimaginibus
1657 4473 1805 4534 expressas

122 4560 283 4619 aarruente
298 4562 352 4619 hoc
365 4563 625 4636 universasyuodo,
637 4566 752 4624 Cosmas
766 4568 823 4624 Deo
844 4580 926 4624 ama·
981 4582 1036 4626 non
1053 4570 1191 4640 admittit,
1209 4566 1378 4626 anathemat

122 4640 174 4705 bilis
185 4651 324 4710 decenus
335 4657 364 4709 et
375 4653 561 4712 cubuclesius
571 4662 715 4728 acceptam
727 4657 924 4716 definitionem
1015 4660 1132 4731 Siquis
1157 4660 1233 4731 ipsas
1255 4672 1310 4714 uon
1333 4656 1450 4716 salutat.
1475 4665 1540 4709 cum
1564 4647 1669 4706 sintin
1690 4643 1806 4701 nomine

123 4729 184 4808 legit
196 4740 253 4810 Qua
276 4742 350 4799 lecta
375 4742 561 4813 imperatores
586 4746 627 4802 ita
654 4746 922 4819 interrogaverunt:
979 4751 1136 4808 Dominiet
1155 4752 1318 4806 sanctorum
1334 4747 1407 4817 eius,
1423 4740 1589 4801 anathemat

123 4819 185 4884 llicat
195 4837 290 4888 sancta
302 4835 331 4889 et
344 4833 520 4890 aecumenica
535 4836 672 4907 synodus,
691 4850 759 4893 uum
775 4837 847 4893 lectu
859 4839 926 4895 ded·
1014 4840 1043 4896 si
1058 4838 1124 4903 quis
1150 4851 1259 4895 omnem
1285 4834 1509 4892 ecelesiasticam
1533 4829 1718 4888 traditionem
1745 4825 1805 4882 sive

123 4913 311 4977 tiioaestrum
324 4922 453 4979 omnium
479 4936 619 4981 consensu
644 4925 683 4982 sit
708 4925 795 4983 edita.
812 4926 848 4983 ht
877 4927 922 4984 illi
979 4929 1125 5000 scriptam,
1140 4928 1200 4985 sive
1223 4939 1279 4982 non
1290 4925 1426 4996 scriptam
1444 4922 1548 4993 rejicit,
1562 4915 1733 4976 anathemat

123 5004 329 5097 dchmqvcrunt
340 5029 347 5066 ε
360 5012 401 5067 lta
415 5010 569 5086 credimus,
594 5012 634 5069 ita
649 5027 746 5071 omnes
761 5015 921 5089 sentimus3
1014 5020 1078 5076 Post
1093 5019 1145 5075 has
1159 5015 1378 5073 acclamationes
1386 5012 1549 5084 patriarcha
1562 5010 1644 5069 oliert
1657 5009 1808 5080 imperato·

123 5101 198 5154 annes
215 5099 419 5156 consentiendo
444 5100 688 5174 subscripsimus!
705 5104 768 5161 Haec
789 5109 833 5162 est
854 5104 924 5162 ildes
980 5109 1061 5167 ribus
1072 5109 1176 5166 lectum
1188 5105 1368 5164 delinitionis
1378 5110 1498 5174 tomum,
1514 5102 1726 5175 postulavitque
1738 5111 1804 5157 eum

122 5186 305 5259 amulorum,
321 5188 381 5245 haec
394 5188 463 5246 hdes
476 5191 601 5264 Petrum,
619 5192 678 5249 haeo
699 5190 769 5250 ildes
784 5194 925 5251 orthodo-
981 5199 1114 5256 universa
1131 5198 1248 5271 synodo,
1261 5203 1293 5255 ut
1306 5195 1525 5269 consignaretur
1540 5192 1804 5253 etcommuniretur

121 5282 217 5334 ltmm:
248 5277 309 5335 haec
334 5277 403 5335 tides
422 5279 519 5337 orbem
539 5285 679 5339 terrarum
702 5284 924 5342 constabilivitt
980 5290 1141 5362 pitseorum
1153 5285 1426 5360 subscriptionibus.
1436 5286 1624 5358 Etacclpiens
1635 5283 1726 5340 fauste
1735 5293 1804 5352 prae

143 5401 196 5460 'lin
216 5416 288 5462 nova
317 5404 456 5462 versione.
472 5407 591 5478 -Quae
620 5387 781 5480 sequuntur
802 5410 926 5468 actionis
981 5419 1038 5471 mm
1063 5413 1217 5471 editionem
1234 5426 1290 5470 non
1313 5412 1455 5470 habentur
1480 5411 1593 5483 (excipe
1614 5415 1746 5474 canones,
1767 5402 1804 5458 de

117 5494 205 5550 tettae
217 5493 306 5551 titulo
321 5500 477 5565 praenotata
492 5496 546 5554 hoo
559 5496 631 5569 loco,
645 5497 675 5554 in
690 5498 799 5557 Graccis
813 5505 924 5558 tantum
980 5502 1087 5574 quibas
1100 5502 1221 5575 postea).
1238 5502 1337 5560 Visum
1346 5508 1440 5559 amen
1450 5506 1535 5557 estea
1548 5495 1647 5566 inseri,
1664 5489 1740 5561 quod
1751 5489 1802 5545 illa

113 5573 234 5653 luuntur
244 5582 408 5658 codicibus,
421 5585 471 5644 sad
485 5587 561 5659 apud
584 5586 768 5650 Anmbsium
780 5595 810 5648 et
823 5589 927 5663 vulga-
979 5591 1145 5649 contineant
1156 5606 1219 5663 quae
1229 5595 1369 5649 suntacta
1379 5593 1443 5662 post
1456 5586 1606 5659 synodum·
1640 5626 1644 5630 -
