3876 6090
732 236 902 297 Nicotaus
920 241 941 297 l.
1617 253 1688 316 40„
1785 212 1787 217 ’

92 359 165 415 atur
180 358 304 416 ltoccnia
317 373 385 433 erga
405 360 497 431 ripam
517 361 650 419 huminis
667 360 806 431 Fuldaha,
824 360 852 421 Α
897 363 1048 441 Quoniam,
1061 373 1144 443 juxta
1159 377 1266 447 scripta
1280 379 1414 448 petitoria
1429 380 1484 437 tilii
1503 381 1593 438 nostri
1609 394 1698 452 prae--

92 447 130 522 gli
143 449 395 519 sedisapostolicae
407 450 762 517 adminiculisdecorctuc,
776 453 809 507 ut
862 454 1061 518 cellentissimi
1077 464 1154 535 regis
1172 465 1278 533 Caroli,
1300 467 1482 541 privilegium
1497 470 1686 540 presentibus

92 537 254 597 isdictione
275 544 379 596 sanctae
396 544 510 614 nostra,
528 542 658 607 cui,lleo
679 547 805 609 auctore,
861 546 1044 607 auctoritatis
1080 557 1184 609 nostre
1220 554 1337 613 dilectis
1371 558 1537 615 monasterii
1576 558 1684 616 Christi

95 641 169 697 mus,
185 629 318 686 Ecclesia
337 630 537 691 constitutum.
558 630 670 687 nullius
685 629 808 687 alterius
862 636 997 705 martyris
1009 638 1140 711 Dionysii
1166 642 1196 698 in
1214 643 1359 701 abbatiola
1374 645 1551 715 lebracensi,
1567 647 1622 704 sub
1636 662 1686 704 re-

92 719 385 790 aejurisdictionibus
408 720 605 778 submittatur.
629 721 684 776 Pro
703 732 758 790 qua
776 733 807 775 re
861 719 928 790 gula
943 727 1034 782 sancti
1047 729 1193 787 Benedicti
1209 732 1346 805 religiosa
1358 734 1573 792 conversatione
1584 736 1684 808 domn.

92 808 214 867 sideriis
234 807 370 878 fauentes,
395 809 448 866 bac
469 815 567 867 nostra
589 809 761 867 auctoritate
776 808 804 865 id
860 809 949 882 tibus,
970 817 1099 874 unanimi
1115 832 1256 878 consensu
1271 821 1345 878 sacri
1361 822 1479 879 concilii
1494 828 1630 894 perpetuo
1644 824 1686 880 in·

92 896 246 968 uposcitur
263 895 376 953 effectui
393 899 598 969 mancipamus,
615 900 643 954 et
658 897 722 953 ideo
741 909 807 952 om·
859 897 1021 974 dulgomus,
1034 909 1218 966 concedimus
1232 914 1319 982 atque
1332 912 1545 983 confirmamus,
1557 918 1590 970 ut
1606 913 1685 969 sicut

92 985 213 1058 juelihet
226 986 360 1043 Ecclesia
375 987 547 1044 sacerdotem
564 986 593 1044 in
611 984 727 1057 praelato
742 998 806 1042 mo-
862 991 922 1061 ipse
933 993 1162 1065 gloriosissimus
1175 998 1255 1056 tilius
1268 1005 1365 1058 noster
1376 1000 1495 1058 Carolus
1509 1003 1609 1059 divino
1627 1002 1687 1058 du-

92 1089 111 1133 o
130 1075 271 1132 ditionem
287 1075 445 1148 quamlibet
460 1075 564 1132 habere
579 1080 631 1133 aut
644 1075 806 1133 auctorita·
860 1084 925 1137 ctus
942 1095 1038 1140 amore
1050 1086 1087 1142 de
1107 1086 1187 1144 villis
1201 1092 1229 1144 et
1251 1087 1450 1158 facultatibus,
1465 1104 1515 1147 seu
1530 1090 1687 1161 stipendiis

92 1169 176 1223 ruter
203 1166 296 1222 sedem
323 1165 509 1236 apostolicam
532 1169 561 1221 et
584 1163 749 1235 episcopum
776 1164 807 1220 iu
861 1170 1026 1239 specialiter
1059 1174 1261 1244 praedictorum
1286 1174 1406 1234 fratrum
1435 1183 1633 1235 ornamentum
1660 1181 1689 1234 et

92 1254 204 1313 liuccsi
224 1254 299 1311 idem
325 1254 487 1314 uenerabile
511 1253 715 1311 monasterium
734 1266 808 1310 rou-
861 1258 989 1316 ecclesiae
1003 1274 1063 1318 suae
1079 1260 1237 1334 hospitium
1250 1269 1336 1337 atque
1348 1280 1505 1338 pauperum
1520 1267 1622 1323 usibus
1632 1280 1690 1323 ser·

92 1356 124 1401 :m
142 1357 204 1401 esse
219 1343 343 1414 ridetur,
363 1344 410 1400 cui
427 1343 573 1400 licentiam
592 1343 726 1399 dedimus
741 1346 809 1398 tan-
862 1350 936 1417 rata,
958 1347 1002 1404 rel
1029 1350 1177 1408 meliorata
1210 1366 1260 1409 seu
1283 1359 1366 1411 aucta
1402 1354 1594 1425 ordinatione,
1627 1368 1690 1427 quae

92 1446 134 1491 aul
159 1434 361 1505 opportunitas
377 1432 562 1490 consecrandi
586 1431 688 1489 altaris
707 1429 806 1502 luerit,
863 1438 990 1506 tempore
1014 1438 1069 1508 piae
1088 1440 1232 1498 memoriae
1251 1442 1393 1514 genitoris
1410 1444 1457 1501 sui
1478 1444 1594 1515 Pippini
1610 1442 1690 1500 luere

92 1536 168 1581 emus
183 1524 223 1580 ita
246 1529 279 1581 ut
299 1524 356 1580 nisi
371 1523 408 1580 ab
419 1523 521 1580 abbate
534 1521 701 1579 mornasterii
718 1519 807 1577 tuerit
861 1521 936 1580 lacta
947 1526 1111 1599 constituit,
1127 1542 1161 1586 ac
1176 1535 1311 1601 perpetuo
1328 1546 1388 1588 suae
1401 1533 1585 1590 auctoritatis
1597 1532 1689 1588 drma-

92 1627 123 1671 ue
136 1625 187 1669 nec
209 1612 361 1670 missarum
377 1613 484 1670 ibidem
499 1611 708 1670 solemnitatem
729 1608 808 1681 quis·
861 1611 913 1680 rit,
928 1612 978 1686 ita,
1001 1614 1080 1675 sicut
1096 1616 1127 1675 in
1146 1618 1255 1677 eisdem
1271 1621 1421 1692 praeceptis
1441 1624 1470 1677 et
1482 1620 1691 1678 donationibus

92 1708 247 1774 prasumat
275 1702 392 1760 omnino
428 1700 581 1768 celebrare,
617 1704 649 1757 ut
679 1696 1037 1777 proiectoBcontinetur,
1053 1711 1189 1777 perpetuo
1213 1707 1382 1766 inconvulsa
1396 1713 1589 1780 permaneant.
1609 1708 1687 1766 Cou-

92 1791 111 1849 d
133 1792 209 1863 quod
225 1791 384 1862 subjectum
405 1789 571 1861 apostolicae
591 1788 653 1846 sedi
670 1787 806 1845 drmitate
859 1789 1012 1849 stitulmua
1024 1792 1140 1865 iterum,
1154 1796 1326 1853 auctoritate
1344 1796 1418 1853 beati
1436 1797 1522 1869 Petri,
1544 1802 1577 1854 ut
1588 1797 1689 1854 nullus

92 1880 127 1954 gil
146 1881 291 1952 consistit,
312 1881 481 1938 inconcusse
499 1879 630 1935 dotatum
642 1879 806 1948 permaneat
859 1879 1351 1957 cujuscunquemoditionistuerit,
1363 1885 1567 1957 dehisquaeiu
1580 1901 1689 1957 pracc-

92 1969 210 2042 trebus,
230 1974 288 2025 am
306 1969 350 2026 eis
371 1982 443 2041 quas
466 1968 601 2025 moderno
621 1971 746 2037 tempore
759 1968 807 2022 te-
861 1967 919 2037 ptis
932 1968 1026 2039 ipsius
1036 1969 1091 2027 dlii
1107 1973 1198 2029 nostri
1211 1973 1305 2030 caroli
1319 1977 1348 2030 et
1365 1955 1490 2031 aliorum
1503 1988 1602 2046 regum
1622 1976 1688 2033 col-

104 2059 242 2132 poesidet,
262 2072 346 2130 quam
368 2073 432 2130 qua
451 2056 559 2115 tuturis
582 2053 760 2127 temporibus
774 2053 805 2109 in
860 2055 917 2113 lata
929 2061 1008 2130 suut,
1024 2058 1079 2115 suh
1094 2060 1251 2130 cujuslibet
1263 2074 1357 2120 causa
1374 2063 1523 2120 ooeaslone
1546 2062 1606 2121 eive
1618 2078 1687 2135 spe-

92 2148 154 2207 ctus
166 2146 331 2205 monasterii
346 2146 445 2204 divina
461 2146 552 2217 pietas
565 2143 689 2203 soluerit
702 2153 807 2214 augere
859 2144 912 2216 cie,
937 2144 968 2203 in
984 2147 1184 2217 prejudicium
1201 2150 1367 2208 donationis
1386 2151 1529 2223 quidquid
1555 2152 1685 2211 minuere

92 2241 147 2295 set
156 2235 353 2294 oblationibus
362 2235 539 2306 decimisque
548 2233 687 2303 bdelium,
698 2230 807 2301 absque
858 2230 901 2288 vel
929 2230 1052 2305 auimre,
1080 2234 1219 2309 obligare,
1248 2236 1385 2310 alienare,
1416 2239 1568 2313 impedire,
1600 2239 1686 2297 inra-

92 2339 209 2385 emona
217 2325 444 2383 contradictione
454 2323 589 2380 firmitate
597 2324 732 2393 perpetua
745 2332 808 2389 per·
858 2318 1081 2395 descendere,
1105 2337 1208 2399 emere,
1223 2329 1253 2383 et
1272 2326 1335 2384 suis
1350 2327 1453 2387 usibus
1473 2328 1619 2400 applicare
1640 2329 1684 2387 uel

92 2431 104 2471 ·.
116 2414 254 2472 Ceterum
274 2427 340 2470 vero
353 2415 406 2471 hoc
417 2412 610 2470 deliberantes
623 2408 805 2467 decernimus
858 2406 928 2465 aliis
937 2409 1021 2481 quasi
1034 2412 1093 2483 piis
1106 2414 1204 2471 causis
1215 2429 1265 2486 pro
1276 2429 1335 2473 sue
1345 2416 1475 2473 avaritia
1488 2417 1686 2490 excusatione,

92 2504 167 2577 guis
188 2502 366 2574 temporibus
379 2505 483 2558 nostrae
501 2500 697 2559 sollicitudini
710 2495 805 2555 eccle-
860 2504 1034 2571 prasumat3
1049 2502 1098 2559 sed
1111 2507 1215 2561 cuncta
1229 2518 1293 2576 qua
1318 2503 1445 2576 praelatis
1465 2505 1568 2563 usibus
1581 2519 1685 2562 mona-

92 2606 104 2650 e
119 2592 280 2661 intimetur,
296 2590 421 2663 qualiter
432 2590 534 2663 religio
547 2589 704 2646 monastica
717 2599 806 2658 regu-
859 2584 979 2645 chorum
1000 2588 1095 2648 oblata
1116 2595 1186 2648 suut
1208 2593 1252 2650 vel
1267 2592 1363 2650 oderri
1385 2594 1550 2667 contigerit,
1566 2594 1685 2665 pereuni

92 2680 149 2739 altu
166 2681 312 2754 dirigatur
325 2680 536 2752 concordiaque
554 2676 733 2736 convenienti
755 2689 806 2732 ec-
860 2676 986 2747 tempore
998 2676 1112 2737 illibata
1130 2684 1159 2737 et
1169 2680 1339 2740 imanrulsa
1353 2682 1416 2739 siue
1430 2683 1530 2755 aliqua
1540 2683 1687 2755 inquietu-

92 2771 141 2831 ‚lea
153 2771 251 2828 studio
268 2770 447 2841 mancipetur
461 2782 496 2826 ne
513 2767 596 2839 torte,
619 2767 694 2839 quod
715 2766 803 2837 absit,
857 2764 1084 2837 dineproiutura
1101 2775 1294 2840 permaneant.
1306 2769 1439 2828 volentes
1449 2772 1547 2844 itaque
1562 2772 1687 2830 malitiis

92 2861 136 2933 jus
150 2860 296 2933 privilegii
311 2859 430 2916 obtentu
444 2858 560 2915 animus
573 2870 745 2929 gressusque
764 2869 805 2912 re·
859 2853 1007 2913 bominum
1027 2856 1152 2931 obviare,
1166 2857 1275 2915 litteris
1288 2859 1318 2916 in
1334 2859 1535 2931 prejudicium
1549 2865 1579 2917 et
1591 2860 1687 2919 detri-

92 2948 134 3007 nis
147 2953 247 3005 uestrae
260 2961 277 3004 a
290 2959 389 3003 norma
405 2945 530 3017 iustitie
540 2944 641 3016 aliquo
660 2943 742 3000 modo
755 2956 805 2999 re-
858 2947 985 3001 mentun
1005 2945 1209 3015 predictorum
1231 2945 1370 3005 coniectis
1395 2953 1424 3005 et
1441 2953 1541 3006 contra
1553 2954 1684 3007 nostrum

92 3039 155 3097 rtur.
170 3036 383 3095 Censtituimus
398 3048 512 3107 quoque
526 3047 576 3104 per
592 3033 680 3102 hujus
694 3031 802 3089 decreti
817 3017 842 3081 C
855 3030 1000 3089 decretum
1014 3032 1236 3091 instrumentum
1248 3034 1326 3091 datis
1340 3049 1497 3106 cassamus,
1514 3038 1686 3110 nulliusque

92 3125 225 3199 paginam
248 3130 280 3182 ut
298 3125 465 3197 quicunque
488 3121 645 3192 cujuslibet
667 3120 802 3177 Ecclesiae
856 3119 1035 3179 valorisasse
1048 3122 1240 3180 decernimus.
1254 3122 1333 3179 Nulli
1348 3124 1436 3181 etiam
1455 3125 1687 3196 archiepiscopo,

114 3215 158 3273 vel
178 3227 349 3286 quacunque
369 3212 511 3283 dignitate
530 3209 649 3280 praedita
671 3221 801 3280 persona,
856 3214 906 3266 aut
918 3209 1052 3280 episcopo
1063 3208 1099 3265 ab
1111 3210 1378 3281 eisdemjudicibus
1389 3211 1537 3283 deputatis
1551 3212 1638 3270 liceat
1652 3215 1684 3271 in

92 3304 149 3363 utri
159 3302 304 3375 privilegii
314 3303 441 3358 chartam
451 3313 534 3372 quarn
543 3298 715 3355 auctoritate
725 3297 804 3368 priu-
858 3298 936 3368 ipsos
960 3298 1114 3356 monachos
1138 3304 1189 3355 aut
1205 3301 1235 3356 lu
1259 3299 1397 3372 aliquem,
1421 3301 1471 3372 qui
1489 3301 1533 3357 eis
1555 3302 1683 3359 decimas

95 3391 271 3465 postolorum
298 3390 445 3446 tirmamus
473 3393 611 3444 temerare
639 3384 800 3455 hahuerit,
855 3389 907 3443 aut
921 3386 996 3444 alios
1011 3387 1122 3444 reditus
1143 3391 1256 3444 tenetur
1267 3387 1412 3444 exsolvere
1434 3389 1465 3445 iu
1481 3389 1682 3459 prejudicium

92 3494 127 3539 ua
144 3480 195 3551 sit,
215 3484 243 3537 et
259 3479 330 3536 iram
353 3478 403 3535 liei
432 3479 619 3534 incurreusa
642 3478 717 3532 coetu
737 3487 803 3531 om·
857 3475 985 3546 ipsorum
1013 3476 1184 3533 sententiam
1212 3476 1531 3547 excommunicationis,
1554 3480 1605 3533 aut
1631 3476 1683 3534 in-

92 3572 246 3629 unctorum
270 3568 395 3625 extorris
417 3567 532 3637 existat,
557 3569 586 3622 et
609 3561 802 3620 nihilomiuus
855 3564 971 3621 terdicti
987 3563 1123 3636 prolerre,
1142 3578 1193 3621 nec
1205 3564 1312 3622 invitos
1328 3578 1376 3622 eos
1390 3565 1426 3621 ad
1441 3578 1472 3622 se
1489 3565 1520 3622 in
1535 3565 1680 3635 judicium

111 3658 278 3717 monasterii
293 3655 550 3730 dignitasanobis
565 3653 679 3711 indulta
698 3665 802 3724 perpe-
855 3653 1034 3724 compellere,
1060 3653 1129 3712 dum
1154 3657 1247 3711 tamen
1270 3653 1384 3711 abbatis
1409 3654 1457 3710 sui
1479 3659 1614 3727 tanquam
1629 3668 1682 3711 or-

92 3747 255 3805 ·inriolata
277 3748 439 3818 permaneat
453 3743 610 3815 apostolica
630 3740 802 3799 auctoritate
854 3741 963 3798 dinarii
986 3741 1113 3800 soluerit
1134 3755 1233 3814 parare
1255 3741 1397 3799 mandato.
1413 3743 1448 3798 Et
1466 3742 1603 3814 quonlam
1628 3756 1682 3812 pe-

92 3851 111 3895 l.
134 3837 278 3907 Scriptum
308 3850 358 3907 per
382 3848 496 3891 manum
519 3832 606 3905 Petri,
640 3830 747 3889 notarii
773 3833 802 3886 et
856 3831 955 3888 titioni
971 3831 1065 3903 ipsius
1090 3831 1146 3887 dlii
1170 3831 1262 3889 nostri
1282 3830 1678 3901 Carolianuuerecupimus,

92 3925 124 3982 rii
139 3929 243 3983 sancta
253 3926 385 3981 Romana
397 3923 540 3994 Ecclesia,
555 3922 585 3978 in
598 3918 799 3990 menselunio,
855 3919 957 3976 horum
968 3921 1170 3991 omniumque
1180 3919 1345 3989 hujusmodi
1360 3918 1505 3990 praecepti,
1515 3919 1681 3989 decretique

92 4028 135 4072 rue
145 4014 276 4084 septima.
294 4014 366 4069 Bene
379 4011 478 4069 valete.
855 4009 947 4065 nostri
962 4013 992 4065 et
1005 4008 1052 4065 sul
1069 4009 1171 4080 pagiua
1186 4009 1324 4078 continet,
1340 4009 1463 4065 dilectos
1476 4008 1553 4065 illios
1566 4012 1680 4065 nostros

92 4117 113 4158 n
128 4117 150 4159 ll
167 4104 234 4160 idus
254 4102 355 4158 lunias
367 4114 416 4171 per
428 4112 542 4156 manum
557 4097 677 4169 Tiberii,
694 4095 801 4167 prini-
854 4097 1087 4168 archiepiscopos
1107 4097 1353 4168 ldoguntinensem
1380 4101 1409 4153 ct
1434 4097 1629 4154 Trevireusem
1652 4100 1681 4152 et

92 4196 177 4248 aneta
203 4191 280 4248 sedis
307 4189 481 4259 apostolice,
510 4188 669 4257 imperante
695 4185 799 4241 domno
852 4200 951 4244 eorum
975 4185 1179 4258 suffraganeos,
1202 4185 1289 4241 simul
1315 4186 1367 4243 hos
1390 4187 1441 4258 qui
1457 4201 1510 4243 suo
1534 4187 1679 4243 ordineet

92 4294 109 4337 o
127 4280 257 4352 principe
275 4280 403 4351 Augusto
424 4275 609 4347 Ludorico,a
631 4275 689 4331 Deo
713 4285 800 4329 coro-
853 4275 915 4333 loco
930 4275 1130 4346 successerint,
1153 4278 1366 4330 conservatores
1391 4275 1598 4334 constituimus
1616 4277 1679 4332 eis-

92 4381 182 4443 tagno,
207 4368 325 4439 paetico
341 4368 520 4437 imperatore,
542 4377 618 4420 anno
638 4363 799 4433 decimati
811 4358 838 4421 D
852 4364 926 4435 dem,
942 4363 1103 4422 etcuilibet
1121 4374 1219 4419 corum
1244 4361 1273 4416 in
1296 4360 1421 4417 solidum
1437 4363 1487 4434 qui
1508 4362 1618 4419 tuerint
1630 4377 1678 4420 re-

92 4471 183 4516 rauno
196 4458 317 4528 decimo,
335 4456 494 4512 indictione
510 4453 641 4525 septima.
662 4452 759 4509 tuen.
852 4455 967 4526 quislti,
990 4454 1158 4513 mandantes
1181 4455 1322 4524 quatenus
1344 4451 1439 4521 ipsum
1470 4453 1674 4510 monasterium

366 4567 398 4621 ῃ,
852 4542 985 4602 lebraha
1009 4542 1166 4608 molestari,
1193 4546 1244 4599 aut
1265 4540 1432 4612 inquietari,
1454 4540 1484 4597 in
1503 4540 1621 4611 juribus
1649 4547 1679 4599 ct

92 4656 308 4726 letitiajmcocnr
325 4668 400 4710 rnen
417 4667 426 4708 r
442 4666 495 4715 qun
512 4665 665 4708 conrrnnnr
680 4664 799 4707 „propp
853 4633 946 4701 bouis,
962 4638 1047 4704 atque
1069 4631 1240 4704 privilegiis,
1264 4634 1296 4687 ut
1309 4629 1505 4703 premittitur,
1520 4629 1634 4686 collatis
1648 4637 1677 4687 et

92 4740 157 4783 ‚nour
171 4741 254 4782 uncnr
271 4740 323 4782 eno
335 4737 506 4781 uonnsnunro
519 4738 542 4779 s.
556 4737 675 4779 nrosrsn
687 4736 706 4776 ·.
853 4722 997 4781 concessis
1011 4734 1066 4779 non
1091 4721 1267 4791 permittant.
1287 4720 1317 4774 Si
1331 4717 1397 4790 quis
1408 4722 1503 4775 autem
1522 4719 1676 4775 temerario

92 4805 592 4881 irandidier,llistoiredet'eqisedc
606 4809 798 4886 strastburg]
852 4825 935 4883 ausu,
957 4823 1056 4883 magna
1076 4821 1195 4880 parvare
1210 4821 1341 4880 persona,
1357 4813 1456 4864 contra
1476 4807 1530 4864 boc
1545 4812 1674 4865 nostrum

92 4918 146 4963 aus
170 4905 332 4975 episcopus,
357 4916 457 4959 servus
480 4915 626 4959 servorum
648 4901 709 4973 liei,
726 4901 798 4959 uni·
851 4900 1040 4973 apostolicum
1055 4899 1200 4956 decretum
1222 4910 1305 4970 agere
1319 4898 1543 4968 presumpserit,
1559 4897 1633 4955 sciat
1648 4912 1678 4956 se

92 4994 192 5053 :bristi
208 4992 343 5050 ildeiibus
357 5005 433 5049 nune
447 4990 593 5048 etluturis
608 4990 795 5062 temporibus,
851 4987 1041 5046 anathematis
1049 4986 1165 5044 vinculo
1174 4985 1341 5042 innodatum
1353 4998 1387 5041 ac
1398 4999 1485 5058 regno
1494 4985 1545 5042 liei
1557 5001 1677 5058 prorsus

92 5122 104 5138 ,.
850 5080 988 5149 alienum,
1004 5090 1069 5134 cum
1084 5074 1218 5132 omuibus
1232 5073 1331 5146 impiis
1346 5073 1473 5131 incendii
1484 5077 1584 5133 aeterni
1598 5077 1679 5134 dam-

92 5184 136 5239 ter
151 5179 323 5237 inusitatum
340 5180 370 5235 in
389 5178 480 5235 bullis
500 5177 661 5249 pontiliciis
678 5184 705 5235 st
724 5180 794 5252 lum,
849 5176 987 5235 Nicotaus
997 5187 1055 5232 aevo
1065 5173 1117 5230 illo
1129 5172 1190 5229 sedi
1204 5171 1336 5228 Romane
1351 5168 1476 5243 praeiuit,
1497 5178 1676 5243 noscuntque

92 5264 131 5311 rm
152 5250 297 5323 praesefert
312 5250 449 5307 falsitatis
469 5249 610 5307 iudicium
631 5251 690 5307 bac
704 5194 794 5324 hulla,
849 5262 957 5318 omues
971 5248 1003 5305 iu
1015 5247 1077 5317 ipsa
1088 5244 1210 5301 historia
1218 5242 1262 5300 vel
1272 5243 1512 5315 minimeversati,
1524 5243 1672 5300 Nicolaum

92 5336 169 5382 leco
187 5323 218 5380 di
240 5322 344 5379 lomate
356 5321 541 5391 transcripsit
554 5320 674 5378 Carolus
690 5324 723 5377 lv
737 5323 797 5380 iro-
851 5322 975 5392 primurn
1003 5330 1078 5375 anno
1097 5320 1209 5372 unium
1228 5312 1282 5372 858
1303 5313 1357 5370 sub
1380 5315 1523 5372 Ludorico
1545 5312 1672 5369 Lotharii

98 5408 147 5453 an.
164 5392 198 5451 t3
236 5392 798 5465 ,quanquerocatpraeccdentispru
851 5392 1098 5463 illicimperatore
1113 5399 1211 5457 papam
1229 5384 1673 5443 tuisseelcctum.teollianno

92 5464 325 5525 infirmationem.
347 5464 484 5520 Nicotaus
503 5474 574 5590 papa
595 5463 668 5520 hanc
688 5463 796 5522 bullam
850 5461 913 5534 803,
929 5457 1321 5541 quosupposititiumcaroll
1334 5457 1428 5528 Nagnl
1441 5450 1671 5521 reterturdlplo-

92 5535 503 5608 dtdmradpeuuouencaro
517 5533 797 5607 illegalhtuullus
852 5527 1285 5603 mallomauuseratpoutulex.
