3876 6090
53 225 116 287 897
519 237 717 299 bolmontis.
737 272 775 284 —
797 244 958 304 monrium
976 248 1023 305 AD
1048 251 1135 309 OPUS
1153 253 1315 323 SEQUENS.
1717 258 1772 321 898

55 371 141 416 more
159 358 355 418 desiderantis
386 366 484 433 aperto
518 366 688 432 contribuit,
727 371 777 441 qui
803 376 1108 444 superAconlractus
1120 378 1154 436 ab
1175 380 1277 436 ordine
1292 380 1393 453 cecidi,
1411 397 1445 439 ue
1469 383 1656 454 dispendium
1672 386 1770 456 peric·

53 448 154 518 iustos
167 452 197 505 et
212 449 337 521 iniustos
352 449 569 512 affluentissime
586 456 670 528 pluit,
682 459 742 529 ipse
752 473 768 516 a
779 476 891 519 summo
946 468 1003 524 ctio
1017 473 1169 542 pateretur,
1191 469 1253 540 ipsa
1269 468 1388 544 (quem)
1404 472 1527 529 sacravit
1538 474 1659 545 Veritas,
1673 489 1769 534 nume·

56 543 103 594 est
118 544 222 608 potens
235 539 345 596 stillam
360 541 501 615 amittere,
515 549 544 601 et
558 545 687 619 linguam
700 550 810 607 aridam
824 553 886 609 ele-
946 572 1010 614 rum
1022 559 1173 629 reparavit.

57 631 173 686 menter
187 627 349 687 infundere.
979 647 1133 702 Duodecim
1149 662 1264 720 quoque
1284 650 1426 706 mensium
1446 664 1536 707 eursu
1557 656 1619 708 rota
1645 651 1772 709 volvitur

944 735 1023 806 anni,
1047 734 1153 807 quibus
1168 742 1245 808 gesta
1266 752 1424 810 pugnaeque
1446 744 1611 796 sanctorum
1638 754 1722 796 aures
1743 740 1772 796 o·

943 822 1052 879 delium
1075 824 1201 897 erigunt,
1226 833 1392 898 mentesque
1415 827 1564 897 spirituali
1591 829 1688 886 edulio
1716 842 1770 900 pa-

93 897 313 955 Duodcnarium
327 912 478 957 numerum
493 915 555 959 esse
570 902 724 973 perlectum
740 909 815 965 ratio
826 910 889 980 ipsa
943 918 1038 986 scunt,
1053 919 1081 969 el
1092 914 1126 969 ad
1142 927 1265 971 amorem
1289 917 1414 973 coelcstis
1436 916 1626 974 beatitudinis
1640 918 1767 974 trabunt.

56 987 169 1044 astruit
195 987 338 1059 veritatis,
362 989 429 1044 dum
454 990 483 1046 in
499 998 662 1051 sanctorum
686 997 888 1067 prophetarum
943 1000 1001 1057 Nos
1016 1003 1101 1058 etiarn
1119 1004 1188 1074 quia
1205 1004 1291 1074 hujus
1306 1007 1438 1077 opusculi
1452 1007 1543 1063 nostri
1558 1007 1661 1063 seriem
1681 1005 1771 1078 expli-

56 1074 315 1148 apostolorumque
330 1078 458 1151 catalogo
473 1083 616 1138 sacratum
627 1082 687 1140 lore
701 1084 886 1145 demonstret.
943 1090 1001 1148 eito
1016 1091 1092 1148 libro
1105 1093 1267 1165 undecimo,
1282 1094 1351 1150 acsi
1369 1095 1506 1152 bactenns
1521 1096 1682 1168 aggerando
1694 1110 1769 1154 con-

55 1165 217 1222 Duodecim
233 1165 344 1236 typicos
359 1179 482 1239 namque
506 1167 599 1227 fontes
617 1175 730 1245 bloysen
745 1189 810 1233 curn
834 1193 889 1249 po·
945 1179 1077 1252 tulimus,
1090 1182 1310 1252 neimperlectio
1322 1183 1495 1254 perfectione
1503 1185 1646 1257 culpetur,
1655 1186 1770 1242 cbristo

57 1254 130 1327 pulo
142 1253 268 1328 legimus
283 1255 426 1313 invenisse
441 1258 472 1313 in
485 1271 589 1329 eremo,
602 1266 630 1317 el
642 1262 688 1319 bis
700 1268 887 1324 senoslcsum
944 1271 1071 1340 propitio
1086 1271 1249 1328 duodecimi
1267 1273 1385 1329 initium
1409 1275 1568 1347 capiamuS,
1586 1280 1627 1348 ul,
1650 1275 1719 1332 dum
1733 1274 1768 1333 ad
1831 1343 1833 1347 ¹

58 1344 175 1415 lapides
191 1343 327 1401 iordanis
341 1345 496 1403 sustulisse
518 1361 535 1404 a
557 1349 655 1408 ouvio.
677 1354 759 1410 lesus
774 1369 889 1427 quoque
942 1358 1047 1414 enicem
1069 1357 1206 1431 felicique
1229 1375 1316 1418 cursu
1345 1364 1515 1435 pervenerit,
1548 1364 1610 1434 ipse
1625 1363 1768 1437 laudetur,

56 1438 158 1491 noster
169 1432 354 1491 firmissimos
372 1439 401 1491 et
413 1435 635 1507 limpidissimos
647 1440 757 1512 lapides
774 1444 888 1502 duode-
943 1447 1034 1518 quiet
1051 1448 1114 1503 suis
1132 1446 1295 1505 facundiam
1309 1451 1451 1507 sermonis
1466 1451 1625 1508 munificiis
1652 1453 1767 1525 tribuit,

56 1521 395 1596 cimdelegitapostolos,
405 1530 436 1580 ut
446 1529 778 1602 compaginalianguluri
791 1532 886 1604 lapide
941 1542 969 1592 et
984 1537 1015 1593 iu
1030 1550 1149 1594 numero
1168 1544 1197 1594 et
1221 1553 1353 1596 mensura
1377 1546 1404 1596 et
1428 1541 1551 1611 pondere
1577 1541 1682 1598 artilex
1703 1557 1771 1599 om-

57 1627 176 1702 murum
199 1610 375 1671 fabricarent
392 1614 535 1672 Ecclesia.
551 1618 591 1675 Ex
607 1619 714 1690 quibus
730 1621 797 1693 quia
811 1638 886 1680 unus
941 1625 1022 1682 nium
1037 1627 1132 1683 omnia
1148 1628 1260 1700 soluit,
1276 1636 1304 1685 et
1318 1634 1425 1687 statuta
1441 1629 1639 1689 benedictione
1650 1631 1768 1689 dicarit.

133 772 267 841 hasnon
278 773 310 827 in
326 773 373 827 lib.
387 774 441 829 ΧΠ
453 791 500 831 ceu
511 792 627 834 mensem
638 782 815 838 Decembrem.

56 1789 1183 1819 Q

523 1935 694 2012 CdeiEN
747 1942 804 2012 DE
855 1944 1017 2018 salioru
1060 1947 1303 2020 wucrultole

702 2101 872 2161 AUCTORE
896 2103 1130 2174 WOLFHARDO,

574 2227 662 2291 (Apud
679 2226 822 2293 Caninium,
854 2227 992 2283 Lectiones
1013 2233 1102 2296 antiq,
1126 2229 1246 2295 tamn.)

807 2363 1011 2379 —

92 2459 171 2517 Filia
186 2458 265 2532 regis
277 2461 347 2529 erat,
368 2458 416 2514 sed
432 2471 548 2531 egenam
568 2472 598 2515 se
613 2458 744 2519 iaciebat.
901 2466 928 2527 Β
977 2463 1046 2535 Qua
1058 2465 1171 2522 meritis
1185 2465 1249 2535 ejus
1262 2463 1373 2521 confert
1389 2465 1425 2520 de
1439 2463 1552 2538 virgine
1565 2468 1658 2540 natus,

92 2549 181 2607 Dives
191 2552 225 2605 ut
237 2547 268 2605 ln
279 2546 394 2605 cbristo
410 2550 540 2620 regnaret
552 2562 662 2620 semper
673 2549 702 2607 in
715 2551 797 2624 ipso,
978 2557 1019 2611 Ex
1034 2556 1097 2625 ejus
1119 2552 1217 2610 tumba
1232 2558 1329 2610 manat
1343 2567 1424 2610 sacra
1444 2555 1569 2624 pectoris
1584 2557 1662 2613 unda

91 2639 183 2709 Quam
198 2638 241 2698 sit
258 2637 344 2694 ebara
361 2639 418 2695 Deo
431 2642 591 2695 monstrant
605 2640 745 2697 miracula
766 2643 865 2702 crebro
880 2665 888 2720 3
978 2645 1070 2700 Serva
1085 2657 1207 2714 namque
1230 2642 1280 2699 liei
1298 2643 1346 2699 lun
1359 2643 1506 2714 splenduit
1521 2642 1606 2700 illa...

58 2815 1764 2856 w

704 2967 794 3014 ANNO
820 2968 941 3013 DOMINI
962 2970 1131 3014 DCGCXCIX.

644 3122 1169 3279 unumoolls

384 3379 631 3457 ucccuSlm
677 3379 1065 3455 nnrlsronullsls
1111 3380 1468 3456 suuolloodUS.

472 3680 745 3805 uoollull
785 3683 863 3800 lli
903 3679 1049 3803 orus
1087 3679 1362 3811 sundino.

289 3882 386 3946 (Apud
409 3884 525 3945 Pezium,
548 3885 697 3935 Thesaurus
719 3885 910 3935 Anecdolorsm
930 3884 1095 3944 novissimus,
1119 3882 1222 3946 lomi,
1245 3885 1311 3946 part.
1334 3895 1375 3943 111,
1390 3896 1450 3945 pag.
1468 3882 1534 3945 lot.)

807 4027 1013 4040 ψ

91 4133 307 4198 Ρηωίαναεεει,
321 4133 417 4206 inquit
427 4136 645 4195 eruditissimus
660 4136 846 4196 llabillonius
857 4140 887 4198 in
902 4140 928 4205 G
943 4137 1071 4208 tradidit,
1091 4141 1172 4205 atquae
1187 4135 1322 4218 altipauit,
1334 4137 1493 4218 immanem
1502 4133 1695 4219 Ambmcboaie
1705 4151 1765 4190 oen.

56 4203 166 4262 ltinere
183 4205 363 4276 Germanico,
387 4212 462 4264 torno
486 4210 520 4264 lv
541 4209 736 4267 analectorum
761 4212 886 4286 praelixa,
944 4227 985 4282 ep.
1000 4215 1026 4265 et
1040 4210 1166 4264 aduocati
1180 4222 1239 4276 epus
1254 4206 1375 4261 Gerbarte
1388 4211 1413 4260 et
1426 4205 1588 4288 dignaberis,
1600 4211 1655 4289 cte.
1669 4206 1769 4290 Aetam

56 4274 152 4331 Codex
165 4277 366 4349 Traditionam,
384 4282 439 4334 seri
459 4285 503 4335 tas
515 4281 550 4334 ab
562 4281 706 4345 Anemoto,
728 4283 888 4354 dirutusque
944 4284 982 4338 ad
1002 4280 1181 4351 lleoeimpala.
1203 4276 1440 4359 Haecdnamodus
1461 4291 1531 4348 ipse,
1558 4292 1618 4360 qur,
1637 4282 1668 4333 ut
1680 4284 1723 4333 art
1739 4291 1768 4333 nn

55 4347 221 4402 Ambrieooi
244 4296 489 4420 perimamini
515 4351 598 4408 nobis
623 4353 737 4410 videtur
768 4354 888 4425 Asperto
945 4352 1165 4425 prolatiuncula
1193 4351 1227 4406 ad
1250 4348 1282 4403 Α.
1310 4361 1488 4432 episcopum,
1514 4349 1651 4418 plummas
1675 4349 1768 4403 scedas

56 4419 197 4546 ggzscopo
205 4421 417 4490 Ratisponensi,
430 4423 480 4493 qui
488 4425 647 4506 seeundum
659 4396 797 4508 quosdam
812 4441 888 4483 anno
945 4426 1123 4506 traditionum
1139 4419 1450 4503 otpac'comcombeorum
1465 4435 1511 4503 nea
1525 4435 1582 4543 imit
1597 4423 1623 4498 et
1642 4434 1769 4472 commor-

57 4490 889 4639 turboltltitillatoriilentillilot
945 4496 1245 4634 {nobilitet
1262 4491 1770 4644 llll‘rillltilt‘llrllttlllt

57 4646 125 4703 pue,
142 4633 189 4688 cui
203 4633 366 4691 Anamodus
382 4635 434 4691 boc
450 4637 564 4692 illustre
579 4645 793 4696 monumentum
809 4641 890 4696 dica·
944 4639 1065 4693 submoto
1077 4636 1199 4703 facilius,
1213 4649 1385 4688 eurrrneccsse
1398 4636 1479 4701 soret,
1489 4649 1541 4702 per
1553 4633 1675 4703 capetulo
1687 4637 1770 4687 amte-

56 4703 112 4768 rit‚
125 4710 281 4775 uirumque
290 4706 428 4761 admittit.
444 4708 567 4764 Fuitbic
575 4709 740 4768 linamodus
754 4712 888 4768 Ecclesiae
944 4713 1039 4763 notitia
1062 4709 1284 4760 nrtnciocercmtm·
1304 4709 1330 4759 ct
1353 4709 1591 4789 capnoserrrmtum
1619 4704 1713 4788 Codex
1736 4718 1770 4789 ex

56 4774 142 4830 Ratis
181 4776 279 4832 nensis
301 4777 505 4850 subdiaconus,
529 4784 560 4835 ul
576 4781 718 4838 discimus
731 4796 765 4838 ex
788 4783 839 4837 lib.
855 4796 887 4847 n,
946 4774 1770 4901 quobocmonumcntum,quolorleprasmntrusbagoaria

56 4858 120 4916 nep.
174 4846 244 4916 ,ubi
257 4851 349 4904 exstat
372 4851 558 4906 commutatio
582 4851 889 4910 iuternmbrlcbonem
946 4864 1001 4908 non
1018 4848 1146 4920 possidet
1168 4847 1323 4915 edidimus,
1339 4860 1402 4929 sune
1419 4847 1510 4903 dubio
1534 4852 1673 4974 autogralt
1696 4852 1771 4904 uset

56 4918 157 4987 episco
181 4932 228 4973 um
243 4919 472 4992 eldnamodum,
489 4921 519 4978 in
538 4936 594 4993 qua
606 4924 714 4992 placuit
725 4924 890 4979 cuidamra-
945 4921 1130 4978 authenticus
1141 4922 1195 4987 est,
1211 4921 1346 4973 exaratus
1362 4931 1391 4972 rn
1408 4916 1583 5001 membranis
1597 4932 1646 4973 un·
1667 4959 1673 4972 .
1690 4921 1770 5002 laneo

57 4988 142 5043 Mean
193 4989 299 5060 ciceiam
313 4992 421 5046 nomime
439 4991 595 5057 Anamadc,
617 4995 743 5063 relipioso
764 4995 889 5051 videlieet
946 4993 1138 5049 nullacbarta
1156 4989 1262 5072 saeculo
1277 5002 1307 5074 lli
1321 4994 1466 5071 recentior
1479 4994 1632 5060 reperitur,
1649 5004 1771 5074 necepus

55 5059 238 5123 mediamna,
261 5061 397 5130 quaedum
416 5079 460 5118 res
487 5066 667 5135 proprietatis
691 5081 748 5121 saa
771 5067 824 5121 sibi
852 5066 891 5121 od
946 5077 1056 5134 operes
1071 5059 1415 5131 tantumliaponncmsed
1429 5060 1771 5144 etiamdustrlacaernsr-

56 5131 227 5186 commodum
235 5132 395 5202 perducere.
415 5136 507 5189 Talem
523 5138 619 5203 initur,
635 5136 891 5208 inquitipsedna-
946 5137 1041 5208 gniter
1062 5135 1257 5194 illustrantur.
1275 5133 1350 5203 quod
1376 5130 1510 5201 pluribus
1530 5132 1612 5202 locus,
1625 5148 1654 5216 'st
1679 5136 1771 5215 otium

56 5203 173 5273 modus,
194 5206 401 5274 proprietatem,
421 5207 529 5275 qualem
550 5209 670 5277 piissimi
687 5212 758 5277 repis
777 5211 891 5279 Arnultt
946 5213 1030 5279 esset,
1063 5204 1254 5263 demonstrari
1291 5209 1393 5286 posset.
1430 5203 1568 5288 Caeterum
1603 5205 1649 5260 bus
1675 5201 1770 5258 tribus

55 5273 206 5329 donatione
220 5275 292 5330 idem
307 5275 469 5332 dromedas
484 5280 514 5332 in
529 5284 725 5347 possessionem
742 5283 844 5351 accepit
859 5283 890 5335 in
947 5278 1144 5349 diplomaticis
1158 5274 1308 5332 codicibus
1328 5281 1429 5360 utrque
1449 5280 1521 5331 satus
1537 5290 1575 5360 rus
1587 5274 1692 5330 iactum
1704 5271 1771 5327 iuc-

55 5360 129 5415 papo
155 5346 477 5404 Weotemnanmomarclta
505 5355 663 5419 nuncupato
678 5352 763 5420 juata
788 5353 892 5406 Proin·
948 5351 986 5406 rit
1001 5350 1051 5420 qui
1078 5349 1182 5407 Codicis
1204 5348 1383 5416 diplomatum,
1406 5347 1440 5400 ab
1458 5347 1585 5402 Udalrtco
1611 5343 1770 5428 Bobenber-

56 5417 128 5482 talc,
147 5419 180 5472 in
194 5418 448 5489 locelieltinpuocb,
463 5422 493 5474 in
507 5423 637 5475 concitatu
653 5423 829 5490 liupildeonie
842 5439 890 5478 eo·
945 5424 1023 5489 pensi
1035 5420 1158 5491 collecti,
1172 5420 1327 5476 editionem
1347 5422 1404 5474 tam
1415 5418 1697 5487 vehementer,etram
1706 5417 1771 5482 post

55 5490 143 5552 ircim,
158 5489 198 5544 cd
207 5489 237 5544 S.
248 5489 369 5553 Petrum,
383 5493 537 5561 principem
549 5493 743 5563 apostoloram,
755 5499 891 5549 sanctum·
947 5491 1067 5562 repetita
1086 5491 1234 5561 cujusdam
1250 5490 1387 5546 adversus
1406 5502 1458 5572 nos
1472 5488 1580 5556 scripta
1611 5481 1771 5543 conme-
1803 5546 1817 5561 ἶ

57 5575 111 5632 aue
126 5565 279 5631 memprem
288 5562 516 5619 emmerammum
532 5580 593 5620 eum
612 5566 756 5634 mancipiis
766 5578 808 5620 nu
822 5580 893 5621 con-
906 5549 935 5619 D
947 5567 1025 5621 runt.
1039 5564 1109 5619 Nam
1123 5567 1152 5619 et
1170 5562 1317 5620 lectionem
1333 5558 1510 5617 lidalrrelanl
1521 5524 1836 5732 th
