3876 6090
114 215 171 273 ata

734 214 914 271 Anasinstt
942 213 1212 271 btuttoitiucntttt

1779 215 1829 272 316

117 341 229 398 visione
242 339 325 411 ligni,
342 340 371 395 in
388 355 444 411 quo
457 340 613 396 seeundum
625 354 738 396 earnem
751 317 944 397 affixus‘Deus
958 342 985 400 Α
1001 341 1034 394 Et
1047 344 1111 409 post
1127 339 1205 395 alia:
1224 339 1395 397 Adolescens
1413 344 1507 397 autem
1526 340 1631 412 gaudio
1649 354 1752 413 magno
1773 355 1831 411 per-

118 442 202 500 quem
222 430 359 501 genuisti,
379 430 547 500 sanguinem
564 431 711 500 proprium
730 444 781 499 pro
799 443 842 484 me
863 428 892 483 in
905 441 945 483 rue

116 518 308 588 demptionem
327 518 417 573 dedit.
432 517 502 573 lube
522 517 593 573 mibi
618 518 746 588 etiam-o
765 518 891 586 domina,
904 517 946 586 ja·

118 621 203 663 uuam
223 606 330 676 aperiri
348 606 551 662 sacratissimae
565 606 661 662 crucis
672 606 860 662 adorationis
875 607 946 660 Ecce

118 700 146 750 te
157 695 194 750 do
208 696 274 756 Dec.
292 695 390 764 quiex
406 699 432 750 te
450 694 565 766 genitus
577 701 630 766 est,
646 694 852 763 vadimonium,
869 693 943 763 quod

120 783 243 839 ulterius
254 782 334 839 carni
346 783 415 838 nuic
426 783 563 852 injuriam
574 794 630 838 non
643 780 762 839 inieram
774 795 823 852 per
834 787 945 852 turpem

118 885 319 945 quamcunque
330 871 557 927 commistionem
571 887 578 924 ε
592 870 639 927 sed
649 884 714 926 cum
725 870 837 943 lignum
849 869 946 925 crucis

118 960 173 1017 11111
199 960 242 1014 tui
257 958 366 1030 videro,
383 959 490 1014 mundo
509 962 537 1014 et
555 958 602 1014 iris
624 972 687 1029 quae
708 959 737 1014 in
758 958 864 1024 mundo
879 960 947 1013 sutri

117 1048 268 1106 confestim
290 1046 500 1115 abrenuntiem,
530 1051 558 1103 et
584 1048 681 1103 statim
704 1047 752 1102 ibo
774 1059 947 1118 quocunque

117 1137 192 1208 ipsa,
214 1142 312 1206 utpote
335 1134 474 1191 salutaris
493 1136 578 1191 vades
600 1135 681 1206 [vas],
705 1134 898 1191 insinuaveris
919 1138 948 1189 et

115 1225 235 1283 duxeris
256 1237 307 1279 me.
324 1224 376 1280 llis
392 1223 491 1295 dictis,
515 1237 548 1279 ac
568 1223 610 1279 sic
631 1225 753 1295 quadam
774 1222 947 1279 certitudine

78 1320 84 1328 '
116 1318 258 1385 percepta,
280 1313 347 1376 ildei
365 1310 484 1384 fervore,
507 1312 704 1368 miserationis
720 1310 877 1368 Genitricis
896 1310 945 1365 Dei

116 1402 235 1473 conisa,
262 1408 290 1457 et
314 1414 428 1457 movens
452 1401 588 1470 meipsam
608 1401 643 1455 de
665 1400 716 1456 illo
737 1398 809 1470 loco,
835 1398 865 1453 iu
889 1411 946 1467 quo

116 1498 196 1547 stans
216 1489 445 1560 deprecationem
472 1486 630 1558 faciebam,
646 1493 674 1543 et
694 1487 778 1543 venio
793 1501 904 1556 rursus,
918 1490 946 1540 et

1000 436 1080 499 cepto
1094 430 1123 484 in
1139 430 1193 486 ilde
1208 430 1358 487 roboratus
1370 437 1423 500 est,
1440 429 1576 486 similiter
1590 431 1753 501 omnesqui
1767 444 1829 486 cum

998 530 1032 573 eo
1045 523 1143 587 erant,
1167 524 1195 573 et
1208 519 1304 574 eadem
1321 519 1414 574 noctis
1429 518 1498 573 liora
1514 532 1644 573 reversus
1659 525 1688 573 et
1698 531 1764 573 cunt
1783 519 1831 573 mi·

1000 605 1114 678 litibus,
1132 611 1160 662 et
1178 606 1255 662 venit
1275 607 1479 678 scythopolim.
1499 608 1533 662 Et
1554 607 1699 662 advocatis
1721 608 1830 663 occulte

1001 694 1135 751 omnibus
1163 698 1225 753 auri
1256 699 1284 752 ct
1305 694 1416 767 argenti
1439 693 1610 763 artificibus,
1637 694 1831 766 interrogabat

1000 795 1058 853 eus,
1074 783 1191 840 dicens:
1217 783 1339 841 Potestis
1353 783 1426 840 milti
1443 781 1535 838 iacere
1549 796 1607 853 vas,
1624 784 1700 852 quod
1721 796 1774 854 ego
1788 796 1831 839 vo

1001 869 1047 926 bis
1056 884 1166 942 expono
1178 873 1192 927 i
1204 871 1258 940 Qui
1270 873 1403 929 timentes
1412 872 1608 927 austeritatem
1623 870 1692 940 viri,
1707 871 1830 927 consilio

1001 957 1076 1015 iacto
1097 965 1260 1017 statuerunt
1281 975 1376 1017 ceram
1400 974 1433 1016 eo
1467 973 1567 1030 uuum,
1587 959 1637 1029 qui
1658 964 1720 1014 erat
1742 960 1829 1027 major

1000 1060 1109 1115 eorum,
1123 1049 1261 1105 artificem
1280 1049 1395 1105 nomine
1407 1049 1543 1117 blancum,
1556 1046 1704 1102 dicentes:
1722 1046 1779 1102 lste
1793 1045 1829 1102 ia·

1001 1135 1066 1206 ciet,
1102 1135 1227 1207 domine,
1254 1137 1408 1193 volutatem
1436 1142 1524 1192 tuam.
1555 1135 1589 1190 Et
1616 1140 1683 1203 post
1721 1147 1825 1204 pauca:

1000 1224 1113 1280 llarcus
1124 1231 1218 1281 autem
1232 1240 1288 1281 non
1299 1297 1300 1301 Ἰ
1310 1225 1427 1296 parebat
1441 1225 1478 1281 ei.
1494 1224 1666 1280 Adolescens
1679 1234 1749 1279 tero
1762 1238 1827 1293 per-

1002 1314 1093 1370 suasit
1109 1314 1165 1385 illi,
1186 1316 1296 1386 dicens,
1316 1315 1366 1385 qui
1381 1315 1519 1386 usquead
1536 1319 1654 1370 mortem
1672 1326 1731 1368 non
1749 1311 1827 1368 indi-

1001 1401 1071 1457 cabo
1094 1403 1256 1473 imperatori
1272 1409 1421 1459 secretum.
1438 1402 1492 1470 Qui
1511 1402 1638 1466 credens,
1653 1415 1705 1472 per
1720 1407 1826 1456 noctem

1001 1489 1031 1544 in
1047 1497 1154 1547 secrete
1177 1496 1311 1561 operatus
1323 1498 1365 1547 est
1382 1505 1494 1547 crucem
1517 1491 1552 1546 de
1574 1496 1691 1562 argento
1705 1494 1734 1544 et
1747 1501 1826 1545 auro.

116 1578 347 1651 ingredientibus
368 1582 470 1633 memet
490 1576 678 1632 commiscui:
700 1581 728 1631 et
743 1590 797 1632 non
813 1580 874 1630 erat
885 1576 944 1644 jam
999 1578 1034 1632 Et
1049 1577 1153 1635 iactum
1176 1587 1218 1635 est
1237 1587 1268 1636 ut
1280 1585 1475 1636 consummata
1487 1585 1514 1636 et
1531 1585 1624 1634 erecta
1636 1590 1732 1646 cruce,
1747 1590 1828 1648 appa·

116 1667 197 1724 ullus
211 1667 262 1738 qui
284 1681 327 1722 me
340 1666 499 1736 impelleret
512 1671 540 1721 et
556 1664 704 1735 repelleret
717 1666 787 1736 [dr.',
799 1664 941 1735 repellere
958 1652 983 1713 Β
1000 1673 1094 1723 rerent
1111 1674 1168 1723 tres
1187 1669 1217 1723 in
1239 1682 1271 1723 ea
1296 1669 1452 1740 imagines:
1473 1674 1502 1723 et
1515 1673 1576 1723 erat
1599 1666 1826 1737 superscriptum

117 1756 187 1826 turi,
200 1756 355 1826 nullusque
367 1754 632 1824 probiberetjanuae
643 1755 883 1826 appropinquare,
894 1767 944 1823 per
997 1755 1134 1812 Hebraico
1149 1757 1275 1813 dictione
1290 1771 1404 1814 sursum
1422 1758 1450 1813 iu
1467 1755 1621 1827 principio,
1638 1757 1821 1812 Emmanuel:

116 1858 201 1915 quam
234 1846 263 1899 in
289 1844 427 1914 templum
456 1842 698 1914 ingrediebantur.
723 1842 945 1912 comprehendit
997 1845 1074 1900 etin
1100 1847 1231 1917 utrisque
1251 1847 1356 1916 initiis,
1381 1847 1511 1916 liieltael,
1533 1852 1562 1902 et
1583 1844 1710 1900 Gabriel.
1729 1845 1825 1901 Voluit

115 1947 182 2014 ergo
200 1947 243 1989 me
262 1934 362 1989 norror
374 1937 403 1988 et
413 1931 543 2002 ecstasis,
562 1936 590 1986 et
602 1936 658 1987 teta
672 1931 942 2002 extototorquebar
996 1933 1063 2004 ergd
1082 1934 1193 1990 Marcus
1211 1935 1350 1990 reveritus
1373 1934 1467 1989 delere
1491 1932 1638 2004 imagines,
1659 1938 1688 1988 et
1704 1947 1760 1988 nou
1778 1920 1868 2023 pof

114 2027 200 2092 atque
225 2021 393 2078 tremebam»
420 2020 528 2077 Deinde
553 2034 617 2076 cum
640 2021 829 2091 pervenissem
846 2021 880 2076 ad
900 2021 941 2089 ja·

116 2124 211 2181 nuam,
232 2125 295 2182 qua
311 2123 401 2180 usque
416 2112 485 2165 tunc
508 2108 579 2162 milri
607 2107 699 2164 iuerat
719 2109 858 2180 obserata,
871 2108 938 2163 acsi

115 2199 234 2255 omnino
249 2199 352 2268 virtus,
365 2211 428 2268 quat
438 2195 521 2266 prius
533 2208 575 2251 me
589 2196 766 2268 impedierat,
780 2211 856 2253 nunc
867 2196 938 2252 mibi

117 2292 302 2358 praeparasset
329 2288 499 2362 ingressum,
530 2291 570 2344 ita
603 2289 665 2345 sine
691 2287 787 2342 labore
812 2287 940 2357 ingressa

115 2392 199 2435 sum:
229 2379 269 2434 ita
286 2379 363 2435 intra
388 2380 490 2437 Sancta
506 2384 668 2436 sanctorum
685 2376 797 2448 ingredi
808 2373 943 2446 dignaci-

24 2459 27 2466 '
115 2464 187 2523 fecta
208 2481 281 2522 sum.
308 2469 377 2523 Nam
404 2469 584 2524 etvivitieam
608 2466 704 2521 crucis
722 2464 860 2520 visionem
882 2476 944 2532 pro

116 2555 219 2624 merui,
231 2555 257 2608 ei
274 2556 324 2610 Dei
340 2556 400 2611 vidi
420 2557 566 2627 mysteria,
583 2555 654 2625 quin
665 2559 693 2609 et
709 2566 794 2624 quam
814 2553 854 2608 sit
866 2565 944 2622 para-

115 2643 164 2698 tus
175 2641 210 2698 ad
224 2642 437 2712 suscipiendam
454 2644 658 2714 penitentiam.
676 2642 833 2711 Proliciens
847 2641 943 2711 itaque

117 2744 162 2786 me
175 2730 265 2800 ipsam
281 2736 494 2801 superterram,
515 2736 543 2788 et
566 2736 663 2787 sancto
686 2730 737 2786 illo
762 2730 879 2785 adorato
899 2743 944 2799 pa·

114 2820 251 2891 vimento,
265 2819 414 2911 carpebam
426 2819 606 2889 postulatura
620 2818 769 2890 [egressal,
781 2830 865 2887 penes
881 2830 943 2873 eam

115 2922 178 2979 quae
193 2908 265 2963 milri
288 2907 371 2964 tidem
387 2908 509 2978 dixerat,
532 2907 701 2963 accelerans.
724 2907 774 2961 Flo
794 2907 891 2976 itaque
913 2906 942 2961 in

995 2021 1061 2077 tuit.
1087 2024 1187 2077 llanus
1206 2022 1282 2078 enim
1297 2023 1359 2092 eius
1383 2022 1513 2078 manebat
1530 2022 1618 2078 veluti
1636 2022 1728 2077 arida.
1747 2022 1817 2077 Cum

994 2116 1088 2166 autem
1104 2110 1198 2183 gallus
1220 2125 1314 2166 vocem
1329 2111 1464 2181 dedisset,
1478 2110 1556 2166 venit
1568 2111 1628 2166 dux
1642 2109 1693 2180 qui
1707 2110 1818 2166 diceba·

995 2204 1043 2255 tur
1054 2199 1218 2255 adolescens
1234 2195 1388 2272 [Neanias],
1401 2200 1435 2255 ad
1451 2200 1568 2255 domum
1582 2199 1682 2271 Marci,
1699 2198 1812 2255 attolle

995 2293 1039 2343 ret
1050 2301 1182 2343 erucem:
1204 2294 1233 2344 et
1244 2288 1343 2345 videns
1362 2302 1433 2360 eam,
1449 2288 1579 2344 adoravit
1598 2287 1695 2356 illam,
1708 2291 1737 2343 et
1749 2287 1821 2343 dicit

996 2374 1093 2432 Marcu
1109 2394 1115 2430 a
1130 2376 1197 2445 Quae
1211 2383 1278 2433 sunt
1300 2376 1359 2432 lucc
1371 2376 1468 2446 iacies,
1482 2382 1510 2431 et
1529 2390 1592 2446 qua
1607 2374 1820 2445 supercriptio:

997 2464 1108 2520 Dicitei
1127 2480 1133 2516 :
1147 2465 1276 2536 Domine,
1291 2466 1320 2521 iu
1336 2479 1368 2521 ea
1384 2466 1463 2536 bura,
1475 2477 1531 2536 qua
1543 2470 1773 2520 consummatum
1784 2469 1825 2519 est

997 2566 1079 2624 opus,
1105 2560 1174 2610 orta
1196 2562 1263 2609 sunt
1285 2554 1375 2611 iconae
1391 2555 1473 2626 istae3
1498 2559 1526 2610 et
1541 2553 1639 2611 nescio
1661 2553 1757 2622 cujus,
1781 2550 1822 2607 vel

998 2655 1062 2710 quae
1079 2641 1118 2697 sit
1137 2643 1353 2713 superscriptio.
1383 2645 1470 2700 Porro
1490 2643 1655 2698 adolescens
1678 2637 1823 2714 [Neanias]

997 2730 1130 2801 cognovit
1150 2731 1300 2800 quamdam
1320 2731 1456 2787 virtutem
1473 2731 1502 2785 in
1522 2742 1554 2785 ea
1575 2742 1645 2784 esse.
1663 2729 1824 2784 Etadorata

998 2830 1092 2888 cruce,
1112 2817 1232 2873 involvit
1244 2832 1381 2889 purpura,
1396 2824 1423 2874 et
1438 2817 1576 2874 ivitviam
1590 2830 1671 2873 suam
1687 2816 1823 2887 gaudens,

999 2905 1066 2960 latis
1080 2906 1185 2962 artilici
1197 2909 1290 2962 Marco
1303 2906 1405 2976 pretiis
1420 2906 1564 2976 pluribus,
1577 2912 1606 2961 et
1619 2905 1824 2961 introivitcum

115 2995 167 3052 illo
180 2995 252 3066 loeo,
279 2996 308 3050 in
322 3009 379 3067 quo
393 2996 550 3052 vadimonii
564 2994 788 3067 chirographum
802 2994 942 3064 scriptum
958 3014 983 3078 G
998 2994 1110 3050 duobus
1123 2994 1251 3049 numeris
1266 2994 1296 3049 in
1311 2994 1456 3050 civitatem
1471 3008 1562 3050 suam.

114 3088 158 3142 est
172 3103 178 3139 :
193 3089 221 3140 et
241 3099 314 3156 genu
336 3085 408 3140 flexo
432 3097 527 3140 coram
551 3084 733 3140 sanctissima
755 3083 871 3156 Virgine
890 3083 942 3140 Dei

115 3172 264 3245 genitrice,
278 3171 325 3229 bis
338 3185 389 3229 usa
403 3186 464 3229 sum
480 3171 574 3228 verbis
588 3191 594 3226 :
608 3173 650 3228 Tu
661 3171 788 3242 quidem,
802 3171 942 3227 bonitatis

114 3261 236 3316 amatrix
254 3261 382 3333 domina,
400 3266 477 3316 tuam
499 3261 529 3316 in
550 3275 592 3316 me
607 3260 760 3317 ostendisti
781 3260 943 3316 misericor

113 3348 191 3404 diam
204 3362 211 3402 a
223 3353 254 3405 tu
271 3349 396 3421 indigna
409 3363 464 3405 non
480 3363 510 3404 es
521 3349 685 3405 abominata
694 3347 939 3418 deprecationem!

113 3437 173 3493 vidi
187 3438 318 3509 gloriam,
332 3452 416 3509 quam
425 3439 502 3508 juste
515 3452 571 3494 non
581 3438 712 3493 videmus
722 3451 774 3493 nos
785 3437 938 3493 luxuriosi.

112 3527 210 3583 Gloria
238 3528 305 3599 Deo,
322 3527 372 3597 qui
395 3540 444 3596 per
470 3533 498 3582 te
521 3531 701 3596 peecatorum
716 3525 839 3594 suscipit
855 3525 942 3593 poeni-

113 3616 241 3672 tentiam.
263 3615 337 3683 Quid
357 3615 434 3668 enim
448 3614 547 3682 nabeo,
567 3613 721 3683 peccatrix,
737 3611 863 3681 amplius
877 3624 941 3667 con·

114 3702 250 3772 siderare,
273 3702 315 3756 vel
340 3699 422 3756 larii
439 3702 562 3770 Tempus
589 3705 641 3771 est,
662 3700 788 3767 domina,
810 3706 843 3755 ut
868 3713 941 3756 com-

116 3790 248 3861 pleantur
265 3790 323 3860 jam
340 3788 445 3846 ioedera
467 3789 635 3859 vadimonii,
658 3788 706 3844 cui
728 3778 812 3843 iidem
825 3789 937 3845 dixisti.

112 3879 194 3935 Nunc
208 3877 301 3933 deduc
320 3877 517 3948 quoiusseris.
534 3878 615 3933 Nunc
627 3881 688 3932 esto
708 3876 780 3932 mibi
796 3878 886 3950 magis
899 3893 941 3934 sa·

113 3965 185 4022 lutis
201 3965 347 4037 magistra,
366 3979 462 4036 manu,
476 3965 584 4022 ducens
600 3965 717 4021 inviam
732 3967 838 4037 quaead
853 3968 941 4037 poeni-

111 4056 231 4113 tentiam
243 4053 354 4126 dirigit.
372 4056 406 4112 Et
424 4069 489 4110 cum
503 4054 561 4109 baec
576 4055 670 4111 adbuc
683 4055 817 4129 dicerem,
838 4057 937 4113 audivi

113 4144 264 4214 quemdam
280 4156 296 4199 a
318 4143 401 4216 louge
422 4143 610 4199 clamantem:
631 4143 660 4198 Si
676 4145 825 4201 lordanem
841 4152 939 4202 trans-

1032 3081 1191 3153 Slepbanus
1213 3082 1470 3138 reverendissimus
1494 3081 1650 3138 monachus
1664 3087 1692 3137 et
1715 3081 1823 3138 librum

996 3177 1093 3226 custos
1102 3170 1275 3227 venerabilis
1288 3171 1456 3241 patriarchii
1473 3171 1560 3242 legit:
1861 3174 1869 3181 '

995 3332 1039 3386 Ec
1051 3332 1114 3386 Vite
1131 3333 1219 3387 suncti
1240 3333 1432 3403 Petrisnostri
1457 3332 1588 3385 Theodori
1598 3331 1827 3386 archimandrite

1190 3403 1351 3466 sicensium,
1364 3403 1443 3471 cujus
1455 3404 1563 3456 inttinrn
1573 3407 1626 3456 est:

1030 3541 1190 3596 Benedictus
1228 3545 1299 3598 Deus
1330 3547 1356 3597 et
1391 3544 1473 3597 Peter
1506 3544 1614 3596 Domini
1646 3543 1737 3596 nostri
1762 3543 1826 3596 lesu

995 3628 1096 3684 Christi
1115 3628 1154 3700 (li
1173 3630 1233 3684 Gor.
1256 3631 1284 3703 1).
1305 3632 1339 3687 Et
1362 3636 1425 3701 post
1446 3631 1522 3686 alia:
1542 3631 1612 3687 Cum
1637 3634 1734 3686 autem
1752 3633 1827 3685 esset

995 3717 1077 3788 quasi
1098 3731 1237 3773 annerum
1258 3719 1419 3789 duodecim,
1450 3717 1522 3774 iacta
1542 3721 1587 3774 est
1608 3718 1771 3774 mortalitas
1791 3730 1826 3772 ex

994 3804 1107 3862 bubone
1126 3806 1155 3861 in
1171 3806 1221 3863 illa
1233 3807 1312 3876 villa,
1330 3808 1369 3863 ita
1383 3813 1416 3864 ut
1430 3808 1491 3877 ipse
1501 3807 1697 3863 infirmaretur
1708 3821 1780 3877 pene
1789 3808 1825 3865 ad

996 3901 1123 3950 mortem.
1140 3897 1227 3952 Porro
1241 3896 1406 3952 detulerunt
1416 3910 1480 3953 euru
1497 3896 1694 3952 moratoriam
1707 3897 1825 3954 domum

995 3984 1085 4040 sancti
1109 3985 1226 4040 loannis
1246 3985 1388 4055 Baptista,
1406 3999 1469 4054 quae
1487 3991 1548 4040 erat
1565 3985 1647 4054 juxta
1671 3986 1782 4059 villam,
1798 3980 1840 4043 et'

994 4077 1156 4129 statuerunt
1177 4073 1360 4143 [straverunt]
1386 4087 1450 4129 eum
1476 4075 1511 4129 ad
1536 4073 1687 4130 introitum
1711 4075 1824 4131 altaris.

973 4160 1079 4218 ,Porro
1099 4174 1185 4230 super
1199 4159 1272 4215 illud
1294 4160 1323 4214 in
1341 4161 1518 4229 receptaculo
1537 4161 1632 4216 crucis
1651 4160 1745 4217 stabat
1759 4163 1828 4218 ima·

114 4231 194 4303 ielis,
212 4231 311 4288 11111111
338 4232 465 4287 11111115
489 4231 627 4302 1111111111·
643 4234 701 4305 1111
716 4246 781 4288 11111
797 4234 869 4290 11111
887 4250 941 4293 11-
995 4262 1029 4319 gn
1046 4248 1203 4305 salvatoris
1221 4249 1311 4304 nostri
1325 4250 1391 4304 lesu
1412 4249 1510 4304 Cristi.
1526 4249 1654 4320 Cumque
1672 4264 1706 4306 ex
1727 4251 1827 4307 dolore

112 4334 171 4376 1111
184 4320 316 4392 audiens,
329 4327 357 4376 11
373 4320 445 4375 111111
468 4325 583 4390 prepter
598 4333 642 4375 111
659 4318 761 4375 1111111
776 4319 940 4381 1111111111-
955 4327 980 4386 D
996 4335 1120 4394 bubonis
1142 4338 1330 4409 cruciaretur,
1348 4345 1461 4408 repente
1471 4339 1506 4393 de
1519 4338 1643 4411 imagine
1658 4340 1826 4396 cecideruut

66 4409 69 4416 ’
112 4409 191 4480 1111111
213 4408 365 4478 1111111111
380 4407 510 4479 clamavi,
527 4413 555 4463 11
570 4407 621 4462 1111
634 4407 768 4479 8111111111
784 4409 939 4468 1111111111
994 4440 1079 4497 super
1098 4440 1162 4483 eum
1176 4426 1251 4482 roris
1266 4430 1364 4498 guttae,
1377 4433 1405 4481 et
1417 4425 1513 4481 statim
1529 4426 1620 4497 gratia
1632 4427 1683 4481 Dei
1696 4441 1713 4482 a
1726 4427 1825 4485 delore

113 4512 176 4553 111111
193 4515 199 4551 ²
231 4497 281 4553 1111
306 4496 442 4569 11111111,
467 4496 593 4566 domina,
618 4495 801 4566 (11111111111
824 4513 875 4555 111·
904 4502 938 4556 Et
993 4516 1147 4584 convaluit,
1162 4520 1191 4570 et
1203 4529 1291 4571 sanus
1303 4515 1482 4587 eiieetusest,
1498 4521 1526 4571 et
1541 4515 1718 4571 ivitdemum
1731 4530 1822 4573 suam.

113 4585 160 4641 itis
170 4586 268 4656 dictis,
283 4585 357 4640 exivi
372 4585 407 4640 de
417 4584 491 4640 atrio
503 4583 613 4657 templi,
627 4589 655 4639 et
666 4591 829 4642 constanter
841 4588 939 4643 ambu·
992 4607 1026 4661 gp
1041 4610 1104 4676 9051
1116 4605 1212 4660 brevia
1229 4623 1235 4659 :
1253 4605 1363 4660 pnrgari
1388 4605 1477 4677 igitur
1496 4605 1594 4660 vorens
1610 4605 1701 4660 David
1719 4605 1749 4660 in
1767 4607 1824 4663 Deo

112 4672 214 4728 13111111·
425 4759 432 4772 ‚
468 4759 474 4771 ,
992 4693 1110 4752 decibili
1122 4693 1494 4765 hymnodia,eoepitdiscere
1505 4693 1824 4767 psalteriumcumque

146 4761 267 4817 loannes
288 4759 543 4816 1111111111111111
567 4761 939 4834 1111111111111111111111
992 4783 1109 4839 difficile
1132 4796 1197 4839 cum
1218 4783 1364 4853 multoque
1388 4783 1485 4840 labore
1507 4782 1775 4856 didicissetusque
1788 4784 1823 4841 ad

112 4848 239 4906 vicarius
253 4848 444 4905 Orientalium
461 4849 627 4920 pontificum
643 4850 765 4922 sedium,
781 4852 876 4908 dixit:
890 4853 941 4908 Ta·
992 4872 1135 4927 decimum
1157 4878 1278 4943 sextum,
1295 4872 1488 4928 imminentem
1508 4872 1822 4944 decimumseptimum

113 4937 167 4994 lem
188 4937 342 5009 imaginem
360 4950 416 4993 Dos
438 4938 565 4996 Vidimus
589 4939 619 4994 111
640 4945 737 4995 sancta
757 4940 864 4996 Christi
887 4941 938 4996 [181
993 4960 1133 5032 psalmum
1154 4974 1208 5016 noli
1224 4960 1334 5015 valebat
1356 4961 1499 5016 fflssfflssl'iffl
1511 4961 1719 5017 commendam¹
1740 4961 1825 5018 Medi.

112 5025 581 5097 11111111111111111111111111111
597 5027 794 5084 11111111111·
994 5055 1057 5103 tans
1069 5060 1135 5118 ergo
1152 5047 1181 5102 in
1201 5048 1327 5103 oratorio
1342 5047 1433 5103 sancti
1458 5049 1592 5119 martyris
1606 5048 1820 5121 Christopbori,

146 5113 306 5184 Stephanus
324 5115 382 5169 Deo
395 5115 529 5171 amabilis
543 5116 691 5184 diaconus,
711 5116 842 5172 notarius
857 5122 884 5173 et
900 5131 940 5174 re
993 5136 1069 5206 quod
1082 5142 1142 5190 effi,
1158 5136 1193 5190 ,pe
1206 5136 1335 5204 ,mxima
1348 5135 1427 5205 viga,
1451 5143 1479 5191 gg
1498 5150 1553 5192 00„
1570 5137 1669 5193 ,alens
1683 5138 1822 5208 edim,

112 5201 292 5259 larendarius
305 5201 479 5259 venerabilis
494 5203 662 5272 patriacbici
676 5203 788 5274 secreti,
805 5203 893 5276 legit:
993 5230 1175 5297 pfflspefflen,
1189 5238 1219 5279 se
1233 5238 1319 5293 sum„
1329 5223 1441 5295 faciem,
1454 5225 1661 5295 gemmam,
1677 5228 1779 5295 Deum,
1792 5232 1824 5282 u,

16 5371 24 5380 ,
112 5312 157 5365 Bc
171 5312 301 5380 passione
324 5310 414 5363 suncti
434 5310 563 5377 martyris
583 5310 716 5379 Procopii,
736 5309 815 5378 cnjus
829 5312 938 5367 initiam
991 5312 1145 5371 docibilem
1164 5326 1194 5367 se
1216 5311 1320 5368 iaceret
1337 5313 1372 5368 ad
1391 5313 1570 5383 psalmorum
1593 5314 1820 5371 meditationem.

498 5383 557 5434 1111
578 5400 581 5407 ‘
991 5405 1079 5458 Porro
1102 5405 1212 5457 amator
1226 5400 1375 5456 homiuum
1390 5402 1475 5471 Deus,
1492 5402 1540 5471 qui
1563 5402 1660 5457 dixit:
1683 5404 1781 5464 Petite,
1799 5407 1824 5456 ei

147 5490 200 5546 Per
214 5489 265 5545 illa
285 5493 411 5559 tempera
438 5485 566 5558 regnavit
579 5485 774 5544 Diocletianus
789 5495 933 5558 tyrannus.
991 5487 1513 5561 100110100110110111.1011011101
1531 5490 1698 5560 petitionem
1715 5491 1820 5561 ipsius.
