3876 6090
110 230 180 291 4484
542 232 676 293 astum
693 233 901 293 turmulam
918 234 982 293 bto.
1002 234 1048 290 DE
1066 232 1261 301 41444014.
1288 233 1389 292 Porum
1749 222 1823 299 m

110 364 238 419 mentum
261 359 459 430 impositionis
474 372 609 418 manuum
631 360 830 432 episcoporum
845 359 938 430 majus
953 355 1216 430 Aaccusatlonem,
1242 365 1271 418 et
1296 373 1354 419 aon
1377 359 1530 418 damnetur
1560 356 1666 430 presul
1694 355 1820 429 quilibet

109 463 183 518 esse,
207 463 294 521 quam
317 449 465 520 baptismi,
489 449 558 521 quia
579 463 596 507 a
620 449 789 522 majoribus,
811 450 840 509 id
859 456 939 507 esta
995 451 1052 508 nisi
1080 451 1260 524 septuaginta
1287 450 1403 508 duobus
1430 450 1564 520 testibus,
1590 461 1682 521 44444
1712 447 1817 518 praesul

109 539 236 597 summis
251 538 448 610 pontificibus,
465 539 506 610 tlt,
519 546 575 596 444
590 540 752 597 minoribus
768 539 864 610 perilcl
881 552 938 596 non
993 555 1152 599 4444444
1167 555 1310 613 4444444
1324 540 1490 613 judicetur3
1503 538 1649 610 presbyter
1660 536 1819 594 cardinalis

110 632 215 701 potest,
241 633 271 685 et
292 628 357 685 4444
378 628 480 697 majori
499 629 681 687 veneratione
706 629 896 687 venerandum
911 632 940 684 et
995 631 1052 687 nisi
1067 631 1096 686 in
1111 629 1477 702 44444444444444444444
1490 627 1681 686 teetlbnsnon
1696 626 1819 682 damna-

111 718 267 776 teuendum
288 721 351 788 est3
365 718 412 774 sed
431 719 471 774 444
493 721 587 775 tamen
607 718 668 776 14444
686 719 744 776 444
763 723 940 776 sacramenta
994 718 1094 789 bitur,
1111 719 1251 777 diaconus
1265 718 1424 777 cardinalis
1445 731 1501 775 non
1516 716 1701 774 damnabitur
1715 715 1773 772 nisi
1787 714 1818 770 in

110 808 266 878 conjuncta
283 814 362 879 sunt,
381 811 413 864 ut
431 808 467 865 ab
487 807 619 878 invicem,
643 808 701 864 nisi
722 812 813 865 morte
831 821 940 878 praue-
994 807 1100 880 rigintl
1119 821 1168 866 aex
1188 807 1333 880 testibus,
1347 807 1552 876 subdiaconus,
1572 805 1711 877 acolytus,
1732 816 1820 863 exor-

111 897 221 968 niante,
244 896 411 955 nullatenus
431 898 543 968 possint
556 897 711 970 segregari,
727 901 756 954 at
769 910 860 954 unum
877 897 940 954 4444
994 898 1076 968 cista,
1103 897 1200 969 lector,
1225 898 1376 969 ostiarius,
1399 897 1469 970 nisi,
1495 897 1575 955 44444
1597 895 1737 966 scriptum
1765 895 1819 962 cst,

110 986 203 1044 altero
214 987 269 1043 4444
283 987 380 1058 pertici
396 1001 452 1043 non
469 987 570 1058 possit.
586 987 757 1045 Namunum
772 987 940 1045 4444414444
995 987 1025 1045 in
1043 1002 1092 1045 sex
1115 987 1247 1046 testibus.
1273 990 1370 1045 Testes
1389 995 1484 1044 44444
1507 993 1536 1043 44
1556 989 1737 1043 accusatores
1757 983 1826 1039 sine

112 1076 304 1148 praeveniente
325 1081 417 1133 morte
432 1080 533 1148 potest,
549 1077 629 1134 41144
645 1067 818 1134 autemnon
836 1081 937 1148 potest.
993 1075 1091 1149 aliqua
1102 1077 1162 1135 4444
1173 1076 1307 1134 latomia:
1321 1077 1518 1135 testimonium
1528 1080 1623 1133 autem
1635 1073 1703 1131 laici
1715 1073 1821 1130 44444-

111 1167 174 1224 Nou
193 1169 288 1223 tamen
309 1164 444 1223 dubitare
463 1164 610 1236 4444444,
630 1171 663 1223 44
682 1165 890 1237 plenitudinem
904 1167 940 1225 de
994 1180 1045 1222 sus
1058 1165 1195 1223 41444444
1217 1181 1299 1224 4444
1320 1165 1461 1236 suscipiat
1475 1163 1529 1237 (ii,
1546 1180 1573 1235 4.
1598 1162 1623 1234 4,
1646 1177 1671 1218 4.
1694 1164 1820 1218 Testimo-

111 1252 192 1311 44444
203 1254 408 1325 suscipiamus,
421 1254 491 1326 4414
507 1253 635 1324 Spiritus
648 1260 774 1325 4444444,
789 1255 840 1326 444
853 1269 940 1325 super
993 1255 1091 1320 nium).
1115 1257 1201 1314 Nemo
1222 1255 1359 1314 clericum
1383 1254 1540 1327 quemlibet
1560 1254 1589 1311 44
1612 1251 1727 1324 publico
1749 1263 1821 1307 exa-

111 1356 204 1415 44444
217 1341 363 1400 salutiferi
379 1343 515 1415 baptismi
527 1343 677 1400 descendit
691 1343 808 1414 illapsu,
821 1342 940 1402 intente
996 1343 1107 1400 minare
1130 1350 1293 1417 praesumat,
1319 1345 1377 1403 nisi
1402 1344 1433 1401 44
1453 1342 1583 1401 ecclesia.
1603 1340 1709 1399 Nullus
1729 1339 1819 1397 cleri-

112 1430 323 1502 plenitudinem
340 1429 450 1488 tribuat
462 1430 497 1487 44
515 1430 720 1503 innocentiam,
739 1431 769 1487 in
784 1430 941 1489 4444444-
995 1445 1056 1502 444,
1085 1433 1130 1489 441
1153 1433 1303 1506 diaconus,
1330 1438 1382 1491 aut
1409 1432 1554 1505 presbyter
1581 1435 1695 1503 propter
1714 1440 1827 1501 4444-.

114 1519 195 1578 tione
212 1524 397 1597 augmentum
423 1524 537 1591 praestet
549 1519 584 1576 44
604 1520 736 1593 gratiam.
752 1523 782 1578 lu
798 1520 941 1592 baptismo
997 1519 1067 1578 libet
1085 1535 1201 1580 causam
1222 1523 1310 1579 intret
1333 1523 1364 1580 in
1386 1522 1508 1588 444444,
1525 1535 1576 1578 444
1597 1519 1637 1577 441
1651 1523 1718 1575 aute
1734 1517 1826 1589 1444.

111 1610 192 1668 4444
215 1622 415 1683 regeneramur
432 1609 466 1666 ad
488 1608 859 1681 vitam3postbaptismum
875 1623 941 1667 iero
996 1623 1055 1666 cem
1082 1624 1164 1668 suam
1191 1624 1306 1669 causam
1332 1612 1429 1669 dicere
1452 1613 1614 1683 praesumat.
1642 1610 1677 1664 Et
1701 1607 1727 1665 41
1753 1606 1821 1678 4444

111 1697 319 1756 confirmamur
331 1698 367 1755 44
382 1711 515 1769 pugnam.
532 1698 605 1755 litei
621 1698 941 1756 coutinuotranslturis
955 1686 981 1751 B
996 1698 1120 1758 clericus
1143 1714 1282 1759 accusans
1302 1701 1451 1773 41444444,
1476 1700 1507 1757 14
1529 1699 1640 1757 444444
1662 1695 1829 1768 introierit,

112 1786 261 1846 snflclaut
278 1787 503 1860 regenerationis
525 1786 672 1857 beneticia,
698 1787 821 1846 victuris
846 1792 940 1845 44444
994 1789 1146 1847 auatbema
1164 1790 1315 1862 suscipiat.

113 1876 277 1935 4444444414
291 1880 362 1933 4444
373 1875 603 1933 4444444444444
616 1876 738 1934 auxilia.
754 1876 941 1951 degeneratio
1030 1879 1082 1937 1144
1101 1879 1131 1935 44
1150 1879 1285 1950 prodicta
1301 1880 1410 1953 synodo
1428 1878 1583 1937 4444444444
1595 1876 1641 1948 (de
1655 1877 1733 1934 4444.
1752 1874 1819 1931 444.

114 1980 166 2038 per
178 1979 210 2023 44
220 1965 312 2023 salvat
323 1978 387 2023 nox
403 1964 433 2021 in
446 1978 513 2037 pace
529 1965 605 2023 beati
621 1965 719 2025 4444414
740 1965 938 2037 recipiendos,
996 1965 1021 2040 4,
1032 1983 1058 2027 4.
1071 1969 1209 2040 consulto)
1228 1974 1260 2026 nt
1274 1967 1374 2026 nullus
1392 1969 1423 2026 44
1435 1968 1528 2027 serico
1543 1980 1637 2039 panno
1659 1972 1710 2023 aut
1729 1964 1821 2022 tincto

113 2054 296 2113 4444444414
309 2059 403 2112 armat
416 2060 445 2113 44
459 2055 582 2112 instruit
594 2056 630 2113 ad
645 2068 752 2129 agones
767 2054 868 2112 mnndi
881 2053 941 2113 bu·
995 2057 1170 2119 4444444444
1185 2057 1287 2116 altaria
1296 2056 1440 2115 celebrare
1452 2059 1625 2129 praesumat,
1638 2054 1687 2112 444
1702 2053 1732 2109 44
1747 2065 1820 2124 puro

111 2145 203 2216 juset
218 2143 317 2217 prelia
332 2145 525 2203 reservandos.
543 2145 619 2203 1444
635 2159 707 2216 papa
717 2145 748 2202 in
762 2144 860 2201 44444
874 2144 941 2216 epi·
995 2145 1072 2205 lineo
1090 2147 1125 2204 ab
1145 2147 1280 2220 episcopo
1301 2151 1476 2217 consecrato,
1499 2150 1582 2202 terre
1603 2140 1738 2219 [terreno]
1758 2141 1821 2199 sci-

115 2234 191 2292 stola
206 2233 365 2302 interdicit,
383 2247 417 2292 44
429 2234 497 2306 4444
509 2235 654 2305 jejunium
669 2233 827 2292 llomlnlcae
841 2231 900 2291 diei
913 2238 940 2290 et
996 2235 1064 2293 licet
1084 2236 1153 2310 lino,
1165 2242 1313 2309 procreato
1334 2240 1421 2309 44444
1441 2239 1582 2294 contexto.
1604 2235 1638 2291 lit
1656 2232 1683 2290 si
1703 2231 1770 2304 quis
1789 2230 1820 2288 in

114 2323 225 2398 444444
234 2321 314 2380 teria
325 2321 458 2393 celebret,
472 2328 504 2381 ut
515 2324 591 2380 inter
600 2323 744 2394 jejunium
757 2321 942 2379 christiano-
995 2325 1116 2384 ccclesia
1148 2326 1274 2383 44144444
1305 2332 1356 2384 444
1386 2325 1521 2397 protlcere
1551 2322 1704 2391 desiderat,
1737 2318 1823 2377 debet

116 2425 181 2470 rum
200 2416 229 2469 et
246 2411 410 2486 gentillum,
432 2411 561 2470 4441444
584 2417 612 2469 44
632 2411 804 2483 444441444,
822 2423 898 2482 uera,
914 2415 942 2468 44
995 2428 1058 2472 ease
1072 2415 1155 2487 prins
1171 2416 1321 2489 ostiarius,
1341 2415 1445 2473 deinde
1465 2414 1563 2484 lector,
1578 2418 1608 2470 et
1623 2416 1720 2483 postea
1733 2423 1822 2467 exor-

116 2501 270 2576 44414144,
285 2502 586 2561 discretlobabeatur.
996 2503 1069 2561 cista
1101 2518 1150 2575 per
1181 2509 1307 2575 tempera
1337 2518 1400 2576 4444
1428 2504 1581 2575 episcopua
1610 2499 1818 2559 constituerit:

312 2591 440 2649 14141414.
455 2621 493 2633 -
505 2592 532 2648 S.
549 2590 743 2650 SlLVllSTllll.
996 2592 1101 2652 444444
1120 2593 1250 2666 acolytus
1270 2594 1357 2651 annis
1377 2593 1518 2665 quinque,
1540 2589 1736 2648 subdiaconus
1757 2588 1822 2645 toti·

377 2681 471 2751 (Anno
486 2680 589 2738 Christi
602 2678 678 2752 344.)
996 2680 1072 2753 444,
1096 2687 1125 2740 44
1147 2686 1246 2741 444444
1267 2687 1450 2755 martyrum,
1472 2688 1501 2739 et
1519 2680 1662 2738 diaconus
1685 2676 1822 2736 similiter

150 2769 296 2843 silvester,
318 2770 434 2828 natione
450 2771 605 2842 11444444,
621 2785 655 2827 ex
672 2776 751 2843 patre
764 2769 877 2841 liulno,
893 2782 943 2826 se-
997 2771 1084 2828 annis
1109 2771 1247 2844 quinque,
1279 2771 1424 2843 presbyter
1450 2770 1536 2828 annis
1561 2767 1675 2826 duobus
1704 2757 1819 2838 [tribus]

114 2860 162 2918 dit
175 2859 382 2933 annosviginti
397 2864 464 2928 tres,
478 2873 589 2916 menses
602 2858 940 2929 decem,diesundecim.
999 2858 1136 2929 probatus
1161 2875 1194 2917 ex
1219 2860 1298 2919 omni
1331 2867 1412 2931 parte
1437 2860 1590 2928 intantum,
1620 2862 1653 2915 ut
1677 2855 1763 2912 44444
1786 2853 1823 2911 44

117 2949 185 3008 Fuit
208 2953 303 3008 autem
332 2948 511 3021 temporibus
535 2948 717 3007 constantini
739 2954 768 3006 et
791 2949 941 3007 Volusiani
998 2949 1046 3006 bts
1069 2950 1119 3020 444
1143 2948 1214 3007 ioris
1241 2953 1310 3006 sunt
1339 2947 1537 3006 testimonium
1571 2945 1677 3004 bonum
1709 2943 1820 3010 babeat,

115 3039 278 3098 consulum.
300 3039 352 3096 llic
370 3038 495 3097 diversis
517 3038 695 3111 temporibus
716 3038 862 3096 ordinavit
876 3040 943 3110 epi·
957 3029 982 3096 G
998 3037 1088 3094 unius
1104 3036 1238 3094 videlicet
1258 3036 1358 3093 uxoris
1376 3037 1421 3092 444
1440 3035 1466 3106 (l
1486 3038 1555 3091 Tim.
1572 3035 1628 3105 111),
1651 3048 1715 3105 quae
1729 3037 1823 3089 tamen

117 3142 220 3202 444444
233 3129 537 3203 octogintaquinque,
555 3128 734 3201 presbyteros
751 3129 942 3201 quadraginta
996 3139 1013 3181 a
1029 3126 1174 3183 sacerdote
1186 3125 1226 3182 444
1240 3123 1399 3182 benedicta.
1418 3125 1453 3180 Et
1466 3123 1509 3181 sic
1525 3121 1672 3194 probatus,
1694 3119 1823 3179 siluerit

117 3218 201 3291 4444,
219 3218 357 3277 diaconos
373 3218 477 3290 viginti
498 3232 555 3275 sea.
575 3218 627 3275 llic
646 3218 872 3288 persecutionem
892 3216 943 3275 iu·
996 3215 1113 3287 dignus,
1135 3219 1162 3270 et
1179 3219 1244 3272 rota
1263 3214 1333 3287 41444
1355 3227 1388 3271 44
1410 3212 1508 3284 populi
1530 3211 1721 3281 occurrerint,
1741 3223 1825 3266 cano·

117 3309 210 3381 glana,
226 3307 278 3364 444
294 3307 325 3364 44
341 3312 435 3364 44444
450 3307 563 3365 Soracte
578 3307 744 3379 latuit3sed
762 3308 942 3378 postmodnm
997 3304 1061 3361 nice
1089 3303 1242 3374 episcopus
1267 3311 1450 3361 consecretur
1469 3321 1476 3357 :
1500 3314 1585 3373 4444
1611 3300 1727 3371 444444
1756 3298 1824 3357 talia

119 3396 657 3471 44444144144444444444444444444
677 3395 843 3467 baptizavit,
858 3408 942 3467 4444
996 3393 1062 3450 utta
1079 3398 1115 3464 44,
1136 3397 1169 3450 44
1188 3393 1356 3465 pradictum
1379 3398 1432 3462 cst,
1454 3390 1631 3447 accedentem
1654 3401 1705 3444 nec
1727 3388 1823 3445 clerus

117 3485 252 3544 caristus
268 3485 298 3542 44
315 3485 377 3556 ipso
392 3485 563 3556 baptismoa
578 3484 711 3557 squalore
726 3484 811 3555 leprae
827 3484 944 3541 44444-
997 3495 1048 3539 nec
1057 3482 1181 3554 populus
1189 3485 1285 3554 postea
1293 3479 1460 3552 perturbare
1467 3477 1559 3535 debet.
1569 3476 1627 3534 lloc
1635 3476 1722 3534 44444
1732 3476 1824 3533 inme

118 3575 170 3632 uit.
202 3573 254 3632 4444
282 3577 419 3646 potestate
447 3575 503 3631 Deo
528 3573 617 3630 libere
643 3573 786 3630 serviendi
817 3578 943 3645 accepta,
998 3562 1821 3641 4444444444444144444444440444.4444444444),
1922 3557 1924 3563 ⁴

116 3663 307 3722 coustitutum
333 3660 401 3718 iecit
423 3662 459 3718 de
481 3661 560 3719 omni
583 3661 719 3719 Ecclesia.
742 3662 835 3731 liujus
856 3661 943 3719 etiam
999 3664 1032 3717 44
1054 3659 1153 3718 441144
1177 3657 1323 3731 presbyter
1352 3657 1467 3714 missam
1491 3654 1635 3712 celebrare
1659 3659 1822 3725 prasumat,

118 3751 307 3824 temporibus,
321 3751 384 3822 ejus
400 3755 550 3823 praecepto,
571 3749 645 3808 tacta
658 3750 785 3822 synodus
804 3749 835 3807 in
850 3751 943 3807 Nicaea
999 3750 1057 3807 nisi
1080 3749 1111 3808 in
1134 3748 1255 3806 sacratis
1277 3745 1312 3804 ab
1337 3744 1472 3817 episcopo
1501 3743 1584 3816 locis,
1608 3742 1658 3816 444
1685 3742 1731 3801 444
1753 3757 1824 3815 par-

116 3840 269 3912 4444444,
290 3846 319 3896 44
339 3839 502 3912 congregati
526 3844 594 3896 sunt
614 3839 732 3896 trecenti
754 3844 783 3895 et
801 3839 897 3897 44444
917 3843 946 3896 44
999 3838 1091 3909 ticeps
1122 3836 1158 3894 44
1188 3839 1290 3894 4444444
1321 3833 1446 3893 veluerit
1477 3845 1539 3890 esse
1572 3832 1737 3891 sacerdotii.
1772 3831 1825 3889 1144

116 3936 182 3989 octo
197 3928 333 3986 catholici
349 3928 489 4000 episcopi,
506 3928 557 4000 444
574 3928 657 3984 4444
674 3927 826 4002 integram,
841 3929 945 3986 444144-
998 3927 1085 3983 44444
1111 3926 1275 3991 4444414444,
1300 3928 1333 3981 44
1357 3921 1503 3994 presbyter
1529 3920 1716 3992 baptizatum,
1740 3926 1769 3978 et
1789 3919 1825 3979 de

117 4018 205 4077 licam
226 4022 255 4074 et
276 4016 488 4073 immaculatam
508 4022 713 4086 exposuerunt,
736 4021 765 4073 et
784 4017 897 4085 44444,
916 4020 946 4072 44
998 4027 1073 4087 4444
1090 4014 1213 4070 lavatum
1228 4014 1384 4071 carismate
1399 4011 1499 4069 liniret
1514 4015 1631 4082 propter
1640 4009 1824 4067 subitaneum

119 4106 285 4176 Plotinum,
300 4110 329 4162 et
341 4104 510 4177 sabellium,
532 4117 689 4177 44444444
710 4118 846 4176 sequaces
860 4105 947 4162 dam·
999 4102 1152 4160 transitum
1179 4102 1289 4158 mortis.
1310 4101 1363 4157 llic
1382 4099 1547 4171 constituit,
1567 4104 1600 4156 ut
1621 4097 1738 4157 diaconi
1758 4097 1825 4155 441-

119 4197 237 4254 444444.
1000 4191 1114 4249 4444414
1134 4190 1165 4248 44
1187 4189 1309 4247 ecclesla
1336 4193 1496 4260 uterentur,
1519 4193 1548 4246 44
1573 4187 1672 4260 palliis
1692 4187 1723 4245 in
1744 4187 1821 4245 1444.

155 4285 260 4343 Eodem
284 4296 400 4354 444444
428 4287 554 4353 tempere
574 4281 661 4338 44444
687 4281 748 4352 ipse
766 4281 826 4352 lam
848 4281 946 4339 dictus
1000 4282 1052 4339 1144
1072 4279 1167 4353 pridie
1187 4278 1305 4336 Kalend.
1327 4278 1458 4337 14444441
1478 4275 1626 4336 confessor
1644 4276 1753 4334 cbristi
1773 4288 1827 4332 ca·

118 4386 192 4446 papa
212 4370 322 4444 prelati
336 4371 518 4429 Constantini
530 4370 654 4443 augusti
674 4370 797 4428 consilio
808 4370 946 4428 canonica
960 4356 988 4419 D
1002 4371 1131 4431 tbolicus
1146 4367 1281 4442 migrauit
1295 4366 1330 4423 ad
1346 4366 1511 4424 Dominum.

116 4461 267 4519 vocatione
286 4461 317 4518 in
340 4461 439 4519 44444
458 4461 576 4517 144444
599 4459 741 4518 ducentos
762 4459 947 4532 septuaginta
1226 4456 1341 4514 XXXV.
1359 4485 1392 4496 -
1406 4454 1433 4511 S.
1451 4453 1597 4511 MARCUS.

117 4554 227 4622 septem
259 4550 410 4623 episcopos
445 4549 629 4622 congregavit
651 4569 659 4620 i
681 4554 710 4605 44
741 4548 856 4620 iterum,
890 4554 946 4604 444
1256 4546 1351 4617 (Anao
1370 4544 1481 4602 Christi.
1498 4540 1574 4613 336.)

116 4639 285 4711 callixtum,
312 4652 397 4712 4444
418 4638 531 4708 briam,
556 4643 584 4694 44
607 4637 773 4710 Pbotinum,
797 4643 825 4696 et
846 4637 948 4694 sabel·
1037 4641 1160 4708 Marcus,
1192 4636 1308 4694 natione
1343 4634 1497 4700 14444444,
1532 4646 1566 4690 ex
1600 4635 1680 4703 patre
1714 4630 1825 4702 Prisco,

119 4728 194 4786 1444
217 4729 364 4787 44444444
380 4747 386 4784 :
401 4732 429 4786 et
449 4727 605 4785 constituit
626 4734 658 4784 ut
677 4727 777 4784 nullus
802 4727 948 4799 presbyter
1002 4727 1079 4786 sedit
1098 4739 1208 4783 menses
1229 4732 1304 4795 octo,
1323 4722 1387 4780 dies
1407 4721 1522 4797 viginti.
1548 4721 1615 4779 Fuit
1635 4725 1729 4778 autem
1751 4725 1828 4777 tem-

116 4818 259 4876 4444444
281 4817 496 4890 resipiscentem
518 4817 688 4889 susciperet,
712 4816 770 4875 nisi
794 4817 947 4888 episcopus
1003 4817 1122 4892 poribus
1135 4812 1328 4883 Constantini,
1348 4818 1377 4870 et
1390 4812 1554 4885 Nepotiani,
1570 4825 1603 4869 ac
1622 4810 1757 4869 Secundi.
1774 4811 1828 4868 1144

98 4907 247 4980 ‚eiusdem
278 4907 333 4965 loci
366 4920 431 4963 eum
465 4905 676 4977 reconciliaret,
708 4909 736 4964 et
767 4911 948 4963 sacrosancto
1001 4905 1165 4976 constituit,
1187 4909 1219 4963 ut
1237 4902 1392 4973 episcopus
1410 4901 1508 4972 04444,
1532 4901 1583 4973 441
1599 4905 1747 4958 consecrat
1760 4901 1828 4971 epl-

117 4995 276 5054 cbrismatc
296 4993 486 5053 contlrmaret.
507 4995 539 5052 14
561 4994 723 5068 44444444
746 4995 855 5066 synodo
875 5009 948 5052 con-
981 5009 1119 5068 ,scopum
1140 4993 1223 5052 urbis
1245 4993 1351 5062 14444,
1375 4989 1464 5063 pallio
1487 4995 1626 5048 uteretur.
1647 4991 1700 5048 llic
1713 4990 1826 5062 episto-

116 5099 207 5145 aeosu
230 5091 259 5143 et
278 5084 494 5155 subscriptione
521 5082 651 5142 omnium
676 5086 866 5142 constitutum
893 5089 946 5154 est,
1002 5087 1058 5144 144
1083 5083 1193 5142 direxit
1220 5080 1378 5139 btbanasio
1402 5084 1431 5138 et
1456 5079 1602 5138 universis
1626 5079 1823 5154 Egyptiorum

118 5174 264 5235 44441144
282 5173 374 5231 laicus
386 5173 492 5232 clerico
502 5173 610 5231 444444
627 5173 733 5231 inferre
749 5173 853 5232 444444
865 5170 901 5245 (4,
917 5190 944 5245 4.
1001 5173 1157 5248 episcopis,
1176 5172 1207 5230 44
1226 5183 1284 5244 444
1301 5169 1402 5227 multis
1422 5168 1515 5228 modia
1535 5175 1653 5243 paterne
1670 5182 1720 5226 444
1739 5179 1826 5236 super

114 5262 147 5337 7,
162 5278 188 5321 4.
203 5264 304 5322 Nullus
316 5282 326 5332 ;
339 5261 367 5336 41,
390 5278 417 5336 4.
437 5259 465 5336 4,
480 5277 504 5320 4.
530 5263 672 5335 4444444),
687 5267 717 5320 44
738 5262 946 5335 etpresbyteri
1003 5261 1184 5337 querimonia
1214 5258 1380 5318 afflictionis
1407 5273 1506 5317 eorum
1534 5258 1710 5325 4444414444,
1736 5259 1765 5310 44
1788 5252 1823 5310 44

118 5369 178 5413 444
211 5354 350 5412 adversus
375 5353 552 5427 episcopum,
582 5367 634 5411 nec
662 5352 778 5410 diaconi
810 5353 948 5411 adversus
1002 5348 1330 5412 solatiumdeienaionis
1349 5349 1477 5422 capitula
1495 5342 1825 5413 proculcarentque

119 5442 330 5519 presbyterum,
352 5456 403 5500 nec
423 5442 517 5516 414444
536 5443 663 5501 minores
683 5441 788 5515 gradus
810 5441 949 5502 adversus
1002 5441 1078 5514 apud
1093 5455 1143 5500 eos
1162 5440 1303 5500 malorum
1321 5439 1460 5498 uiolentia
1476 5438 1536 5509 lam
1555 5446 1611 5492 neo
1628 5436 1711 5488 erant
1725 5435 1824 5488 trana-

121 5531 284 5608 quemlibet
299 5532 434 5604 majorem
455 5532 573 5605 gradum
595 5530 744 5589 babentem
758 5530 948 5605 4444144444
1005 5530 1119 5589 mittere
1147 5528 1178 5586 in
1203 5529 1300 5587 eadem
1326 5540 1357 5585 se
1383 5526 1466 5585 dicit.
1495 5522 1548 5581 4114
1581 5518 1727 5578 ordinarit
1759 5519 1825 5592 epi·
