3892 6090
169 208 223 267 oie
781 214 959 270 hmbsrhsh
986 213 1257 273 elumoauuihnu
1820 213 1872 274 680
1895 252 1901 263 ·

170 339 407 410 quemadmodum
424 352 543 410 magnus
559 338 595 394 ab
610 338 826 395 immortalitate
840 338 990 411 cognomi-
1003 332 1034 393 A
1045 342 1131 403 atam,
1156 338 1219 394 sine
1240 339 1411 409 incoeptione
1428 343 1456 394 et
1471 353 1535 395 cum
1556 338 1740 408 incoeptione,
1760 337 1790 392 in
1810 336 1871 406 ipso

170 433 264 497 natus,
287 428 343 483 imo
366 441 431 483 vero
451 432 572 482 cunctus
592 433 754 483 sanctorum
781 429 887 484 chorus
911 426 991 483 altir-
1045 428 1255 483 confitenturct
1264 427 1392 484 confiteri
1403 428 1487 483 nobis
1500 428 1680 498 praecipiunt.
1694 429 1756 482 Non
1766 430 1869 492 autem,

73 530 80 542 ·
170 521 236 585 mat,
249 515 323 585 quod
341 528 409 584 pene
423 515 492 570 fides
504 513 654 570 salvatoris
670 516 760 571 nostri
774 529 829 570 nori
846 515 989 584 admittat,
1046 515 1078 567 ut
1092 514 1120 568 hi
1143 527 1219 569 nunc
1241 515 1381 570 novitates
1401 514 1540 582 fecerunt,
1562 528 1647 570 unam
1667 518 1695 568 et
1715 526 1768 567 nec
1786 525 1871 566 unam

169 616 233 658 cum
250 602 303 658 hoc
320 603 455 658 instabile
468 604 605 674 quiddam
626 605 781 660 secundum
800 619 880 660 suam
897 604 991 674 ipsius
1048 613 1098 656 nec
1117 601 1199 671 duas,
1214 608 1241 657 et
1262 617 1363 658 rursus
1384 617 1470 658 unam
1490 608 1518 657 et
1536 602 1619 669 duas,
1639 601 1667 656 id
1684 607 1727 656 est
1742 605 1802 654 tres
1820 612 1872 654 vo-

169 689 308 745 rationem
326 691 439 746 existat.
455 691 533 760 Quod
553 693 577 747 si
595 693 647 749 boc
662 691 751 748 fuerit
770 696 903 763 passa,⁴et
915 691 989 761 quod
1048 687 1172 743 luntutes
1194 695 1221 743 et
1238 690 1418 758 operationes
1436 689 1539 744 babere
1562 688 1643 743 iilum
1663 686 1800 741 fatentur.

168 776 476 834 buicestcontrarium
490 780 687 848 proculdubio
700 780 865 848 sustinebit,
882 778 992 833 addita-
1081 777 1171 847 Super
1187 778 1245 833 baec
1261 784 1357 834 autem
1375 780 1471 835 omnia
1486 793 1549 848 qua
1563 778 1640 833 dicta
1658 781 1737 844 sunt,
1754 779 1783 830 ct
1799 773 1871 829 iliud

168 871 293 921 mentum
311 867 432 936 scilicet,
446 873 473 922 et
489 869 630 938 quomodo
646 868 772 924 manebit
785 869 908 925 ulterius
921 866 991 921 ildes
1047 878 1160 935 quoque
1189 866 1350 921 certissime
1377 867 1518 937 noverint,
1549 865 1684 937 quoniam
1710 876 1798 920 unam
1823 875 1873 917 nec

166 953 325 1010 defectibus
339 968 371 1010 ac
383 955 559 1025 profectibus
576 958 867 1020 immutata‘iliicant,
882 957 988 1026 inquit,
1047 966 1143 1022 unam,
1163 967 1255 1024 neque
1271 955 1354 1023 duas,
1369 960 1396 1010 et
1412 955 1515 1010 iterum
1534 967 1617 1010 unam
1632 960 1660 1008 et
1673 953 1748 1008 duas
1766 950 1873 1007 voiun-

167 1043 261 1109 nobis,
280 1044 330 1113 qui
347 1057 396 1113 per
417 1044 548 1115 singulos
563 1046 625 1100 dies
641 1045 710 1100 fides
729 1050 836 1116 creant,
853 1045 911 1100 imo
922 1044 991 1100 deos
1046 1046 1118 1097 tates
1130 1046 1158 1098 et
1170 1044 1360 1112 operationes,
1379 1049 1406 1100 et
1423 1045 1521 1099 omniu
1539 1057 1605 1098 cum
1625 1040 1870 1107 anathematibus,

167 1131 223 1188 sibi
237 1133 366 1188 diversos
381 1133 502 1205 fingunt,
519 1136 656 1204 quoniam
671 1149 736 1191 cum
753 1134 817 1190 fidei
833 1134 918 1190 verbo
931 1149 991 1189 mu·
1046 1135 1075 1185 et
1094 1131 1149 1200 dep
1168 1131 1336 1200 sitionibus,
1358 1145 1390 1188 ac
1410 1130 1704 1187 excommunicatione
1723 1128 1873 1200 dogmati-

167 1225 245 1277 tatur
256 1227 342 1292 atque
354 1222 708 1292 multiplicaturauiibus
720 1223 748 1278 id
760 1223 835 1293 quod
848 1222 986 1278 creditur.
1045 1223 1150 1290 zantes,
1171 1224 1268 1289 aperte
1285 1220 1342 1275 sibi
1359 1224 1386 1276 et
1400 1220 1551 1275 alterutris
1570 1231 1728 1288 repugnare
1744 1216 1873 1286 proban·

165 1309 239 1380 Ergo
262 1312 291 1363 et
311 1310 467 1365 adversarii
494 1311 563 1366 fides
586 1310 643 1366 sibi
671 1311 825 1366 condentes
849 1310 986 1378 diversas,
1045 1311 1113 1362 tur:
1131 1312 1159 1362 et
1176 1308 1232 1377 ipsi
1257 1322 1305 1378 per
1325 1309 1436 1376 seipsos
1454 1314 1482 1363 ei
1504 1307 1624 1362 invicem
1645 1305 1822 1361 subvertunt
1841 1318 1873 1359 ac

165 1397 272 1468 absque
280 1399 357 1452 omni
368 1398 949 1469 contradictioncsecuudumqualitatem,
961 1405 988 1453 et
1043 1394 1207 1461 destruunt,
1224 1396 1333 1452 alterna
1349 1396 1432 1451 verba
1445 1400 1474 1450 et
1488 1397 1631 1467 dogmata,
1647 1406 1736 1463 seque
1753 1394 1834 1462 ipsos
1845 1400 1872 1448 et
1921 1436 1942 1452 .

165 1486 352 1555 quantitatem
362 1490 448 1555 atque
459 1486 859 1556 immutationemdogmatum
869 1501 986 1541 suorum
1042 1484 1207 1555 alterutros,
1222 1490 1250 1541 et
1264 1500 1311 1541 eos
1327 1486 1378 1556 qui
1394 1485 1450 1540 sibi
1468 1484 1690 1551 communicant,
1707 1480 1873 1538 anathema
1887 1514 1942 1529 —

165 1573 318 1628 immutant
331 1574 416 1630 simul
431 1581 458 1628 ct
471 1575 667 1643 multiplicant
679 1575 706 1628 id
723 1575 796 1644 quod
811 1573 949 1642 creditur,
959 1580 987 1629 et
1042 1572 1142 1642 tizant,
1154 1579 1183 1628 et
1192 1573 1228 1628 ab
1239 1574 1317 1629 omni
1334 1588 1414 1629 sacra
1428 1574 1570 1645 dignitate
1584 1585 1616 1627 ac
1632 1571 1799 1626 ministerio
1815 1570 1872 1639 pel·
1884 1600 1942 1613 —

164 1661 293 1733 quinque
311 1662 442 1717 Christos
461 1669 578 1718 eatenus
603 1662 758 1733 plasmasse
778 1668 983 1718 monstrantur.
1000 1641 1026 1701 Β
1042 1661 1106 1716 lunt
1121 1669 1206 1732 atque
1218 1663 1374 1732 deponunt.
1390 1664 1505 1717 Necnon
1520 1659 1734 1731 aperceptione
1750 1657 1871 1714 illibatae
1882 1674 1942 1717 ε

163 1749 243 1804 Hunc
265 1750 380 1820 quidem
407 1764 491 1805 unam
515 1750 719 1821 operationem,
734 1750 826 1805 illuni
848 1764 913 1805 vero
937 1764 986 1805 nec
1042 1751 1254 1806 communionis
1264 1750 1369 1807 vivillci
1379 1749 1704 1820 corporisetsanguinis
1714 1747 1870 1819 magnilici
1884 1749 1935 1805 i

163 1850 248 1892 unam
271 1838 463 1907 operationem
486 1843 514 1893 et
533 1839 621 1893 alium
645 1853 730 1894 unam
753 1837 938 1908 voluntatem,
959 1843 987 1893 et
1042 1843 1071 1894 ct
1085 1839 1236 1894 salvatoris
1252 1839 1343 1895 nostri
1358 1838 1541 1894 iesquristi
1558 1843 1750 1906 sequestrant.
1762 1837 1798 1891 Et
1812 1836 1942 1893 bac-n

163 1925 284 1981 alterum
296 1940 346 1982 nec
361 1940 444 1982 unam
456 1925 645 1983 voluntatem:
658 1926 886 1996 porroquintum
901 1940 986 1982 unarn
1043 1926 1156 1996 liquido
1177 1940 1239 1997 nos,
1255 1932 1283 1981 et
1304 1927 1384 1983 nulio
1405 1927 1534 1982 intuente
1554 1930 1580 1980 et
1598 1925 1706 1980 sciente
1727 1923 1942 1981 obstantisa

162 2018 190 2068 et
200 2013 282 2084 duas,
297 2019 383 2085 atque
395 2027 480 2069 unam
493 2019 521 2069 et
533 2015 614 2080 duas,
633 2013 661 2069 id
677 2019 720 2069 est
735 2018 792 2069 tres
807 2015 987 2084 operationes
1042 2013 1190 2081 velamine,
1208 2028 1263 2070 non
1277 2015 1370 2070 solum
1387 2019 1502 2084 propter
1512 2013 1717 2069 multiformem
1731 2025 1921 2079 errorem*

162 2106 189 2156 et
200 2098 270 2157 ‘tres
289 2103 460 2174 voluntates,
482 2106 513 2158 ut
530 2102 623 2170 aiunt,
644 2101 804 2158 habentem.
824 2104 857 2156 Et
877 2102 985 2169 dicant,
1042 2103 1238 2158 verumetiam
1252 2108 1406 2172 etpropter
1421 2101 1650 2168 instabilitatem,
1667 2099 1942 2156 etabsurdita-a

162 2189 186 2245 si
199 2190 299 2245 volunt
310 2191 354 2245 illi
373 2190 429 2259 ipsi
441 2190 491 2260 qui
509 2191 576 2246 talia
590 2194 736 2260 exponunt
750 2191 881 2262 dogmata
895 2191 984 2260 etqui
1043 2197 1109 2261 tem,
1125 2204 1158 2246 ac
1174 2191 1427 2260 reciprocationem
1448 2190 1549 2244 talium
1566 2190 1693 2244 virorum
1706 2192 1736 2243 et
1747 2188 1942 2259 dogma—

161 2278 373 2333 communicant
383 2278 435 2348 eis,
448 2278 478 2332 in
492 2292 574 2347 quem
586 2277 688 2332 talium
702 2291 734 2332 ac
749 2282 791 2333 tot
804 2277 984 2333 christorum
1042 2280 1199 2348 tum,omni
1210 2277 1707 2347 custodianosmetipsosabillorum
1720 2276 1942 2344 inpietate

161 2377 220 2419 ase
236 2364 365 2419 fictorum
381 2365 528 2419 credentes
542 2364 678 2433 baptizati
695 2369 772 2427 sunt,
787 2364 829 2418 vel
843 2363 987 2433 baptizan-
1041 2370 1070 2420 et
1084 2367 1286 2422 communione
1300 2380 1454 2435 servemus,
1473 2370 1614 2435 quotquot
1627 2364 1656 2419 in
1670 2365 1793 2419 veritate
1808 2375 1942 2418 essffl

162 2457 210 2506 tur
224 2470 229 2506 :
243 2459 293 2507 aut
306 2453 391 2521 cujus
406 2466 502 2507 eorum
520 2466 624 2521 corpus
639 2458 668 2507 et
681 2452 850 2522 sanguinem
866 2459 985 2508 sumunt
1040 2467 1073 2509 ac
1086 2455 1144 2511 dici
1159 2455 1317 2511 Christiani
1331 2456 1472 2511 volumus.
1488 2453 1621 2509 Alienum
1637 2453 1773 2523 quippea
1788 2450 1942 2506 cbri—

161 2542 247 2608 atque
258 2539 567 2594 distribuuntlutrum
580 2540 702 2609 ejusqui
716 2553 811 2608 unam,
823 2553 858 2594 an
872 2540 922 2610 qui
935 2554 985 2594 nec
1041 2543 1145 2598 stianis
1155 2547 1207 2611 est,
1221 2557 1286 2598 curn
1297 2543 1468 2598 orthodoxia
1483 2542 1568 2597 etiarn
1580 2542 1756 2611 impietatem
1769 2538 1942 2594 susci—

162 2638 247 2680 unam
266 2626 457 2694 operationem
472 2644 480 2686 t
493 2627 555 2695 ejus
571 2628 620 2695 qui
637 2641 722 2682 unam
743 2625 931 2694 voluntatem,
948 2640 984 2682 an
1041 2645 1116 2700 pere,
1130 2637 1181 2686 aut
1196 2632 1324 2687 conilieri
1341 2633 1457 2702 quidem
1472 2631 1658 2687 orthodoxam
1676 2629 1770 2698 fldem,
1786 2641 1942 2684 com—

160 2714 286 2784 ejusqui
303 2727 385 2768 unam
400 2721 427 2769 et
441 2714 522 2784 duas,
540 2720 568 2769 et
583 2728 667 2769 unam
683 2720 710 2769 et
724 2715 806 2783 duas,
824 2715 852 2770 id
868 2722 911 2771 est
926 2722 984 2771 tres
1002 2785 1006 2794 Ι
1041 2719 1189 2777 manicare
1206 2733 1272 2774 vero
1290 2719 1336 2773 his
1352 2720 1402 2789 qui
1423 2719 1495 2775 banc
1510 2732 1561 2788 per
1578 2731 1665 2773 novas
1685 2716 1942 2772 inventione?-

161 2803 340 2871 opcrationes
359 2808 387 2856 et
403 2807 460 2856 tres
477 2802 648 2868 voluntates,
668 2807 696 2856 et
712 2808 861 2871 propterea
874 2805 932 2873 jam
950 2818 983 2859 ex
1040 2805 1182 2877 abnegant
1196 2812 1224 2861 et
1238 2807 1410 2861 adulterant.
1434 2808 1554 2876 Propter
1571 2805 1645 2875 quod
1665 2804 1767 2860 divina
1782 2802 1942 2860 nobi==

161 2890 329 2945 necessitate
343 2895 400 2944 tres
419 2891 505 2944 etiam
524 2897 641 2945 naturas
659 2889 767 2944 habeti
781 2890 832 2946 Sed
852 2907 906 2945 non
926 2896 985 2946 mat
1040 2893 1085 2949 lex
1098 2895 1184 2949 simul
1200 2899 1228 2949 et
1240 2895 1397 2963 apostolica
1415 2895 1506 2964 jubet,
1523 2894 1647 2964 eosqui,
1662 2892 1744 2948 aliud
1763 2897 1942 2961 praeter-¹

159 2993 222 3045 acu,
236 2984 261 3032 ct
276 2994 329 3032 non
345 2983 404 3032 crat
417 2978 523 3032 auditio
538 2980 589 3049 llil
601 2980 665 3045 ch.
683 2992 766 3041 xviia,
781 2977 836 3051 26),
852 2980 1023 3062 quemad-C
1041 2982 1116 3051 quod
1132 2981 1338 3038 aChristiieris
1361 2983 1431 3038 viris
1454 2983 1627 3052 accepimus
1647 2981 1750 3037 docere
1770 2994 1804 3035 ac
1826 2981 1942 3034 in--

161 3068 275 3123 modum
292 3068 333 3121 ait
350 3065 485 3136 propbeta
506 3080 625 3137 magnus
644 3066 721 3122 Elias
740 3068 874 3122 scelestos
894 3081 984 3123 sacer·
1038 3070 1189 3125 traducere
1201 3071 1296 3126 conati
1309 3069 1424 3141 fuerint,
1437 3075 1599 3126 avertereet
1610 3069 1941 3135 anathematizare...

159 3157 240 3212 dotes
261 3163 289 3212 et
309 3154 571 3226 pseudoprophetas
591 3154 772 3211 confusionis
796 3155 978 3227 redarguens.
1039 3170 1094 3213 non
1116 3163 1225 3213 tanturn
1242 3158 1266 3213 si
1282 3158 1410 3214 homines
1435 3158 1554 3230 fuerint,
1574 3159 1622 3214 sed
1638 3163 1667 3212 et
1683 3157 1751 3213 iicet
1769 3149 1942 3228 angelffi

159 3245 239 3307 Nam,
249 3244 390 3314 quidquid
403 3243 504 3298 borum
515 3242 653 3313 dixerint,
667 3243 749 3298 illinc
759 3257 823 3298 cum
836 3244 982 3313 impietate
1038 3243 1170 3302 fortassis
1185 3246 1283 3302 ecoelo
1302 3247 1503 3303 descendentes
1525 3246 1699 3303 exstiterint.
1718 3246 1754 3300 Et
1768 3245 1794 3299 si
1813 3244 1942 3298 hoc==

159 3331 245 3387 etiam
278 3332 506 3404 redargutionem
537 3345 630 3387 sermo
659 3345 756 3387 eorum
788 3331 979 3400 circumferet,
1037 3333 1190 3390 fecerimus
1205 3335 1372 3390 etdivinum
1391 3336 1453 3391 sine
1470 3334 1703 3404 praevaricatione
1719 3332 1942 3403 adimple-

159 3421 294 3490 quoniam
324 3434 379 3476 uon
407 3422 436 3477 in
466 3434 564 3476 verum
590 3428 619 3476 et
646 3421 785 3474 veraciter
812 3421 979 3475 existentem
1036 3423 1163 3478 verimus
1185 3423 1412 3491 preceptionem,
1436 3436 1603 3492 sacramque
1621 3436 1653 3477 ac
1672 3421 1942 3477 orthodoxam)

157 3508 302 3565 Christum
316 3509 436 3564 creduut
448 3514 533 3578 atque
548 3507 703 3576 baptizant,
718 3520 769 3561 nec
782 3506 864 3561 iliius
876 3521 980 3576 corpus
1038 3508 1120 3563 fldem
1133 3509 1240 3578 absque
1252 3509 1461 3565 adulteratione
1472 3509 1595 3565 simulet
1606 3510 1790 3565 innovatione
1802 3521 1942 3578 pesa-

158 3601 186 3651 et
198 3597 364 3667 sanguinem
381 3595 530 3665 accipiunt
543 3599 571 3649 et
582 3593 774 3648 distribuunt.
791 3593 875 3648 iilum
890 3594 977 3660 enim,
1036 3596 1196 3651 sederimus
1208 3602 1237 3651 et
1248 3598 1371 3653 confessi
1389 3597 1540 3669 fuerimus,
1556 3598 1691 3653 advitam
1710 3595 1782 3652 salvi
1800 3593 1942 3650 eiii-⁶-

159 3681 714 3752 verumscilicetetquiverecensistit,
733 3680 879 3735 Christum
891 3681 978 3735 Deum
1035 3684 1147 3740 cientur
1168 3689 1300 3739 aternam
1327 3687 1355 3740 in
1375 3687 1574 3743 Christolesu
1599 3686 1721 3741 Domino
1742 3690 1856 3741 nostro:
1894 3688 1942 3728 z

158 3770 244 3827 simul
265 3776 293 3824 et
311 3770 453 3824 bominem
476 3768 573 3836 inclyti
599 3767 727 3838 magistri
747 3767 837 3821 nostri
855 3780 887 3821 uc
905 3782 981 3836 prae-
1035 3784 1100 3826 cum
1119 3786 1175 3841 quo
1188 3774 1245 3827 lieo
1260 3774 1385 3834 ctPatri.
1401 3789 1456 3829 una
1477 3789 1540 3830 cum
1552 3773 1736 3829 sanctissimo
1748 3779 1776 3828 ct
1789 3772 1942 3827 bono‘

158 3863 285 3925 ceptores
307 3857 439 3924 scientes,
462 3854 535 3909 duas
556 3859 584 3909 ct
607 3859 718 3908 tantum
742 3855 979 3924 quemadmodum
1035 3871 1069 3913 ac
1082 3859 1193 3914 vivifico
1208 3860 1329 3933 Spiritu,
1348 3860 1449 3933 gioria,
1467 3861 1566 3921 bonor.
1585 3861 1749 3931 imperium,
1766 3861 1942 3916 elada-

158 3952 285 4014 naturas,
298 3944 340 4000 sic
349 3943 433 3999 etiarn
445 3944 555 3999 ctduas
566 3942 737 4012 voluntates,
749 3948 778 3997 et
789 3943 905 3999 totidem
918 3959 980 4014 ope·
1036 3946 1129 4002 oratio
1150 3961 1226 4003 nunc
1247 3953 1275 4003 ct
1292 3963 1413 4020 semper,
1434 3955 1462 4005 et
1483 3951 1512 4004 in
1535 3950 1631 4005 omnia
1656 3946 1942 4021 nunquamque4

157 4033 283 4088 rationes
302 4037 491 4103 congruentes
507 4031 576 4097 sibi,
596 4030 722 4086 divinam
740 4030 860 4100 scilicet,
878 4036 908 4087 ut
921 4033 979 4101 Jam
1038 4033 1162 4090 finienda
1184 4037 1287 4092 sarcula
1309 4037 1489 4094 saeculorum.
1510 4038 1607 4094 Amen.

156 4120 264 4177 dictum
278 4125 321 4176 est
332 4125 360 4175 et
373 4119 587 4190 comprobatum
602 4123 655 4190 est,
669 4124 697 4173 et
710 4117 871 4186 humanam,
890 4120 979 4176 incre·

530 4402 796 4474 eoslhnloith
843 4399 884 4470 S.
929 4402 1154 4472 HIPPOLYTl
1195 4406 1468 4478 TESTIMONIA.

654 4561 668 4630 (
676 4563 720 4616 Ee
743 4559 893 4629 Combeltsii
912 4558 1029 4614 editione
1043 4559 1161 4630 Operum
1177 4560 1205 4615 S.
1220 4563 1359 4636 blomne)

193 4859 247 4874 .....
264 4819 327 4872 llaec
341 4816 487 4872 evidenter
500 4813 610 4869 effatur.
619 4815 754 4886 ,Utraque
768 4820 921 4874 ostendens
933 4834 972 4887 se,
987 4821 1015 4879 D
1030 4820 1169 4876 translata
1180 4823 1292 4890 natura,
1305 4818 1378 4875 lacta
1397 4820 1531 4876 videlicet
1552 4820 1710 4876 secundum
1724 4824 1849 4876 naturam

155 4919 190 4965 eo
208 4907 281 4978 quod
296 4905 452 4976 dupliciter
465 4900 572 4972 (divine
585 4903 696 4961 scilicet
712 4911 740 4959 et
754 4905 887 4976 humane)
905 4921 975 4977 ope-
1029 4907 1198 4963 Divinitatis
1221 4922 1306 4975 car03
1322 4909 1370 4964 sed
1391 4907 1465 4978 quod
1486 4913 1557 4977 erat,
1573 4908 1660 4964 etiam
1679 4907 1783 4964 deitati
1803 4919 1851 4962 co-

67 5011 72 5019 ·
157 4994 476 5064 natusest,secundum
496 4992 975 5061 eamdemquaevcraciterveraet
1028 5001 1133 5066 aptata,
1152 4996 1266 5059 mansit,
1286 4997 1314 5051 id
1328 5001 1371 5050 est
1386 5009 1452 5050 caro
1468 4996 1582 5051 infirma
1594 5000 1622 5051 et
1636 4996 1787 5065 passibilis
1802 5007 1852 5050 na-

156 5083 298 5143 naturalis
313 5081 473 5137 substantia
488 5085 540 5144 cst,
557 5080 644 5135 Deurn
660 5080 828 5137 immensum
845 5084 930 5139 simul
946 5091 973 5138 et
1029 5089 1103 5154 tura,
1120 5088 1148 5138 et
1160 5084 1336 5154 operatione,
1348 5083 1426 5137 sicut
1437 5083 1479 5137 ait
1492 5083 1636 5138 Salvator:
1653 5083 1776 5153 spiciam
1789 5083 1852 5152 qul-

155 5171 406 5239 circumscriptum
441 5168 563 5223 existere
586 5182 619 5222 ac
646 5169 771 5240 intelligi
806 5170 972 5231 hominem:
1028 5172 1088 5226 ἀεηι
1105 5167 1851 5242 promptus,coroaotemln,armo(aaut.nuncil.)

156 5262 309 5330 utriusque
328 5254 449 5327 perfecte
471 5254 620 5324 perlectam
640 5258 792 5312 essentiam
814 5258 972 5325 habentem,
1028 5261 1062 5314 lit
1075 5274 1193 5315 rursus:
1211 5260 1270 5328 Qua
1281 5265 1415 5328 operatus
1427 5264 1456 5313 et
1467 5272 1577 5328 passus,
1592 5273 1656 5329 quae
1666 5265 1750 5315 crant
1759 5259 1852 5317 carnis

154 5364 219 5407 cum
238 5348 320 5404 illius
343 5344 516 5414 operatione,
543 5343 629 5399 idest
649 5346 773 5402 naturali
790 5347 971 5416 proprietate.
1027 5346 1063 5402 ab
1078 5349 1154 5403 omni
1173 5353 1286 5416 peccato
1299 5346 1447 5413 immunis,
1461 5347 1627 5402 divinitatis
1647 5361 1699 5416 pro
1714 5347 1853 5405 nobisex·

154 5441 189 5496 Et
210 5450 327 5495 rursus:
344 5435 405 5489 Non
422 5432 498 5486 enim
519 5444 584 5486 caro
597 5430 669 5486 facta
691 5437 734 5488 est
750 5438 849 5489 natura
869 5434 972 5504 deitas,
1028 5434 1852 5505 inanitionemmiraculisetcarnispassionibusnaturaii-
