3876 6090
139 155 168 215 ltl
735 148 912 207 aalslllsll
943 141 1211 198 lllttbltilltbcaltll

131 296 148 339 n
161 287 274 359 ¹tantum
290 285 323 340 ιιι
336 281 437 339 nullus
450 294 484 337 ex
499 280 541 336 eis
555 280 584 335 in
603 277 704 334 taciem
716 278 779 347 ey'us
794 274 939 331 intendere
951 273 979 333 Α
993 277 1143 340 martyrem
1156 269 1282 324 suumin
1296 267 1420 324 articulo
1433 267 1507 324 tanti
1518 267 1706 327 discriminis
1714 267 1825 343 absque

126 354 242 429 bedefet.
268 369 395 443 liogabat
416 374 550 441 praterea
574 373 681 437 martyr
701 365 885 421 beatissimus
908 368 939 418 ul

120 461 244 519 timerent
256 473 322 517 eum
330 459 365 515 ad
376 458 467 515 saneti
480 457 566 513 blanci
578 455 758 527 evangelistae
776 451 938 508 memoriam

116 550 160 607 ire
171 566 180 620 3
193 548 328 620 cupiebat
338 548 415 604 enim
430 548 493 617 eius
506 561 535 602 se
548 543 718 616 patrociniis
730 541 936 598 cernrnendare.

114 638 152 695 lt
166 637 211 695 illi
226 650 284 709 prae
298 637 418 709 pudoris
430 633 598 691 contusione
614 639 716 689 terram
731 631 937 701 despectantes,

114 727 222 797 Facito,
241 725 390 797 inquiunt,
412 725 487 794 ryued
500 723 555 793 ais,
569 728 678 778 mnium
695 719 831 776 velocius.
848 718 939 773 dccc-

114 816 186 873 dens
198 814 296 886 ltaque
307 814 472 884 complexus
488 818 531 868 est
548 810 774 867 sacratissimum
793 805 940 879 evangeli·-

115 910 166 961 stae
186 903 393 974 caemeterium,
415 907 443 958 et
465 901 552 957 veluti
574 901 604 955 in
625 912 710 955 carne
728 896 834 953 viventi
855 901 940 964 atque

114 990 245 1048 audienti
260 990 391 1062 loquens,
409 990 463 1046 boe
478 989 560 1044 modo
582 987 771 1057 precabatur:
788 985 870 1038 Pater
885 982 941 1037 bo-

115 1079 288 1149 nestlsslme,
309 1084 340 1135 tu
361 1078 533 1151 evangelista
558 1076 700 1149 unigeniti
721 1072 887 1140 salvatoris,
908 1079 939 1128 tu

115 1169 197 1226 testis
212 1169 376 1239 passionum
391 1168 485 1234 illius,
501 1173 526 1222 te
543 1166 668 1237 primurn
684 1164 844 1235 pontificem
856 1167 883 1216 ct
896 1160 941 1214 ilr-

114 1261 288 1313 mamcntum
297 1257 438 1312 cathedrae
448 1257 510 1326 eJus
521 1255 658 1310 liberator
670 1252 797 1309 omnium
807 1249 940 1306 Christus

113 1345 210 1419 elegit,
227 1344 282 1401 tibi
301 1346 366 1402 ildei
386 1344 560 1415 preconium
576 1358 625 1414 per
640 1348 727 1399 totam
747 1341 896 1411 digypturn
912 1342 940 1391 et

113 1434 223 1492 circum
233 1430 937 1504 terminosey'usiusonarecommisit.Tu,inquam,

115 1522 309 1581 ministerium
333 1524 463 1580 humanae
484 1522 598 1590 salutis,
624 1522 698 1593 quod
720 1520 773 1575 libi
796 1518 937 1574 creditum

995 359 1079 415 solati
1119 358 1290 427 relinquere.
1311 358 1381 413 Ecce
1401 356 1518 428 quidam
1537 370 1623 414 senex
1642 362 1672 414 et
1692 359 1823 430 quaedam

993 448 1075 518 virgo
1090 447 1184 502 vetula
1197 448 1345 502 venientes
1358 460 1391 501 ex
1407 445 1523 516 oppidis
1540 445 1736 516 properabant
1746 447 1824 505 iuci-

994 535 1122 605 ritatem,
1139 549 1260 607 quorum
1278 548 1353 591 unus
1368 540 1493 605 quatuor
1506 535 1665 591 venalicias
1678 534 1825 593 deferebat

994 624 1091 694 pelles,
1105 625 1193 680 altera
1206 638 1319 695 quoque
1332 624 1460 697 geminas
1475 624 1621 681 sindones.
1638 624 1767 682 Cernens
1776 640 1823 683 eos

994 714 1095 770 beatus
1108 716 1238 770 antistes.
1254 714 1387 785 cognovit
1402 727 1468 784 erga
1483 713 1651 770 sedivinam
1667 714 1823 785 dispeusa-

995 802 1823 873 tionem.lllicopercontatusestdicens:Christianiestisi

995 892 1045 962 qui
1059 892 1196 948 dixerunt
1210 893 1311 947 Etiam.
1329 891 1423 961 Etait,
1436 904 1492 962 ryuo
1505 890 1693 961 pergitistsst
1706 890 1753 947 illi
1763 911 1770 947 :
1781 891 1820 948 Ad

996 981 1150 1051 nundinas,
1171 981 1319 1053 inquiunt,
1336 981 1418 1036 urbis
1431 986 1462 1036 ut
1476 979 1674 1036 venundemus
1687 980 1748 1036 baec
1761 996 1822 1052 qua

995 1066 1160 1125 deicrirnus.
1176 1068 1424 1126 elementissimus
1442 1074 1537 1124 autem
1554 1069 1638 1124 Pater
1648 1067 1819 1139 subjunxit:

995 1156 1093 1213 lilioli
1111 1158 1164 1214 mei
1181 1157 1288 1224 lideles,
1304 1160 1380 1213 Deus
1392 1171 1441 1212 vos
1460 1156 1626 1226 destinavit,
1646 1166 1822 1226 perseverate

996 1260 1115 1304 raecum.
1136 1247 1191 1317 Qui
1214 1248 1346 1317 protinus
1365 1261 1430 1302 eum
1447 1252 1644 1317 agnoscentes,
1663 1246 1819 1303 dixerunt:

994 1335 1030 1391 Ut
1043 1336 1171 1404 jussisti,
1188 1336 1314 1391 domiue.
1335 1336 1370 1390 Et
1384 1348 1537 1391 correersus
1556 1335 1590 1389 ad
1609 1333 1756 1401 tribunos,
1772 1336 1821 1392 Eia

994 1425 1080 1496 agile,
1097 1424 1203 1497 inquit,
1221 1426 1296 1496 qued
1317 1425 1411 1480 acturi
1428 1424 1508 1494 estis,
1525 1423 1703 1494 complentes
1715 1424 1820 1496 regiam

992 1513 1163 1587 jussionem,
1177 1515 1313 1586 quereiam
1323 1515 1387 1569 dics
1396 1515 1454 1583 jam
1472 1513 1639 1569 illucescere
1651 1513 1751 1583 eoepit.
1765 1514 1819 1584 ipsi

109 1609 215 1683 iuerat,
233 1612 389 1685 vigilanter
409 1612 529 1683 explesti
541 1631 549 1681 3
563 1612 650 1681 liujus
670 1609 807 1665 nimirum
830 1605 937 1663 laboris
953 1608 1085 1668 Baetem
1104 1603 1140 1660 ob
1160 1602 1267 1659 notaria
1291 1602 1434 1673 principis
1453 1602 1566 1657 decreta
1587 1603 1672 1673 quasi
1692 1602 1751 1657 vim
1769 1615 1821 1672 pa-

111 1701 267 1759 mel-cedem
279 1701 408 1773 martyrii
418 1701 540 1772 palmam
549 1701 695 1772 percipere
706 1697 847 1755 meruisti.
858 1696 936 1752 Unde

111 1803 169 1847 nou
184 1791 329 1847 immerito
343 1791 450 1862 dignus
464 1805 495 1846 es
505 1790 677 1862 evangelista
693 1787 780 1845 simul
792 1792 819 1841 et
829 1787 937 1857 episco

112 1892 167 1949 pus
179 1879 340 1950 predicari.
352 1879 406 1934 Tui
418 1893 517 1949 nempe
528 1891 675 1934 successor
690 1875 894 1942 iuitltnianus,
908 1878 938 1930 et

111 1967 219 2040 reliqui
227 1978 296 2039 ¹per
304 1968 470 2025 succiduam
481 1968 585 2024 seriem
597 1965 729 2037 usquead
738 1964 936 2021 beatissimum

111 2056 253 2113 Thoonem
264 2057 314 2128 qui
332 2071 398 2113 meae
416 2055 545 2113 infantiae
560 2055 696 2125 celaplros
710 2055 787 2125 dare,
804 2060 832 2109 et
848 2065 935 2108 meam

113 2144 239 2203 indolem
250 2145 363 2201 nutrire
372 2145 510 2218 dignatus
522 2149 573 2201 est.
582 2145 636 2201 Cui
647 2144 733 2199 etiam
742 2156 793 2214 ege
807 2147 937 2212 peccator

112 2237 142 2288 et
151 2232 290 2305 indignus
302 2233 378 2290 ultra
390 2234 521 2289 meritum
534 2232 716 2289 haereditario
727 2231 817 2303 gradu
828 2243 938 2287 succes·

113 2333 162 2377 sor
174 2320 292 2378 ciectus
306 2336 379 2379 sum.
395 2324 429 2377 Et
441 2323 515 2393 quod
533 2321 715 2392 potissimum
730 2324 782 2389 est,
799 2332 863 2374 ecce
877 2320 937 2373 be-

114 2409 228 2467 mluicae
236 2410 353 2481 pietatis
363 2410 480 2483 largitio
490 2423 534 2466 mc
545 2410 675 2480 pretiosae
683 2408 778 2464 crucis
788 2421 820 2462 ac
830 2404 937 2462 festivae

112 2497 257 2554 anastasis
275 2505 425 2568 martyrem
443 2498 504 2554 lieri
522 2497 704 2565 condonavit,
724 2496 855 2551 tribuens
871 2509 937 2550 meae

113 2584 258 2642 devotioni
269 2599 329 2641 suae
341 2585 486 2656 passionis
496 2586 656 2655 jucundum
670 2585 797 2655 odorem,
809 2589 841 2640 ut
850 2589 937 2654 elego

114 2672 238 2731 hostiam
260 2674 312 2729 mei
333 2674 448 2730 cruoris
465 2674 558 2730 libare
577 2674 622 2729 illi
642 2673 749 2745 dignus
766 2671 881 2728 eiiiciar.
903 2673 938 2727 Et

113 2761 356 2834 qutelstiusnodi
366 2763 517 2820 libationis
526 2769 607 2835 urget
615 2762 766 2832 articulus,
776 2776 824 2818 ora
835 2777 885 2832 pro
895 2776 937 2816 me

113 2854 156 2919 ut,
166 2832 267 2909 diiiua
280 2852 441 2922 opitulante
460 2853 577 2920 virtute,
592 2852 718 2908 stadium
734 2852 821 2921 buius
836 2851 937 2923 agonis

992 1693 1105 1762 tientes,
1121 1693 1251 1748 tulerunt
1267 1706 1331 1747 eum
1346 1706 1362 1747 e
1376 1691 1491 1764 regione
1506 1691 1666 1748 sanctuarii
1679 1691 1821 1763 evangeli·

992 1789 1042 1837 stac
1054 1781 1083 1836 in
1095 1781 1196 1837 vallem
1209 1783 1291 1851 iuxta
1307 1781 1447 1851 sepulcra.
1462 1783 1497 1836 Et
1509 1787 1635 1851 sanctus,
1649 1780 1819 1851 Expanditc,

993 1870 1099 1942 inquit,
1116 1884 1239 1939 eseues,
1256 1870 1329 1941 pelle
1347 1884 1419 1941 quas
1433 1868 1598 1941 advectatis,
1617 1869 1766 1941 simulque
1779 1877 1819 1939 tu,

991 1958 1096 2027 vetula,
1119 1958 1265 2015 sindones.
1291 1957 1402 2029 Quibus
1425 1958 1570 2029 expansis,
1597 1958 1846 2015 robustissimus.

993 2052 1099 2117 martyr
1113 2047 1235 2117 desuper
1249 2046 1414 2116 ascendens,
1432 2047 1540 2117 palmas
1554 2052 1693 2118 utrasque
1703 2061 1835 2103 sursum.

992 2137 1131 2203 extendit,
1149 2150 1181 2192 ac
1202 2137 1322 2207 proinde
1342 2137 1465 2208 poplites
1485 2137 1565 2192 numi
1584 2136 1669 2206 titus,
1691 2136 1839 2192 animum

993 2239 1107 2297 quoque
1122 2226 1194 2282 coelo
1210 2226 1347 2297 intentus,
1367 2226 1525 2297 gratiarum
1539 2225 1670 2282 actiones
1685 2225 1845 2296 omnipo-

993 2316 1064 2369 tenti
1090 2315 1270 2387 agonothctae
1296 2314 1442 2384 persolvit,
1464 2314 1654 2384 muniensque
1673 2327 1705 2371 se
1725 2314 1843 2371 crucis

992 2403 1142 2474 signaculo
1155 2404 1242 2474 dixit,
1260 2404 1357 2459 ιιιιιιιι.
1374 2403 1445 2458 Dein
1468 2403 1670 2473 omophorium
1690 2401 1840 2459 relaxans

992 2491 1107 2561 aeolio,
1131 2492 1270 2548 cervicem
1296 2491 1440 2547 tetendit:
1459 2491 1540 2560 Quod
1560 2491 1652 2562 vobis,
1673 2490 1831 2563 inquiens,

989 2580 1103 2649 iussum
1118 2584 1171 2651 est,
1192 2580 1335 2636 maturius
1353 2579 1521 2636 deliberate.

1027 2668 1223 2741 Obrigucrunt
1236 2670 1343 2725 interea
1356 2669 1538 2726 tribunorum
1554 2682 1667 2740 manus,
1679 2673 1769 2741 atque
1780 2670 1827 2726 in-
1925 2718 1933 2735 ,

992 2757 1081 2814 vicem
1099 2773 1129 2814 se
1148 2765 1327 2829 aspectantes
1346 2759 1380 2816 ad
1402 2758 1455 2815 boc
1473 2757 1586 2815 lacinus
1604 2759 1824 2829 provocabant3
1919 2750 1934 2815 ι’

992 2847 1041 2903 sed
1063 2862 1161 2904 omnies
1184 2847 1338 2905 formidine
1362 2849 1437 2919 capti
1460 2847 1621 2919 stupebant.
1641 2848 1769 2905 Tandem
1786 2863 1821 2904 ex
1909 2820 1927 2935 l

111 2937 366 2995 couderobustoac
376 2940 431 2996 lide
444 2940 657 3010 promptissima
670 2940 804 3009 perlicere
817 2951 934 2994 merear.
952 2940 976 3002 c
992 2948 1133 2993 consensu
1154 2937 1263 3007 placuit
1278 2924 1357 2993 utde
1370 2937 1516 2993 communi
1533 2950 1587 2993 ere
1604 2936 1818 2994 interiectionis

112 3023 284 3084 Commendo
294 3028 381 3083 ctiam
393 3033 449 3084 tuae
460 3029 590 3100 gloriose
605 3028 770 3098 paternitati
783 3026 938 3083 Christico

110 3111 169 3169 iam
181 3128 303 3187 gregem,
318 3116 368 3186 qui
380 3116 450 3172 miili
465 3116 601 3188 plastorali
616 3116 755 3189 regimine
765 3115 937 3171 commissus

111 3203 251 3273 est3tibi,
268 3204 395 3276 inquam,
416 3220 481 3263 eum
499 3207 670 3276 suppliciter
687 3206 863 3274 commendo,
885 3206 935 3275 qui

112 3292 240 3348 omniurn
267 3293 486 3364 precedentium
513 3308 544 3349 ac
570 3294 806 3365 subsequentium
832 3294 860 3349 in
885 3294 937 3349 boc

112 3381 270 3452 peutillcali
287 3382 389 3438 tbrono
404 3388 505 3440 auctor
519 3390 605 3453 atque
623 3388 702 3439 tutor
716 3380 777 3438 osse
794 3381 934 3452 probaris,

112 3468 222 3540 quique
241 3469 329 3539 hujus
344 3471 501 3540 primatum
522 3470 636 3538 ilabells,
657 3483 712 3525 non
734 3469 871 3526 bominis.
887 3469 934 3524 sed

111 3555 163 3613 bet
181 3563 209 3613 et
229 3557 356 3613 bominis
378 3559 444 3613 lesu
463 3557 582 3625 Christi,
604 3571 752 3613 successor
769 3557 881 3612 existis.
902 3559 937 3613 Et

112 3643 172 3699 baec
187 3643 297 3716 diceus,
315 3645 390 3700 lraud
407 3645 490 3717 longe
504 3659 520 3700 a
535 3658 616 3701 sacro
632 3646 744 3701 tumulo
765 3645 881 3700 remotis
893 3659 937 3701 ve-

111 3732 210 3805 stigiis
230 3733 419 3803 manibusque
435 3735 464 3789 in
480 3733 584 3789 coeium
597 3734 733 3803 extensis,
755 3748 821 3789 vorle
835 3747 934 3805 magna

113 3826 261 3891 precatus:
275 3821 436 3891 Unigenite.
458 3822 565 3892 inquit,
583 3822 703 3878 l'crbum
723 3823 822 3878 aeterni
843 3823 935 3878 Patris

110 3908 176 3964 Jesu
185 3908 308 3979 cbristo,
317 3910 420 3965 exaudi
432 3915 562 3966 metuam
574 3911 802 3982 interpellantem
816 3913 935 3968 clcmeu·

111 3997 180 4054 tiam
198 4014 205 4066 3
222 3998 349 4066 paciilca,
373 4013 480 4070 quaeso,
500 4006 694 4071 tempestatem
712 4002 846 4058 Ecclesiae
867 4008 933 4072 tuae,

110 4083 250 4142 eiiusione
260 4087 413 4159 sanguinis
424 4087 484 4145 mel
499 4089 573 4145 servi
588 4090 630 4146 tui
644 4090 783 4146 conclude
798 4104 936 4159 persecu-

111 4173 217 4230 tionem
234 4177 333 4246 populi
350 4177 403 4232 tui.
419 4178 497 4234 Tunc
513 4179 641 4249 quaedam
661 4179 742 4250 virgo
756 4180 813 4234 Deo
827 4180 933 4250 dicata,

993 3024 1142 3095 yvraernium
1161 3033 1362 3097 apponeretur,
1379 3032 1407 3082 et
1419 3026 1443 3082 si
1457 3026 1525 3097 quis
1538 3026 1707 3082 istiusmodi
1723 3026 1815 3084 scelus

1902 2938 1922 3113 ἶ

993 3119 1154 3185 perpetrare
1174 3128 1263 3171 ausus
1282 3121 1365 3186 esset,
1392 3114 1453 3185 ipse
1475 3115 1628 3171 bomicidii
1651 3114 1814 3172 lucraretur
1902 3130 1930 3181 i.

993 3207 1143 3272 quaestum.
1160 3203 1238 3258 llaud
1255 3217 1331 3258 mora
1342 3221 1349 3272 3
1360 3203 1672 3274 unusquisqueeorum
1688 3204 1813 3275 quinque

993 3290 1114 3360 protulit
1130 3290 1247 3347 solidus.
1266 3293 1379 3361 l'erum,
1397 3297 1428 3347 ut
1438 3291 1557 3363 gentilis
1572 3292 1615 3347 ait
1629 3298 1714 3362 poeta
1726 3311 1733 3347 ι
1743 3292 1811 3361 Quid

992 3392 1048 3434 non
1062 3379 1194 3434 morealia
1211 3386 1322 3449 pectora
1334 3381 1424 3452 cogis,
1441 3380 1505 3435 auri
1522 3394 1603 3436 saera
1618 3378 1729 3436 tamesi
1743 3394 1812 3437 unus

991 3467 1081 3524 exeis
1095 3466 1154 3522 ritu
1171 3469 1328 3537 proditoris
1341 3470 1431 3541 iudae,
1450 3470 1577 3539 pecuniae
1596 3469 1760 3539 cupiditate
1771 3482 1813 3524 au-

990 3556 1046 3611 dax
1060 3555 1186 3625 electus,
1202 3563 1299 3613 exerto
1313 3558 1409 3630 gladio
1423 3558 1531 3614 eluisti
1545 3558 1709 3628 pontificem
1726 3559 1812 3629 ceyvite

991 3643 1172 3700 obtruncavit
1188 3645 1242 3701 sub
1253 3646 1301 3701 die
1312 3647 1474 3702 scilicetvu
1488 3646 1680 3702 Kalendarum
1699 3649 1813 3703 Decem-

990 3731 1086 3788 brium
1103 3731 1139 3803 b,
1159 3748 1224 3789 curn
1250 3733 1366 3791 haberet
1392 3737 1422 3790 in
1452 3735 1623 3805 pontideatu
1646 3749 1740 3792 annes
1764 3750 1810 3803 ιιι,

990 3836 1111 3892 quorum
1129 3831 1187 3879 tres
1203 3831 1268 3880 autc
1284 3824 1520 3897 persecutionem,
1541 3824 1671 3895 reliquos
1686 3839 1753 3881 vero
1764 3839 1813 3881 no·

990 3924 1050 3965 vem
1076 3911 1105 3966 iu
1126 3912 1249 3967 diversis
1273 3913 1503 3983 persecutionum
1528 3912 1683 3985 generibus
1711 3914 1810 3985 exegit

990 4000 1099 4056 Exinde
1110 4001 1222 4056 sublato
1230 4000 1266 4056 ab
1279 4002 1453 4071 spiculatore
1467 4001 1620 4073 sanguinis
1632 4001 1739 4072 pretio,
1749 4001 1812 4057 mali

990 4094 1131 4158 emptores
1155 4090 1196 4144 vel
1221 4090 1319 4159 potius
1337 4090 1451 4144 cruenti
1474 4090 1626 4145 bomicidae
1647 4090 1708 4146 cite
1728 4089 1814 4146 eitius

991 4183 1178 4246 recesserunt,
1196 4177 1359 4233 metuebant
1372 4178 1450 4233 enirn
1468 4179 1567 4248 populi
1586 4178 1812 4246 multitudinem,

110 4277 174 4334 quae
184 4264 383 4323 asceteriolum
397 4266 484 4336 hujus
498 4267 680 4337 evangelistae
695 4269 859 4324 ‹roemeterio
870 4283 933 4325 con·
948 4269 976 4330 D
992 4266 1137 4337 quoniam,
1151 4268 1192 4322 uti
1205 4267 1352 4336 prolatum
1363 4273 1416 4336 cst,
1428 4267 1535 4337 absque
1547 4267 1668 4323 militari
1681 4267 1814 4337 presidio

111 4353 265 4411 terminum
285 4354 414 4426 babebat,
436 4363 605 4425 pernoctans
627 4356 656 4410 in
676 4357 803 4413 oratione
821 4359 934 4415 audivit

111 4455 205 4497 vocem
225 4443 260 4498 de
276 4443 348 4499 coelo
364 4445 524 4499 dicentem:
538 4447 637 4501 Petrus
653 4445 770 4501 initium
787 4447 935 4516 apostolo-

111 4531 930 4603 rum,PetrusiiuismartyruulepiscoporumAlexandriae.

145 4617 290 4687 completa
304 4619 433 4674 oratione
443 4619 613 4676 deosculans
627 4623 752 4678 tumbam
764 4623 837 4679 beati
854 4637 934 4679 evan·

111 4703 220 4775 gelistte
231 4710 260 4760 et
272 4705 449 4776 reliquorum
465 4709 632 4777 pontillcum
646 4711 695 4780 qui
711 4711 783 4767 inibi
798 4712 934 4768 tumulati

110 4797 201 4863 erant,
227 4793 317 4849 exivit
337 4795 372 4850 ad
395 4796 536 4853 tribunos.
559 4798 660 4854 atilli
683 4800 813 4857 videntes
834 4799 934 4856 taciem

111 4881 174 4950 ejus
188 4887 321 4951 tanquam
337 4882 438 4940 faciem
453 4887 559 4960 aragoli,
578 4893 685 4945 terrore
701 4890 836 4961 perculsi,
853 4904 935 4946 vere-

112 4969 217 5025 bantur
230 4970 256 5024 ei
272 4971 383 5042 aliquid
399 4975 435 5029 de
449 4974 568 5032 instanti
582 4991 671 5049 agone
685 4979 774 5049 loqui.
793 4980 936 5035 l‘erumta-

113 5071 176 5113 men
195 5057 263 5128 quia
281 5060 357 5115 Deus
372 5074 428 5117 nou
442 5063 550 5119 deserit
566 5071 712 5135 sperantes
731 5066 760 5121 in
780 5081 819 5133 so,
842 5068 937 5123 noluit

148 5158 163 5186 ι
177 5147 250 5202 Bene
262 5153 359 5202 rvoster·
368 5162 418 5217 per
429 5150 500 5205 lurnc
512 5153 687 5209 reticentiam
704 5153 775 5208 vitat
787 5157 933 5211 nominum

113 5216 358 5288 perturbationem
373 5234 435 5289 (puae
446 5224 572 5277 occurrit
583 5223 613 5278 ln
628 5223 707 5279 Actis
719 5224 936 5283 Cerebellsiauis

112 5294 141 5344 et
156 5289 186 5343 in
203 5289 264 5344 cod.
287 5290 346 5345 l'at.
364 5289 426 5346 titi,

150 5360 163 5402 b
177 5360 244 5416 Coti.
260 5366 316 5416 vat.
328 5359 391 5432 622,
406 5378 478 5416 rtorau
490 5367 516 5417 et
525 5365 651 5418 ciecsirno
666 5366 709 5421 die
722 5366 812 5436 Athyr
826 5371 935 5424 mensis.

111 5431 181 5488 licta
191 5431 329 5506 combas,
342 5433 468 5513 πέμπτην
479 5433 522 5494 ἐπί
531 5434 675 5496 ιῖκάδατοῦ
685 5437 834 5521 λοεμὸριου
843 5439 935 5518 μηνός.

990 4360 1080 4409 erant.
1098 4356 1207 4425 Corpus
1222 4360 1315 4411 autem
1333 4355 1493 4412 beatissimi
1511 4356 1656 4426 martyris,
1676 4354 1815 4427 quemad-

991 4445 1104 4500 modum
1120 4450 1214 4514 patres
1228 4444 1408 4500 uilirmabant
1423 4446 1472 4516 qui
1489 4446 1560 4501 illuc
1572 4445 1658 4515 primi
1675 4458 1816 4501 corrveuc·

990 4539 1064 4603 rant,
1091 4534 1247 4603 perruansil
1272 4540 1370 4590 astans
1391 4540 1527 4605 tanquam
1548 4534 1676 4591 orationi
1700 4535 1816 4591 inerum-

990 4623 1069 4692 beus,
1091 4625 1181 4679 donec
1201 4624 1320 4694 plurimi
1338 4632 1540 4680 concurrentes
1561 4624 1727 4692 invenirent
1743 4622 1813 4680 illud

989 4715 1086 4770 cedern
1108 4713 1190 4769 modo
1207 4714 1385 4783 consistens,
1397 4713 1535 4769 nirnirurn
1552 4714 1628 4784 quod
1647 4714 1748 4769 vivens
1762 4727 1816 4768 sae-

991 4803 1058 4874 pius
1070 4809 1176 4875 egerat,
1188 4816 1253 4857 caro
1271 4803 1358 4857 etiam
1376 4803 1519 4858 exanimis
1534 4802 1704 4858 testabatur.
1718 4803 1816 4858 Senem

990 4906 1104 4964 quoque
1123 4897 1208 4961 atque
1230 4904 1317 4946 tanum
1343 4891 1422 4946 iliam
1446 4898 1613 4962 repererunt
1632 4891 1816 4947 observantes

990 4995 1054 5037 cum
1063 4980 1141 5035 luctu
1151 4980 1291 5051 etgemitu
1301 4980 1545 5048 pretiosissimum
1557 4979 1690 5036 Ecclesiae
1700 4979 1813 5035 mouile.

991 5070 1184 5125 ltedinanresc
1200 5111 1207 5140 ,
1222 5069 1318 5139 itaque
1334 5069 1509 5139 triurnplrale
1528 5067 1628 5138 sunus,
1642 5079 1815 5138 sacrumque

1026 5159 1187 5212 exeremus
1212 5157 1390 5213 vocabulum.
1413 5159 1504 5227 Supra
1523 5170 1649 5227 quoque,
1670 5156 1727 5211 col.
1754 5154 1815 5223 title,

992 5228 1043 5283 lin.
1068 5226 1112 5297 32),
1139 5229 1198 5299 lege
1228 5229 1415 5282 illu-istieolurn
1437 5235 1468 5284 ut
1493 5236 1535 5283 est
1560 5228 1588 5282 in
1620 5227 1732 5297 codice,
1762 5238 1816 5281 nou

992 5299 1186 5354 tle-astacon..
1211 5301 1279 5354 liam
1297 5306 1325 5354 ct
1348 5300 1429 5369 prior
1448 5298 1613 5354 terminatio
1637 5297 1724 5353 habet
1737 5295 1816 5353 aliud

992 5371 1151 5441 exemplum
1170 5371 1199 5426 in
1216 5386 1240 5426 v.
1260 5371 1296 5427 cl.
1314 5371 1472 5429 Furianetti
1492 5369 1708 5427 additamentis.

1903 3202 1930 3309 l..
