3876 6090
107 242 155 300 aas
431 208 435 219 ’
472 245 743 303 maneamne
761 245 886 301 srnonr
903 243 963 300 νιιι
982 244 1232 302 cananaeis-
1248 245 1350 302 norro
1363 245 1431 300 ιιιι.
1755 236 1806 297 ιιι

106 385 158 443 que
173 384 207 428 se
219 370 361 430 vocabulo
374 373 534 429 nominans.
550 374 679 444 Demque
693 387 757 430 cum
771 372 840 429 olim
855 374 931 430 Deus
950 370 980 432 Α
990 375 1113 430 senioris
1125 374 1219 430 boma
1241 373 1397 429 dixerunt:
1422 373 1474 427 Per
1489 371 1616 427 diversas
1640 369 1760 440 litteras,
1778 373 1806 424 et

107 460 229 532 loquens
240 462 332 533 lloysi
345 461 451 519 salutis
462 466 614 533 exponeret
632 463 739 535 legcset
749 463 931 533 jura‚seisoi·
986 463 1185 520 nobilissimos
1197 468 1224 518 ct
1238 462 1422 519 fidelissimos
1444 461 1530 517 viros.
1546 461 1594 532 qui
1610 459 1689 514 missi
1705 464 1805 515 sunta

106 550 175 607 lauti
188 550 231 620 ei,
252 550 450 622 etdiligenter
476 551 676 623 interroganti,
699 553 774 622 quod
787 555 862 607 esset
884 565 930 607 no
986 560 1083 609 saneto
1098 558 1126 609 et
1137 553 1244 608 Christi
1259 552 1350 608 amico
1376 550 1546 620 imperatore
1561 562 1593 604 ac
1609 547 1737 619 principe
1752 546 1806 602 ba-

106 652 165 696 heu
174 641 252 709 ejus,
261 639 339 697 dicit
348 639 384 696 ad
393 654 458 697 eum
471 658 477 696 ι
492 642 548 708 Epo
561 655 621 694 sum
635 643 749 710 quisunt
760 640 768 698 l
775 640 862 695 Ecod
874 641 930 712 ιιι).
986 641 1054 698 silio
1063 642 1096 697 ad
1109 641 1266 711 spiritalem
1275 646 1381 711 patrem
1390 637 1695 695 suumsanctissimurn
1706 648 1805 705 papam

105 727 427 785 lunouissirnisautem
443 729 621 799 temporibus
637 729 802 785 incarnatus
819 733 933 801 propter
986 731 1155 800 adrianum,
1181 737 1296 801 rogante
1322 743 1370 799 per
1394 727 1544 797 praedictas
1567 725 1703 794 epistolas
1728 736 1804 792 suas,

107 815 284 873 ineffabilem
309 818 537 886 ¹iserieordiam,
549 825 576 873 et
592 817 684 875 lactus
699 818 855 875 secundum
870 831 931 888 nos,
987 825 1128 891 quatenus
1138 818 1262 873 mitteret
1270 817 1550 888 apocrisiariossuos
1557 814 1591 869 ad
1600 814 1805 868 hancsanctani

108 909 221 975 lfflboef
241 917 296 962 ¹¹⁰⁸
312 906 407 977 ΜΟ,
434 905 474 962 iii
489 905 562 963 dicii
573 925 579 959 ἑ
590 907 715 973 &osum
726 907 783 960 uita
794 912 818 961 et
832 908 933 960 ueritus
986 909 1106 966 etabeo
1130 907 1360 975 conservandam,
1379 910 1407 960 et
1419 905 1526 976 regiam
1548 901 1666 970 urbem3
1683 906 1710 956 et
1721 913 1807 956 exor-

107 993 195 1062 lioun.
209 994 290 1067 xxv).
317 993 527 1067 igiturreritas
550 994 718 1050 estcunctis
741 993 810 1050 allis
825 994 934 1064 justior
988 1003 1045 1053 tarn
1071 998 1100 1053 in
1116 996 1235 1053 ecclesia
1258 996 1308 1052 bei
1320 993 1496 1065 temporibus
1521 991 1583 1048 suis
1599 988 1805 1047 seductionem.

109 1082 425 1154 poeuula,etomnibus
437 1081 643 1148 ineluctabilis,
657 1083 752 1140 elsola
761 1097 824 1154 quae
837 1083 934 1138 vincat
987 1092 1016 1143 et
1027 1068 1151 1142 errorem
1161 1084 1371 1141 exterminaret.
1389 1085 1423 1139 lit
1432 1095 1495 1139 ecce
1512 1095 1560 1152 per
1572 1078 1807 1152 gubernationem

109 1170 213 1229 ounia.
238 1169 333 1241 Culus
344 1177 372 1227 et
385 1172 447 1242 ipse
459 1176 568 1228 amator
592 1170 694 1240 iactus,
709 1171 801 1227 amice
823 1170 932 1226 Christi
988 1175 1079 1231 sancti
1093 1175 1156 1243 ejus
1169 1173 1283 1244 imperii
1301 1174 1330 1228 iu
1343 1173 1393 1228 hac
1413 1175 1509 1227 sancta
1525 1169 1632 1241 synodo
1643 1165 1806 1239 congregati

110 1260 233 1330 domiue,
262 1260 497 1331 triumphatoret
519 1260 611 1316 rlotor
630 1266 729 1317 contra
754 1260 933 1317 mendacium
989 1277 1153 1319 sumusuna
1164 1277 1228 1318 cnm
1238 1260 1428 1318 orientalibus
1442 1259 1571 1326 vicariis,
1581 1257 1632 1328 qni
1643 1269 1698 1312 una
1714 1253 1808 1311 nobis

113 1347 251 1405 hodierno
263 1348 314 1405 die
325 1348 498 1420 apparuisti,
512 1353 540 1405 et
553 1348 589 1404 ab
603 1349 664 1420 ipsa
677 1349 797 1405 veritate
818 1349 933 1418 ductus,
990 1367 1054 1408 curn
1068 1352 1204 1408 sentiunt.
1221 1350 1391 1406 hudirimus
1405 1355 1498 1405 autern
1514 1362 1563 1403 ros
1575 1359 1670 1401 errare
1683 1348 1710 1399 et
1722 1342 1810 1399 decli·

112 1442 200 1507 ctope
211 1436 321 1509 iretus,
332 1451 349 1494 a
360 1437 476 1494 Christo
487 1439 545 1494 beo
559 1443 656 1495 nostro
667 1438 868 1495 demonstrasti
889 1451 937 1494 an·
992 1454 1058 1497 nare
1072 1440 1107 1496 ab
1118 1440 1275 1496 orthodoxa
1293 1439 1356 1506 ilde,
1373 1443 1401 1493 et
1414 1437 1489 1494 nolle
1509 1435 1657 1492 nobiseum
1669 1433 1810 1490 honorare

114 1525 263 1584 nibiiatam
278 1526 717 1598 injustitiam,etpraestruxisti,
732 1532 764 1584 ut
775 1527 938 1584 diviuaelo·
990 1535 1018 1585 et
1030 1529 1121 1585 colere
1135 1528 1274 1600 pretiosas
1287 1528 1384 1583 iconas
1405 1525 1519 1582 Domini
1534 1523 1624 1580 nostri
1639 1525 1704 1578 iesu
1722 1518 1811 1576 Chri-

114 1615 174 1686 quia
184 1614 465 1686 prophetammrera
475 1614 937 1687 nauitestiusetliquidiusosten-
992 1619 1040 1688 sti,
1052 1624 1081 1674 et
1101 1617 1289 1674 sanctissimae
1303 1616 1402 1672 matris
1425 1617 1498 1686 ejus,
1511 1620 1539 1669 et
1553 1612 1681 1670 omnium
1694 1613 1812 1666 sancto-

115 1703 248 1760 dereutur
259 1704 349 1760 etiam
361 1703 582 1761 nuncomnibus
595 1704 817 1777 bominibus,de
830 1705 937 1776 quibus
953 1693 979 1753 Β
993 1722 1055 1765 rum
1068 1709 1141 1777 ejus,
1154 1712 1181 1762 et
1196 1711 1309 1777 propter
1324 1706 1396 1761 hanc
1415 1717 1528 1761 causam
1544 1702 1729 1758 admonemus
1750 1710 1809 1766 ros,

116 1791 249 1864 scripura
277 1790 357 1849 latur
369 1809 377 1846 τ
391 1792 423 1848 Si
429 1793 628 1863 justificabitur
640 1795 670 1847 in
689 1798 791 1848 statera
804 1795 936 1863 injustus,
992 1797 1059 1868 quia
1084 1810 1159 1853 nunc
1171 1809 1234 1851 eece
1248 1795 1357 1865 adlucet
1371 1794 1453 1850 robis
1474 1798 1573 1864 portus
1590 1789 1703 1860 salutis,
1729 1786 1812 1843 robis

118 1882 180 1936 din
201 1883 349 1951 maretmio
359 1881 469 1952 pondus
479 1881 537 1936 doli
548 1879 641 1952 (Prcv.
660 1881 704 1954 n).
718 1883 755 1938 Ex
769 1882 938 1953 quibusdi-
992 1890 1157 1956 apertus,ct
1171 1884 1295 1954 suscipit
1308 1898 1357 1940 ros
1371 1887 1468 1939 sancta
1481 1881 1604 1937 Ecclesia
1618 1875 1812 1935 inulnissuis

117 1968 196 2026 ritlas
219 1981 292 2026 suas
306 1962 455 2040 impietate
475 1969 673 2040 repleverunt:
689 1976 717 2027 et
733 1971 782 2042 qui
807 1970 937 2028 habitant
994 1989 1043 2046 per
1058 1974 1130 2029 hano
1145 1979 1280 2042 sanctam,
1294 1971 1499 2043 honorabilem,
1513 1976 1541 2026 ct
1556 1966 1744 2027 universalem
1770 1979 1814 2035 sy·

118 2070 168 2114 mm
178 2056 378 2130 loquebantur
385 2057 456 2115 l'alsa
467 2063 495 2114 et
507 2059 607 2131 lingua
615 2073 713 2117 eorum
722 2059 844 2116 exaltata
852 2063 896 2116 est
908 2060 939 2116 iu
995 2065 1111 2133 nodum,
1127 2077 1176 2133 per
1193 2061 1416 2118 satisfactionem
1430 2066 1459 2116 et
1471 2059 1657 2129 scriptionem
1672 2054 1774 2125 libelli,
1784 2057 1813 2108 et

119 2146 315 2218 oreipsorum,
326 2147 686 2218 quemadmodumelalius
697 2148 940 2220 prophetalibus
995 2152 1186 2222 suscipiemus
1198 2165 1248 2206 ros
1261 2151 1290 2206 in
1314 2149 1542 2205 communionem
1554 2145 1702 2202 catholicae
1722 2141 1813 2198 Eccle

121 2235 261 2306 ridelioet,
273 2236 440 2293 evidentius
451 2236 571 2293 clamat:
586 2236 684 2293 illiceat
695 2237 801 2301 Achab,
816 2240 845 2293 in
855 2255 940 2294 mono
994 2242 1054 2297 siae.
1068 2240 1147 2311 Quod
1161 2242 1186 2297 si
1201 2239 1354 2297 nolueritis
1375 2237 1511 2295 exaudire
1531 2249 1592 2302 nos,
1606 2238 1634 2289 et
1648 2237 1774 2288 sanciam
1785 2234 1813 2286 et

121 2324 172 2392 dira
194 2329 304 2380 statem
316 2325 469 2393 boustitie,
484 2328 538 2381 vim
556 2327 659 2394 inferre
678 2328 783 2383 ditescit.
808 2329 843 2383 Et
868 2329 940 2383 dicit
996 2330 1183 2386 universalem
1199 2329 1337 2400 synodum
1355 2328 1435 2396 hanc,
1461 2324 1603 2382 babebitis
1618 2329 1674 2378 tarn
1690 2319 1811 2389 anobis,

121 2413 265 2483 sparsim:
278 2413 469 2468 Verumtamen
479 2415 659 2480 ditatuesunr,
667 2418 940 2484 invenireniperium
994 2433 1078 2490 quam
1092 2433 1107 2474 a
1121 2425 1179 2475 tota
1199 2424 1295 2474 sancta
1315 2417 1365 2472 bei
1387 2414 1522 2484 Ecclesia,
1537 2418 1565 2469 et
1590 2412 1641 2468 hac
1656 2406 1812 2467 universali

121 2500 309 2572 mbmetipei:
323 2502 526 2559 orunesdotorea
538 2520 592 2559 nen
607 2507 780 2560 invenientur
794 2507 941 2576 eapropter
995 2508 1112 2578 synodo,
1122 2507 1291 2564 sententiam
1307 2505 1506 2562 anathematis.
1517 2500 1698 2560 Sanctissimi
1711 2496 1813 2553 vicarii

122 2589 554 2664 bimbticspuospeccouitlose.
563 2606 603 2649 ιιι
613 2594 630 2666 l.
646 2593 869 2650 btiterumldem
880 2608 941 2664 pro
995 2597 1178 2654 orientalium
1204 2596 1315 2652 sodium
1334 2596 1490 2651 dixerunt:
1512 2594 1546 2648 bt
1559 2605 1610 2647 nos
1632 2589 1668 2644 de
1683 2585 1773 2643 sacris
1787 2589 1816 2640 et

123 2677 211 2749 pheta,
225 2677 359 2750 bguraus
374 2693 466 2737 mores
485 2681 634 2738 hominum
647 2681 697 2753 qui
718 2696 788 2739 rana
800 2689 829 2740 et
842 2683 940 2740 inania
995 2686 1220 2743 sanctischristi
1231 2685 1312 2755 locis,
1323 2698 1385 2756 quae
1398 2681 1569 2757 glorifieavit
1581 2677 1720 2736 Dominus
1733 2686 1816 2745 appa·

122 2766 279 2839 loquuntur
290 2772 322 2824 et
332 2767 474 2841 scribunt,
489 2771 528 2827 ila
539 2771 628 2829 dicit:
644 2771 777 2842 domrptc
789 2775 942 2828 seminece-
996 2775 1102 2831 ritione
1112 2774 1211 2847 gloriae
1226 2788 1295 2841 sua,
1311 2771 1474 2829 transmissi
1491 2783 1591 2826 sumus
1601 2766 1636 2823 ab
1649 2779 1681 2821 eo
1694 2765 1728 2820 ad
1743 2775 1817 2819 com·

121 2861 191 2920 mut,
206 2861 234 2912 ei
245 2857 351 2911 mersio
363 2872 455 2913 eorum
476 2861 635 2931 excipiteus
649 2861 808 2930 manipulus
820 2875 875 2915 oon
887 2861 942 2915 ho-
996 2876 1108 2919 munem
1131 2863 1262 2933 salutem,
1279 2867 1335 2916 tarn
1351 2865 1482 2930 vestram,
1497 2871 1581 2929 quarn
1595 2854 1733 2912 omnium.
1757 2850 1817 2906 Ro-

121 2943 180 3000 beno
204 2944 402 3012 tortitudinem
426 2947 465 3001 od
474 2948 631 3016 faciendum
642 2952 785 3018 sumnam:
801 2952 826 3004 si
843 2965 905 3004 oero
916 2956 942 3004 et
996 2965 1095 3023 gamus
1106 2964 1184 3023 ergo,
1197 2955 1229 3006 ut
1239 2949 1390 3018 obediatis,
1399 2953 1483 3004 etros
1495 2946 1572 3016 ipsos
1583 2957 1599 2999 a
1612 2945 1709 2998 sancta
1722 2937 1817 2993 eatho

121 3034 220 3101 lecerit
230 3033 321 3088 aliem
332 3035 469 3090 mordent
486 3052 544 3091 eum
556 3035 637 3108 (Osee
663 3038 723 3113 ιιι);
747 3037 940 3109 adimplevisti
956 3041 981 3105 C
996 3039 1052 3095 lica
1064 3038 1187 3095 Ecclesia
1199 3038 1316 3093 minime
1328 3035 1504 3107 projiciatis3
1524 3046 1614 3104 neque
1624 3029 1764 3087 vobismet
1775 3025 1817 3081 in-

121 3126 210 3179 autem
237 3120 336 3192 bodie,
361 3123 491 3196 bomine,
505 3138 662 3184 sermonem
686 3126 762 3183 beati
787 3126 940 3196 prophetae,
996 3128 1132 3185 deiciens
1149 3127 1351 3183 detrimentum
1372 3126 1401 3181 in
1422 3128 1565 3196 posterum
1585 3118 1725 3177 inieratis.
1749 3116 1818 3170 Ecce

122 3211 168 3281 gul
207 3213 313 3271 dicit:
348 3216 476 3284 Reliquiae
511 3216 656 3285 impiorum
690 3216 943 3270 exterminabuntur
999 3228 1075 3272 nunc
1090 3229 1301 3271 commonemus
1315 3230 1365 3272 ros
1379 3214 1407 3269 in
1421 3214 1493 3269 hanc
1509 3212 1618 3279 horam,
1631 3221 1665 3263 ne
1680 3205 1752 3261 lorte
1763 3201 1818 3259 ob-

122 3301 195 3357 Psoi.
212 3302 548 3380 xxxvxleprouuibuste
564 3304 727 3374 piissimum
745 3304 943 3375 imperatorem
1000 3303 1220 3361 struaturvobis
1234 3304 1351 3373 ostium,
1363 3304 1391 3357 et
1405 3303 1467 3357 sine
1487 3297 1661 3370 paenitentiae
1680 3295 1819 3350 lucrovos

124 3390 356 3465 interemptorem
381 3393 544 3464 injustitie,
560 3394 765 3450 eradicatorem
790 3393 942 3464 mendacii,
1000 3393 1207 3464 poeniteamini,
1225 3393 1334 3448 bahane
1351 3392 1446 3460 itaque
1467 3384 1750 3461 magnificentissimo
1766 3394 1820 3452 pa-

124 3479 311 3549 plautatorern
328 3483 455 3555 pietatis,
470 3484 663 3540 innovatorem
676 3483 819 3553 renium
833 3484 946 3554 dogma·
1000 3483 1086 3538 tricio
1097 3488 1125 3537 et
1138 3481 1298 3552 praeposito,
1314 3485 1342 3535 et
1358 3481 1446 3535 Leone
1460 3472 1743 3547 magnificentissimo
1760 3481 1820 3539 pro

126 3575 193 3642 tum,
206 3572 340 3629 omnium
354 3573 510 3644 imperator
521 3577 550 3628 et
561 3573 741 3629 omnitenens
752 3574 827 3628 Deus
847 3579 944 3627 noster
1000 3570 1118 3627 consule
1141 3584 1173 3626 ac
1198 3568 1329 3640 patricio,
1355 3581 1403 3639 per
1424 3566 1583 3636 jussionem
1608 3559 1707 3616 basilii
1733 3555 1818 3612 amici

125 3659 246 3732 roboret,
258 3661 450 3719 etseeuudum
461 3661 807 3733 spiritura,etsecundum
820 3674 944 3730 caruem,
999 3660 1107 3717 Christi
1137 3659 1327 3730 imperatoris,
1358 3656 1455 3712 missis
1469 3656 1503 3711 ad
1533 3652 1699 3723 praedictum
1726 3647 1819 3702 virum

125 3753 151 3803 et
169 3749 323 3806 muhruet
335 3750 488 3820 imperium
503 3756 595 3820 tuum,
609 3749 797 3807 eteonlirmet
809 3754 837 3805 te
862 3764 947 3820 pros-
1000 3750 1189 3818 Theodorum,
1207 3748 1255 3820 qui
1284 3747 1445 3817 appellatur
1467 3742 1641 3799 crithinus·
1656 3740 1735 3795 lecte
1754 3738 1822 3793 sunt

128 3851 189 3906 pere
216 3852 342 3910 semper,
354 3843 383 3895 et
406 3838 583 3895 inomnibus
606 3852 656 3910 per
670 3844 784 3895 sanctas
803 3838 948 3896 orationes
1002 3853 1084 3895 voces
1107 3837 1354 3895 sanctissimorum
1379 3834 1552 3891 vicariorum
1569 3828 1692 3886 senioris
1715 3825 1820 3895 bomae,

127 3927 282 3999 coangelici
309 3933 338 3984 et
362 3926 392 3983 iu
415 3927 487 3984 coelo
512 3927 598 3984 etiam
622 3927 817 3984 conversantis
846 3927 946 3999 patris,
1002 3934 1031 3985 et
1045 3927 1229 3985 orientalium
1245 3925 1367 3981 sedium.
1384 3923 1420 3978 ht
1443 3937 1508 3979 rero
1523 3919 1656 3976 crithino
1672 3916 1746 3973 nihil
1772 3929 1821 3971 re-

128 4015 228 4087 lguatii
242 4015 378 4072 videlicet
390 4015 567 4073 sanctissimi
592 4016 772 4085 patriarchae,
789 4019 817 4071 ct
828 4021 949 4071 eaetero-
1003 4003 1824 4089 spondentc,dediteibahanesmagirilicentissimuspatri·

130 4117 188 4159 rum
200 4104 453 4161 sanctissimorum
476 4103 648 4161 vicariorum
662 4103 786 4160 senioris
797 4104 900 4175 borna,
916 4116 949 4159 ac
1003 4108 1067 4163 cius
1090 4111 1118 4161 et
1142 4103 1313 4175 praepositus
1335 4102 1487 4160 numisma.
1513 4098 1704 4155 characterem
1730 4093 1824 4148 lerens

130 4189 320 4249 Orientalium
333 4192 456 4261 sedium,
468 4195 497 4249 et
516 4191 654 4261 subjiciat
666 4192 721 4248 tibi
735 4205 832 4248 omnes
844 4191 950 4247 barba-
1004 4194 1104 4251 basilii
1119 4192 1226 4248 Christi
1242 4192 1328 4247 amici
1343 4197 1371 4246 et
1383 4188 1476 4261 magni
1493 4184 1686 4256 imperatoris,
1702 4187 1730 4239 et
1748 4181 1825 4237 dixit

134 4292 176 4336 ras
186 4280 331 4348 nationes,
342 4286 371 4336 et
384 4281 504 4354 dignum
524 4286 552 4336 te
578 4280 664 4337 iaciat
676 4280 785 4337 coelesti
797 4294 882 4352 regno
897 4293 950 4336 suo
1004 4284 1038 4339 ad
1063 4297 1143 4339 curn:
1160 4283 1315 4352 imperator
1337 4284 1432 4336 noster
1451 4280 1567 4333 sanctus
1590 4273 1703 4329 mandat
1727 4269 1761 4326 ad
1786 4273 1823 4340 te,

132 4382 192 4425 curu
202 4368 343 4426 omuibus
356 4370 405 4441 qni
418 4369 465 4441 pie
475 4376 673 4442 regnaverunt,
689 4375 721 4426 ut
730 4369 873 4441 glorifices
885 4382 949 4426 eum
963 4366 991 4428 D
1006 4386 1139 4430 monens:
1156 4370 1287 4440 suscipis
1301 4369 1443 4425 numisma
1464 4363 1638 4421 characteris
1650 4360 1727 4416 mcii
1740 4359 1826 4414 Theo

133 4457 339 4527 indesinenter,
355 4459 423 4529 quia
440 4458 533 4528 ipsum
548 4459 630 4515 decet
643 4458 735 4531 gioria
746 4471 822 4515 nunc
833 4462 861 4514 et
873 4471 951 4515 scm·
1004 4462 1102 4533 dorus,
1119 4460 1168 4531 qui
1182 4464 1364 4528 nuncupatur
1377 4455 1528 4512 crithinus
1540 4453 1636 4508 dixit:
1666 4452 1722 4520 Ego
1745 4447 1827 4502 indi-

135 4559 180 4614 Ρθῐ
193 4551 221 4602 0²
232 4545 263 4602 in
278 4546 384 4603 muli
397 4546 577 4604 mulorum·
591 4548 689 4603 Amen·
1006 4564 1080 4623 gnus
1099 4563 1173 4619 sum,
1189 4548 1236 4604 sed
1257 4546 1386 4615 suscipio
1402 4544 1473 4600 illud
1500 4555 1585 4612 super
1602 4539 1693 4595 millia
1708 4537 1772 4593 auri
1799 4539 1828 4591 et

164 4634 199 4690 iit
211 4638 277 4705 post
286 4634 505 4705 completionem
519 4636 607 4705 hujus
624 4635 854 4703 declamationis,
868 4636 953 4692 basi·
1006 4639 1125 4711 argenti.
1156 4637 1281 4692 bahanes
1310 4631 1612 4707 magnificentissimus
1636 4627 1777 4700 patricius
1799 4629 1829 4681 et

135 4721 795 4796 liuschristiamicusetmagnusimperatorad
807 4725 954 4782 sanctissi·
1009 4728 1179 4800 praepositus
1199 4726 1293 4782 dixit:
1311 4727 1465 4795 imperator
1481 4725 1577 4776 noster
1591 4723 1707 4775 sanctus
1727 4717 1829 4772 admo-

136 4812 323 4869 uosvicarios
331 4812 456 4869 senioris
467 4813 596 4869 bomaeet
605 4813 849 4870 Orientissedium
861 4814 951 4870 dixit:
1008 4832 1078 4873 nens
1088 4816 1201 4871 dicitad
1215 4821 1254 4870 te:
1267 4815 1393 4870 llonoras
1405 4812 1545 4868 numisma
1557 4807 1734 4865 exarationis
1745 4802 1832 4860 mecei

135 4898 366 4972 theodomarum
377 4900 955 4973 dieiturCrithinus,cu.usitauctorlco
1008 4907 1173 4962 Theodorus
1190 4903 1282 4960 dixit:
1300 4901 1461 4958 Secundum
1477 4900 1553 4971 quod
1567 4902 1680 4968 oportet
1695 4893 1831 4951 honorari

137 4990 308 5046 ⁰⁰ffl²⁰¹¹i⁶⁴⁸
320 4991 471 5061 haefesfflis
484 5003 534 5060 bei
542 4991 760 5061 praeceptionem
775 4991 890 5061 pietatis
905 5005 956 5047 re-
1011 4995 1153 5052 numisma
1164 4993 1286 5064 regium,
1300 4991 1416 5046 honoro.
1436 4990 1562 5044 bahanes
1579 4982 1835 5054 magnificentissi-

136 5080 208 5146 ειη,
222 5078 366 5135 adductus
379 5078 468 5134 estad
482 5084 608 5135 sanctam
624 5085 653 5135 et
667 5080 853 5136 universalem
875 5094 956 5151 spuo
1012 5099 1074 5140 mus
1086 5082 1225 5153 patricius
1235 5087 1262 5136 et
1274 5079 1443 5150 praepositus
1453 5078 1543 5135 dixit:
1557 5077 1641 5133 iubet
1657 5071 1835 5145 imperatori

137 5165 956 5238 duur:quidergorideturrobisdeeoisanctissinivicarii
1011 5174 1167 5230 inhonoras
1183 5170 1277 5226 illudi
1291 5166 1565 5224 Theodorusdixiti
1580 5163 1771 5236 L'tquidinon
1788 5161 1837 5216 in-

138 5256 955 5331 aeniorisliumaedixerunt:liittantur,piissimedomine,
1013 5251 1837 5329 honoroillud.bahanesmagnificentissimuspatriciuset

138 5345 250 5402 adeum
268 5344 389 5415 quidam
414 5344 764 5417 magnificentissimorum
782 5347 957 5420 principum,
1014 5348 1282 5421 praepositusdixit:
1294 5346 1377 5402 iubet
1389 5346 1542 5416 imperator
1553 5349 1649 5400 noster
1661 5338 1838 5397 sanetusdi-

139 5438 162 5488 et
173 5434 276 5490 dicant
289 5439 426 5504 unquam
435 5447 470 5489 ex
482 5433 565 5490 uobis
578 5435 619 5490 ita
632 5452 639 5488 :
660 5435 840 5491 sanctissimi
855 5437 957 5494 vicarii
1016 5452 1078 5495 cere
1089 5437 1153 5493 tibi.
1166 5439 1199 5492 bt
1209 5451 1232 5491 sr
1244 5435 1396 5506 imaginem
1408 5447 1507 5503 rueanr,
1517 5432 1545 5489 id
1557 5439 1600 5488 est
1611 5427 1740 5486 mortalis
1752 5424 1836 5495 regis.

169 5555 184 5586 ⁸
193 5546 276 5616 Quod
288 5548 499 5617 iuterpretatur
512 5549 695 5623 hordeaceus,
708 5551 758 5620 qui
771 5550 907 5609 videlicet
917 5557 962 5610 est
976 5557 1061 5612 cibus
1076 5551 1331 5610 irrationabilium.
