3876 6090
112 228 167 290 275
734 237 914 296 nnnsrnsu
936 235 1207 293 amarorumamr
1768 232 1821 291 aro

148 358 250 417 Petrus
268 361 468 419 sanctissimus
483 363 635 435 episcopus
653 363 826 420 Nicomedia
843 364 936 420 dixit:
950 362 980 424 A
994 362 1114 435 dirigit3
1129 366 1158 418 et
1171 360 1264 434 tangit
1275 361 1334 432 jam
1350 373 1455 430 corpus
1469 356 1559 431 gladii
1572 359 1648 415 acle:
1665 363 1693 414 et
1708 361 1777 415 tunc
1794 359 1821 415 ei

112 446 143 503 Si
166 449 286 505 ioannes
305 450 385 507 aurei
410 452 470 508 oris
498 452 568 508 talia
591 452 667 508 dixit
685 452 720 508 de
746 453 848 524 iconis,
872 453 939 523 quis
995 450 1027 507 ut
1041 452 1184 508 divinitus
1202 465 1254 507 rox
1271 449 1425 520 prohibens
1440 463 1521 518 opus.

44 527 46 530 ’
113 535 208 593 adbuc
222 537 308 594 audet
324 539 419 595 dicere
439 545 600 597 contraeas
618 539 799 612 quidquam?
1031 539 1242 596 Gloriosissimi
1258 538 1403 608 principes
1417 537 1567 593 dixerunt:
1583 536 1663 600 l'ide,
1681 537 1823 607 momodo

148 624 274 681 Basilius
299 628 499 685 sanctissimus
528 629 680 700 episcopus
704 628 823 699 ancyra
844 628 935 685 dixit:
994 628 1121 685 doluerit
1133 624 1323 701 [jucundatus
1332 623 1387 701 sit]
1400 627 1482 681 Pater
1493 631 1588 682 noster
1601 625 1631 680 in
1645 625 1769 695 pictura,
1784 625 1824 681 ita

114 712 231 783 Recepit
253 728 301 771 eas
323 717 478 780 veraciter:
503 721 531 774 ct
546 716 628 773 talem
651 731 775 774 amorem
799 717 939 774 habebant
996 721 1072 774 utet
1092 715 1306 788 lacrymaretur.

116 801 156 871 pii
176 803 227 873 qui
241 807 309 860 tunc
323 809 413 877 erant,
431 806 509 863 circa
525 806 677 878 imaginem
695 807 767 876 ejus,
784 812 817 863 ut
832 806 940 878 ubique
1031 805 1156 861 Basilius
1179 804 1380 859 sanctissimus
1402 803 1553 874 episcopus
1584 800 1703 873 ancyrae
1729 803 1817 860 dixit:

115 887 270 948 formarent
297 893 407 950 iconam
423 895 514 952 sancti
529 895 646 951 lieletii.
662 895 741 952 Unde
755 899 784 951 et
798 896 879 952 Pater
894 895 941 951 bic
995 895 1141 951 Multotics
1155 895 1236 949 Pater
1248 892 1317 966 legit
1336 893 1486 948 historiam
1499 909 1506 963 3
1523 892 1571 949 sed
1590 890 1662 947 loric
1675 905 1824 962 nunquam

105 993 203 1050 supra
222 982 336 1038 modum
359 982 426 1039 illos
441 983 548 1040 laudat.
997 982 1169 1056 lacrymatus
1183 987 1239 1038 est:
1261 987 1290 1037 at
1308 995 1373 1039 vero
1397 987 1546 1053 postquam
1571 981 1713 1052 picturam
1737 982 1822 1048 vidit,

151 1070 357 1128 sanctissimus
378 1072 540 1143 patriarcba
555 1073 646 1129 dixit:
667 1074 702 1128 Et
717 1087 795 1129 nosa
811 1073 942 1145 patribus
997 1072 1170 1143 lacrymatus
1184 1074 1236 1127 est.

117 1158 226 1239 nostris
245 1159 434 1230 percipientes
450 1161 606 1234 doctrinas,
622 1160 748 1217 dicimus
762 1175 810 1217 eas
823 1166 852 1217 et
866 1175 945 1217 vene·
1032 1162 1153 1217 loannes
1176 1159 1431 1216 reverendissimus
1453 1158 1599 1230 presbyter
1612 1162 1641 1215 et
1656 1159 1824 1232 monachus,

118 1246 224 1303 rabiles
249 1247 355 1320 iconas,
372 1251 400 1305 et
414 1253 537 1323 sanctas,
552 1254 581 1307 et
596 1263 699 1306 sacras.
998 1254 1027 1306 et
1036 1250 1162 1306 vicarius
1171 1248 1361 1305 Orientalium
1384 1248 1550 1320 pontltlcum
1561 1247 1652 1303 dixit:
1663 1247 1694 1303 Si
1715 1247 1767 1304 tali
1780 1249 1828 1306 do

152 1335 330 1394 Theodosius
345 1338 600 1396 reverendissimus
614 1339 789 1410 hegumenus
799 1342 944 1395 monaste-
999 1339 1072 1395 etori
1081 1339 1194 1409 pictura
1205 1337 1340 1408 praestitit
1349 1336 1504 1393 utilitatem
1516 1339 1545 1392 ct
1557 1336 1707 1406 lacrymas,
1719 1342 1828 1407 quanto

118 1423 157 1481 ril
167 1425 259 1481 sancti
273 1424 393 1483 Andreae
407 1427 486 1482 Nesil
497 1427 597 1484 attulit
609 1427 716 1484 librum
727 1427 853 1497 ejusdem
865 1428 946 1483 Joau·
1000 1429 1097 1498 potius
1114 1426 1239 1483 indoctis
1250 1429 1279 1482 et
1298 1425 1399 1482 idiotis
1417 1424 1564 1496 praestabit
1577 1425 1827 1495 compunctionem

119 1512 166 1569 nis
177 1513 238 1570 oris
251 1514 343 1586 aurei,
363 1518 460 1586 petens
471 1515 575 1589 relegi:
593 1530 676 1587 quem
695 1516 841 1586 accipiens
852 1515 946 1573 Anto-
999 1521 1028 1573 et
1043 1514 1221 1573 utilitatem?

119 1601 187 1659 nius
202 1603 359 1661 monachus
373 1603 458 1676 legit:
1035 1605 1136 1661 Sancta
1156 1604 1281 1674 synodus
1297 1602 1388 1659 dixit:
1414 1605 1445 1659 ln
1466 1601 1589 1659 diversis
1611 1601 1683 1658 locis
1702 1601 1830 1658 vidimus

941 1688 1120 1761 ‚Babrahae
1136 1692 1287 1763 picturam,
1304 1693 1380 1749 sicut
1392 1694 1474 1749 Pater
1489 1692 1540 1748 ait.

118 1745 382 1884 ἭΞΟἭ
399 1748 502 1874 ,effi
522 1747 946 1875 'giftffifflss'ggagffiaeffl
1035 1783 1200 1838 Theodorus
1215 1782 1417 1838 sanctissimus
1437 1781 1589 1851 episcopus
1603 1781 1715 1837 Catauae
1734 1779 1827 1837 dixit:

154 1891 191 1944 si,
211 1890 358 1958 ‘efflator'
383 1894 408 1945 εἰ
430 1892 460 1944 in
489 1896 587 1946 „estem
609 1890 764 1953 ,werdon-3,
790 1890 868 1959 ,ujus
887 1892 943 1945 pp,
1000 1869 1608 1942 SisanctusGregoriusvigilansindivinis
1622 1869 1829 1937 intellectibus,

155 1962 224 2015 tium
234 1966 288 2015 cst:
307 1960 315 1968 “
1000 1959 1120 2016 Abrabae
1135 1959 1257 2015 historia
1271 1959 1342 2029 risa,
1358 1959 1530 2029 lacrymatus
1546 1963 1598 2028 est,
1614 1963 1721 2028 quanto
1739 1958 1831 2030 magis

1001 2049 1114 2119 depicta
1128 2048 1273 2104 incarnata
1283 2046 1462 2117 dispensatio
1475 2046 1584 2103 Christi
1596 2045 1712 2101 Domini
1727 2047 1830 2116 nostri,

1003 2138 1052 2209 qui
1069 2142 1184 2208 propter
1197 2150 1250 2193 nos
1265 2137 1348 2192 homo
1375 2134 1467 2192 lactus
1486 2139 1538 2207 est,
1559 2135 1689 2191 videntes
1709 2135 1744 2191 ad
1762 2148 1833 2205 pro-

1004 2225 1108 2283 iectum
1123 2231 1151 2282 ct
1165 2226 1353 2297 lacrymarum
1370 2224 1537 2280 allusionem
1555 2223 1742 2282 bormbituri

1038 2315 1173 2371 Tarasius
1186 2314 1386 2370 sanctissimus
1405 2313 1567 2383 patriarcba
1580 2311 1671 2367 dixit:
1691 2312 1720 2367 Si
1737 2312 1833 2369 vidis-

1004 2417 1098 2462 semus
1121 2404 1233 2458 iconam
1255 2402 1424 2459 crucifixum
1449 2403 1643 2458 ostendentem
1663 2401 1831 2460 Dominum,

154 2082 263 2141 Cbrlstl
272 2085 352 2157 regni
364 2085 548 2159 Evangelium
558 2088 624 2142 ante
632 2085 747 2157 quidem
759 2085 948 2156 predicavere

121 2172 273 2245 propbeta.
288 2175 322 2229 Et
337 2178 401 2244 post
412 2175 485 2230 alia:
499 2177 557 2247 Ego
576 2178 604 2230 et
621 2187 685 2231 cera
696 2172 838 2244 pertusam
856 2174 946 2230 dilexi

121 2261 263 2333 picturam
285 2262 390 2332 pietate
411 2262 557 2335 repletam.
577 2263 643 2319 Vidi
663 2264 740 2319 euim
763 2263 896 2336 angelum
918 2263 947 2319 in

122 2351 204 2407 icona
216 2351 365 2420 pellentem
381 2352 568 2409 barbarorum
584 2365 698 2409 cuneos.
715 2351 780 2408 Vidi
794 2352 950 2408 concuica-

123 2441 166 2493 tas
184 2437 371 2496 barbarorum
387 2439 526 2509 nationes,
543 2446 571 2496 et
585 2440 673 2496 David
694 2440 832 2496 veraciter
845 2440 949 2496 dicen-

123 2530 194 2582 tem:
211 2527 492 2589 Domiac,inciuitote
509 2529 716 2595 taaimapinem
736 2543 826 2582 coram
845 2528 883 2581 ad
901 2529 949 2582 ui·
1004 2497 1139 2548 ⁰⁰¹¹¹¹⁰⁰²
1154 2490 1456 2594 ⁰⁰⁵¹³⁰squrffmw
1513 2578 1518 2591 ,
1710 2579 1716 2590 ,
1772 2579 1779 2591 ,

122 2615 207 2669 pilum
228 2610 430 2685 ,edfqesffsap
452 2615 557 2689 mn),
1038 2581 1140 2635 Sancta
1166 2580 1292 2650 synodus
1311 2580 1402 2635 duxit:
1427 2578 1591 2651 magniaco,
1616 2592 1681 2635 uam
1708 2592 1740 2634 rn
1771 2592 1833 2649 ipsa

158 2703 364 2759 sanctissimus
397 2704 558 2774 patriarch,
582 2704 673 2760 dim:
697 2703 726 2759 εἰ
753 2704 778 2760 is
806 2705 856 2774 qui
878 2718 949 2761 aum
1005 2668 1117 2741 liquido
1138 2668 1337 2725 consideratur
1350 2667 1526 2725 numilitatis
1542 2668 1684 2724 celsitudo
1701 2669 1765 2737 Dei,
1780 2668 1830 2739 qui

123 2791 280 2862 pretiosius
290 2805 322 2847 os
335 2792 465 2863 habebat,
489 2793 760 2863 perbibuitdicens:
778 2794 835 2864 Ego
850 2800 877 2850 et
891 2807 951 2863 per·
1005 2763 1120 2829 pmpoer
1139 2771 1191 2814 ¹¹⁰⁸
1210 2757 1376 2859 incarnata}
1388 2764 1439 2859 ⁰2⁵⁸·
1511 2847 1517 2859 .
1790 2847 1796 2860 .

123 2879 216 2938 fusam
242 2880 332 2937 dilexi
353 2881 509 2952 picturam
528 2881 597 2953 quid
616 2881 747 2938 dicemus
769 2882 804 2939 de
830 2881 877 2938 his
899 2880 948 2952 qui
1039 2846 1199 2917 Stephanus
1219 2846 1473 2903 reverendissimus
1488 2847 1628 2904 diaconus
1654 2852 1682 2904 et
1702 2850 1834 2906 nummus

124 2969 267 3026 oderunt?
1004 2947 1037 2991 ac
1062 2933 1274 2991 referendarius
1296 2935 1380 3006 legit:

966 3014 991 3080 G

158 3057 284 3115 Basilius
308 3058 509 3115 sanctissimus
533 3059 686 3130 episcopus
711 3060 828 3132 Ancyrae
859 3060 948 3117 dixit:
1006 3060 1100 3117 Sancti
1119 3059 1216 3129 cyrilli
1240 3060 1427 3115 Alcaoudrini
1449 3062 1576 3131 episcopi,
1605 3076 1639 3115 ea
1660 3062 1775 3131 epistola
1799 3061 1836 3116 ad

124 3145 177 3205 nro
191 3146 313 3219 arcente,
330 3147 398 3218 quta
412 3161 464 3220 ego
477 3148 578 3221 arrosa,
595 3150 760 3220 qutsaudet
779 3149 859 3207 enan
886 3162 951 3206 eon·
1041 3131 1173 3186 Acunum
1202 3132 1391 3280 §alimoto
1415 3134 1577 3216 miscenda
1600 3133 1634 3186 de
1663 3148 1834 3204 anamma

128 3230 271 3293 ,min-m,
1045 3198 1146 3276 [Capro
1157 3218 1295 3258 emissario
1316 3245 1324 3265 ,
1344 3219 1424 3273 cupas
1440 3207 1550 3258 initium
1567 3209 1620 3258 cst:

160 3327 281 3382 mnne,
307 3327 563 3384 reverendissimus
600 3328 746 3401 presbyt„
771 3332 799 3385 0,
828 3328 954 3385 ,pomus
1045 3307 1143 3365 Missis
1156 3322 1231 3366 nunc
1245 3323 1262 3366 a
1276 3310 1428 3367 sanctitate
1443 3313 1491 3366 tua
1508 3310 1620 3366 nuntiis
1634 3311 1753 3381 gavisus
1774 3323 1834 3367 sum

126 3413 318 3472 Orientalium
343 3417 510 3487 pontificum
529 3417 622 3474 pipp,
645 3417 822 3487 Qupsauypm
835 3423 879 3474 esp
900 3418 955 3474 iste
1009 3397 1099 3454 valde.
1122 3400 1158 3453 Et
1179 3404 1242 3468 post
1263 3399 1320 3454 alia
1345 3399 1469 3468 plurima
1488 3398 1581 3455 dixit:
1605 3399 1737 3455 Dicimus
1759 3413 1835 3471 ergo,

125 3503 254 3577 angelus,
267 3505 324 3561 uisi
337 3505 387 3561 ille
399 3506 434 3562 de
451 3520 508 3576 quo
523 3507 731 3577 scriptumest:
750 3507 823 3575 Quia
835 3506 955 3576 angelus
1010 3486 1085 3556 quod
1116 3487 1206 3558 fidum
1230 3492 1258 3543 θῑ
1273 3486 1373 3543 umbra
1396 3493 1457 3543 elil
1472 3487 1527 3556 ¹0³4.
1555 3492 1583 3543 θῐ
1603 3488 1686 3559 (diffisi
1708 3489 1834 3560 limiam

125 3592 660 3666 Dominipercussitcentumoctoginta
668 3593 953 3663 milliadssyriorum
1009 3574 1121 3644 Dictura
1134 3575 1226 3644 D⁰Sil³
1241 3574 1275 3630 ad
1292 3575 1430 3632 Vi⁸¹⁰¹¹effl
1449 3576 1495 3633 ¹¹¹⁵
1506 3577 1564 3648 [qui
1577 3577 1764 3646 ⁰⁰¹¹⁸lli⁰illsst
1782 3592 1834 3634 ΝΒ·

127 3679 157 3735 m
173 3694 229 3736 una
245 3685 326 3736 noco
340 3680 585 3737 sirmiensium
608 3680 754 3737 uosttnur
774 3680 954 3736 miriamur
1008 3663 1119 3718 umore
1133 3667 1227 3719 autem
1239 3663 1390 3719 alcissum
1401 3678 1499 3720 eorum
1514 3665 1563 3736 qur
1578 3665 1702 3736 pangunt
1713 3666 1743 3721 m
1760 3664 1839 3723 ouu-

126 3766 182 3840 (yy
193 3770 256 3835 nep.
270 3781 330 3823 m,
338 3769 346 3840 )
1009 3749 1056 3822 lis,
1070 3750 1212 3821 principia
1224 3753 1440 3808 exarationum:
1455 3752 1561 3824 quibus
1573 3753 1598 3808 si
1612 3754 1838 3824 superinducan-

161 3855 340 3925 Nicepborus
376 3855 577 3914 sanctissimus
611 3858 763 3928 episcopus
799 3858 950 3928 Dyrrachii
1007 3844 1056 3896 ²¹¹?
1078 3839 1207 3895 ⁰⁰¹⁰f¹¹ffi
1222 3842 1315 3912 ¹¹⁰¹'082
1343 3845 1411 3898 iuni
1434 3840 1559 3911 Dt⁰f⁰⁰l0
1575 3842 1695 3912 picturae
1712 3842 1839 3914 pulchri·

126 3943 218 4001 dixit:
233 3943 285 3998 Scd
302 3943 433 4013 propitus
448 3944 532 4001 nobis
544 3945 953 4017 sitDominussuperdelictis
1007 3929 1077 3984 ffld⁰
1096 3928 1225 3985 Πῑῑθὸθθῑ·
1250 3930 1285 3985 Et
1298 3934 1361 4000 D⁰⁵t
1386 3931 1654 4001 ll211¹0³²S⁰l¹lll1¹m
1678 3936 1723 3988 ⁰⁸²
1748 3932 1840 4005 igitur

127 4044 191 4102 quae
214 4031 392 4100 peccavimus
419 4029 623 4110 [patravimus]
649 4035 726 4092 cry-ca
754 4048 850 4092 sacras
875 4036 952 4091 yma.
1008 4016 1038 4072 in
1063 4017 1163 4073 muudi
1185 4017 1302 4075 iacturae
1319 4018 1412 4075 libro:
1433 4021 1469 4074 Et
1484 4022 1590 4087 sactum
1613 4025 1652 4075 cst
1671 4025 1736 4091 post
1757 4022 1840 4076 uerba

127 4118 217 4190 gilles.
1007 4105 1198 4169 baec,tentouu
1211 4110 1282 4162 Deus
1294 4107 1446 4171 Abrabam,
1459 4113 1484 4162 et
1502 4109 1575 4163 dimit
1593 4110 1721 4164 celeuma
1740 4110 1841 4165 Abra-

162 4208 319 4281 Gregorius
336 4209 476 4267 diaconus
498 4215 527 4267 et
541 4212 672 4268 notarius
686 4212 773 4285 legit:
1007 4194 1081 4258 bam,
1109 4195 1260 4250 Abrabam.
1281 4195 1320 4249 nt
1337 4197 1385 4251 ilic
1410 4197 1570 4266 respoudit:
1589 4197 1706 4252 Adsum.
1729 4198 1782 4253 Ait
1798 4201 1840 4253 ci:

1010 4284 1083 4338 Tolle
1123 4285 1210 4355 tiliam
1251 4290 1328 4340 tuum
1379 4287 1558 4358 unipcuitum,
1612 4303 1691 4356 quem
1733 4288 1839 4357 dtiipis,

127 4351 299 4435 Bascrmom
317 4355 406 4436 sancii
424 4353 547 4438 Grcqorii
565 4356 668 4439 Nyssa,
688 4355 779 4438 babilo
794 4353 954 4411 Constanti·
1006 4374 1096 4434 isaac,
1116 4378 1142 4427 et
1159 4374 1227 4428 uode
1249 4375 1279 4428 in
1300 4378 1401 4428 terram
1429 4375 1559 4437 Visionis,
1581 4379 1663 4444 atquc
1688 4376 1758 4445 offer
1781 4393 1841 4432 cum

163 4423 500 4563 {afflgiaindmieasttelbim
516 4431 541 4479 et
560 4425 689 4496 Spiritus,
707 4431 733 4481 et
749 4442 778 4480 m
800 4426 951 4493 Abrabam,
970 4429 996 4490 D

1005 4461 1048 4514 ibi
1079 4462 1109 4515 in
1142 4461 1327 4517 holacaustum
1362 4478 1444 4533 super
1478 4479 1563 4518 unum
1598 4465 1730 4520 montium
1762 4482 1841 4536 pacm

1008 4554 1192 4605 munstravero
1220 4552 1279 4605 tibi.
1307 4553 1397 4620 lpitar
1424 4552 1567 4607 Abrabam
1595 4553 1628 4607 dc
1661 4560 1738 4609 uoctc
1773 4571 1842 4610 cart-

164 4635 259 4692 Veluti
295 4636 431 4708 quiddam
465 4637 616 4707 patiuntur
644 4639 678 4695 ad
707 4627 828 4696 mulium
853 4640 954 4697 dorida
1010 4641 1242 4707 sarpanastrooit
1256 4642 1844 4714 asinumsuum,dacenssecamduosjuuc·

130 4724 266 4792 pratarrt
282 4725 434 4795 postella:
453 4726 518 4782 vidi
534 4740 607 4797 saepc
627 4727 658 4783 in
674 4728 786 4798 pictura
802 4730 955 4801 imaginem
1011 4743 1058 4783 aes
1078 4733 1104 4783 ct
1130 4732 1208 4784 isaac
1228 4730 1315 4800 fitium
1337 4744 1426 4784 suram.
1447 4729 1565 4799 Cumque
1585 4730 1745 4785 concidisset
1766 4734 1841 4800 lipara

130 4811 283 4883 passionis,
304 4819 333 4869 et
352 4826 406 4869 non
423 4814 486 4870 sine
507 4814 641 4886 lacrymis
657 4821 801 4887 aspectum
823 4817 957 4882 transivi,
1012 4819 1042 4873 in
1061 4819 1255 4883 holocaustum,
1275 4820 1344 4874 abitt
1362 4820 1399 4873 od
1421 4819 1507 4873 locum
1530 4834 1609 4888 quem
1627 4827 1796 4891 praeeperat
1817 4824 1842 4877 ei

129 4900 197 4956 dum
214 4900 358 4958 evidenter
381 4915 428 4959 ars
449 4907 514 4960 aute
534 4904 645 4961 vultuum
665 4905 778 4962 aderrat
793 4906 954 4964 historiam.
1011 4909 1092 4963 Deus.
1120 4910 1169 4964 Dio
1190 4914 1280 4964 autom
1296 4910 1384 4970 tertio,
1407 4909 1517 4963 eleuatis
1546 4909 1641 4971 ocutis,
1665 4910 1736 4964 vidit
1755 4911 1841 4966 locum

129 4987 266 5045 (laterum
281 4991 484 5060 poniturlsaae
497 4994 571 5064 apud
584 4995 678 5065 ipsum
688 4995 956 5069 altaresupergenu
1007 4997 1116 5063 procul,
1139 4997 1262 5066 dicitque
1281 4998 1318 5052 ad
1332 5012 1432 5067 pueros
1449 5012 1532 5051 suos.-
1548 4999 1709 5067 suspectare
1725 4999 1770 5054 bic
1782 5014 1841 5054 cam

131 5075 251 5151 locatus,
265 5083 293 5134 el
312 5079 415 5152 ligatas
439 5081 546 5139 habens
573 5097 675 5140 manus
702 5088 859 5140 retrorsum
873 5083 954 5155 (Gen.
1011 5085 1105 5153 osia03
1130 5101 1176 5153 epo
1195 5091 1284 5139 autem
1308 5090 1332 5139 rt
1356 5101 1427 5155 puer
1451 5086 1518 5140 illuc
1543 5100 1628 5155 usque
1648 5092 1841 5156 properantes,

130 5167 218 5241 narr).
241 5166 279 5222 nt
298 5166 348 5223 ille
361 5170 516 5226 ascendens
535 5173 599 5240 post
613 5176 723 5243 largum
748 5171 829 5241 pueri
850 5171 957 5229 suifra-
1006 5178 1153 5243 postquam
1179 5175 1392 5237 adoraverimus,
1424 5179 1589 5229 reuertemur
1616 5175 1654 5228 od
1680 5191 1738 5232 uos.
1769 5177 1842 5232 lbale‘l

131 5255 197 5328 gine
213 5251 286 5330 [ὃνυ
303 5255 453 5328 suffragini
468 5256 601 5333 innixus]
617 5260 717 5328 juncta
735 5256 873 5334 [vincia],
888 5261 956 5318 laeva
1011 5279 1116 5334 qaoque
1132 5263 1207 5329 lipara
1230 5263 1388 5327 holocausti,
1412 5267 1437 5317 et
1459 5264 1588 5332 imposuit
1603 5279 1686 5333 super
1700 5267 1780 5320 latmo
1804 5270 1843 5336 p-

131 5357 218 5401 manu
241 5358 350 5401 comam
375 5346 455 5416 pueri
480 5347 514 5403 ad
530 5361 560 5403 se
583 5348 713 5414 rellectit,
737 5355 766 5406 et
790 5350 957 5410 incurratur
1012 5354 1079 5406 tium
1097 5365 1184 5404 suum.
1203 5352 1264 5420 lpse
1284 5367 1346 5404 uero
1364 5351 1494 5421 portabat
1512 5352 1542 5403 in
1560 5350 1686 5405 manibus
1706 5354 1799 5419 iparm
1817 5358 1843 5408 et

130 5433 224 5492 vultui
246 5435 450 5492 miserabiliter
472 5438 507 5493 ad
532 5450 563 5492 se
579 5432 652 5511 [dm.
666 5438 700 5494 ad
726 5438 834 5514 ipsum]
861 5443 958 5513 respi-
1010 5441 1133 5510 pladiani
1149 5436 1228 5510 (dea.
1245 5439 1330 5513 uuir).
1352 5441 1387 5495 Et
1408 5444 1472 5510 post
1495 5439 1568 5494 alia:
1593 5439 1786 5510 l'arerumpoe
1803 5441 1843 5496 od

130 5525 230 5595 cienti,
245 5529 274 5581 et
296 5524 440 5582 dexteram
461 5530 589 5583 armatus
604 5526 700 5599 gladio
720 5529 755 5586 ad
781 5530 953 5589 occisionem
1011 5531 1097 5586 iocum
1123 5545 1201 5600 paam
1231 5529 1429 5585 ostenderetur·
1452 5530 1534 5591 Deus,
1562 5529 1593 5580 ia
1621 5542 1673 5596 quo
1692 5528 1841 5600 edificavit
