3876 6090
195 234 248 294 3l9
809 225 987 286 anastasii
1013 222 1282 282 amtlotllsscnnll
1845 225 1897 286 320

195 359 327 431 AEgptum
353 369 438 412 causa
457 353 684 425 dispensationis
698 350 832 424 pergebat
854 362 940 419 super
960 361 1019 402 nu-
1031 346 1062 406 A
1074 342 1205 400 visibilia
1219 344 1299 402 visus
1314 352 1388 402 esset
1401 350 1458 405 Deo
1472 349 1666 406 adorationem
1681 350 1793 421 offerre,
1809 358 1838 408 et
1851 367 1897 423 per

193 446 256 502 bem
267 444 355 501 levem
367 443 445 499 omni
466 441 578 498 scilicet
595 441 704 498 lumine
714 439 887 496 illustratam
901 440 1034 491 matrem·
1075 433 1169 501 typica
1183 441 1370 491 memorasset
1382 437 1516 506 creantis,
1529 439 1752 496 etnonvitalum
1763 442 1898 499 retineret

194 547 228 590 ac
243 532 395 588 sanctitate
409 531 565 599 robustam,
582 528 676 600 quiin
696 528 808 585 excelso
822 527 916 582 sedet:
930 527 958 578 et
970 534 1020 576 ne-
1074 533 1107 576 ac
1122 537 1234 579 muscas
1256 538 1342 594 super
1366 526 1477 581 tabulas
1503 528 1673 584 testamenti.
1691 529 1806 584 Utinam
1830 544 1899 586 san-

194 620 240 676 dit
250 634 285 676 ex
308 621 436 691 AEgypto,
449 623 478 674 et
502 618 613 674 habitat
635 617 789 673 Nazareth:
810 628 844 671 ne
859 613 1019 685 figurentur
1073 620 1151 672 ctum
1161 612 1251 668 altare
1262 614 1562 686 maglsdesiderasset,
1574 621 1603 670 et
1615 629 1670 673 non
1681 616 1790 674 vitulas
1798 618 1898 675 Sama-

195 708 352 765 coloribus.
368 708 397 764 Si
414 722 470 764 non
490 713 617 764 mortuos
638 706 799 777 suscitavit,
812 709 841 760 et
855 703 946 759 erexit
966 714 1020 772 pa-
1074 702 1134 758 riae.
1149 701 1262 757 Utinam
1274 702 1444 758 attendisset
1456 702 1548 759 Aaron
1560 705 1681 776 virgam,
1698 711 1727 760 et
1737 719 1795 762 non
1805 706 1898 763 Astar-

193 797 340 868 ralyticos,
354 802 382 853 et
396 797 517 866 leprosis
531 795 654 866 praebuit
671 795 878 867 purgationem,
893 796 1019 848 ctcaecos
1074 797 1139 847 tem.
1155 791 1262 846 Bonum
1278 792 1384 862 quippe
1393 791 1480 847 simul
1495 796 1524 847 et
1535 793 1646 862 lustum
1656 795 1779 867 essetei,
1792 802 1897 865 petram

194 885 381 953 illuminavit,
394 885 497 941 deinde
509 891 537 941 et
549 898 710 954 expressam
725 882 794 938 fecit
808 881 936 953 linguam
953 893 1021 934 mu·
1074 880 1199 936 salutaro
1222 894 1285 951 quac
1307 880 1412 936 imbres
1426 881 1569 937 divinitus
1586 883 1676 948 dedit,
1697 888 1725 938 et
1745 897 1802 939 non
1824 885 1895 940 Baal.

193 979 298 1043 torum,
311 978 338 1029 et
350 973 431 1029 bases
453 973 622 1029 claudorum
639 971 772 1038 firmavit,
791 975 820 1026 et
833 969 945 1039 expulit
958 969 1021 1023 da-
1074 969 1188 1024 Utinam
1203 968 1237 1024 ad
1262 969 1371 1040 virgam
1397 971 1486 1040 llloysi
1508 970 1600 1042 magis
1620 971 1747 1028 intuitus
1768 982 1854 1045 esset,
1870 979 1896 1032 et

192 1077 307 1120 mones:
322 1062 380 1118 nisi
395 1062 509 1131 aperuit
523 1074 608 1116 aures
621 1061 786 1131 surdorum,
799 1065 827 1115 et
847 1057 942 1114 omnia
958 1070 1022 1127 ope·
1074 1071 1175 1114 urnam
1204 1071 1330 1128 auream,
1358 1072 1462 1130 arcam,
1489 1061 1733 1133 propitiatorium,
1761 1063 1894 1134 petalum,

193 1154 273 1208 ratus
283 1155 325 1206 est
337 1150 473 1221 gloriosa,
488 1153 517 1205 et
530 1148 560 1203 in
572 1151 628 1205 Deo
649 1149 731 1220 signa
747 1144 881 1217 perfecit,
899 1159 934 1201 ne
951 1145 1020 1214 pia·
1073 1145 1176 1217 ephod,
1190 1160 1326 1216 mensam,
1341 1146 1556 1204 tabernaculum
1570 1148 1695 1205 interius
1707 1156 1736 1206 et
1753 1152 1893 1209 exterius:

191 1245 313 1312 gantur,
325 1244 353 1294 et
368 1239 425 1294 nisi
442 1237 602 1308 passionem
612 1237 774 1294 voluntarla
787 1235 923 1304 suscepit,
939 1238 967 1288 et
978 1233 1019 1287 in·
1074 1235 1243 1304 quaomnia
1263 1235 1293 1290 in
1309 1234 1428 1306 gloriam
1437 1236 1487 1291 Dei
1501 1241 1625 1307 patrata3
1638 1237 1803 1295 licetmanu
1814 1238 1892 1296 facta.

79 1364 88 1379 .
192 1325 303 1383 fernum
314 1326 459 1398 spoliavit,
472 1330 501 1381 et
513 1339 633 1397 surgens
649 1325 679 1380 in
691 1324 794 1380 eoelam
809 1321 949 1391 ascendit,
966 1320 1016 1390 qui
1071 1321 1174 1378 Sancta
1193 1327 1296 1394 tamen,
1319 1322 1539 1393 appellabantur
1556 1331 1731 1397 sanctorum,
1752 1326 1895 1385 deindeet

191 1417 329 1470 venturus
343 1419 387 1470 est
398 1414 528 1483 judicare
543 1413 623 1469 vivos
631 1416 659 1469 et
670 1417 814 1469 mortuos:
833 1424 924 1481 neque
940 1410 1018 1481 figu-
1071 1410 1219 1467 cherubim
1233 1410 1393 1484 sculptiles,
1404 1426 1525 1483 quorum
1536 1414 1700 1470 memoriam
1710 1413 1895 1487 facienshpo

191 1502 339 1574 rent[dr.,
357 1516 407 1558 nec
422 1501 596 1571 scribantur,
615 1514 665 1556 nec
681 1498 861 1572 figurentur]
886 1499 1017 1568 scriptu·
1070 1498 1163 1554 stolus
1186 1499 1246 1554 ait:
1269 1500 1411 1554 Cherubim
1431 1501 1525 1568 alariae
1545 1501 1742 1556 (adumbrantia
1756 1506 1894 1574 propitia-

191 1605 229 1647 rae
242 1591 284 1647 vel
297 1592 436 1660 historia,
449 1605 512 1662 quac
526 1591 581 1646 ista
598 1594 742 1662 enarrant,
758 1595 814 1644 tam
829 1602 878 1659 per
891 1587 1014 1658 litteras,
1070 1588 1169 1640 loriam
1181 1585 1275 1659 (Heba.
1289 1588 1337 1659 11)
1351 1606 1360 1642 .·
1372 1588 1479 1657 auibus
1490 1594 1518 1645 et
1532 1589 1658 1645 divinam
1672 1591 1737 1647 vehi
1752 1592 1893 1663 gloriama

191 1693 276 1751 quam
292 1694 341 1750 per
360 1680 480 1736 colores.
508 1679 553 1750 ht,
570 1679 595 1734 si
609 1678 669 1734 hacc
690 1677 786 1734 omnia
809 1675 972 1744 factasunt,
988 1665 1218 1745 etBscriptura
1240 1677 1383 1732 docemur.
1404 1677 1495 1733 Sibis
1516 1677 1697 1749 intendisset,
1720 1692 1779 1736 non
1796 1681 1894 1751 utique

191 1782 323 1839 magnum
336 1773 380 1824 est
391 1769 507 1838 pietatis
524 1767 700 1838 mysterium,
714 1766 824 1822 utinam
842 1769 916 1821 esset
928 1765 1017 1834 possi·
1072 1763 1160 1819 idolis
1176 1764 1355 1834 procidisset.
1371 1764 1461 1830 Omne
1477 1778 1598 1836 namque
1618 1780 1691 1837 opus
1704 1768 1779 1838 quod
1796 1768 1827 1824 in
1842 1782 1893 1826 no-

191 1856 259 1926 bile,
274 1862 305 1914 nt
319 1857 422 1913 coelum
437 1862 466 1912 et
478 1861 553 1913 terra
575 1862 603 1911 et
619 1868 705 1923 mare,
721 1852 880 1908 animantia
902 1865 1016 1922 auoque
1071 1851 1147 1907 mine
1169 1853 1289 1908 Domine
1313 1853 1353 1923 tlt,
1384 1853 1541 1921 pretiosum
1567 1859 1596 1910 et
1625 1861 1757 1912 sanctum
1781 1863 1835 1913 est.
1864 1860 1893 1914 lit

190 1945 323 2001 omniact
336 1945 508 2016 virgulta,et
520 1942 662 2014 quidquid
677 1941 757 1998 aliud
772 1944 825 2010 est,
840 1945 954 1996 enarret
965 1939 1016 1996 illa
1071 1939 1140 2008 auid
1167 1954 1240 2010 opus
1268 1945 1312 1997 est
1337 1941 1486 2010 epistolam
1519 1943 1549 1998 in
1575 1942 1691 2015 longum
1717 1945 1892 2002 extenderet

190 2037 219 2090 et
233 2047 283 2104 pcr
298 2047 380 2089 voces
394 2037 423 2088 ct
440 2047 490 2103 per
505 2032 627 2103 litteras,
643 2036 671 2086 et
686 2044 735 2100 per
754 2030 893 2099 picturas.
910 2031 1015 2085 Eorum
1069 2031 1098 2082 ct
1122 2030 1243 2084 maxime
1274 2028 1308 2085 ad
1334 2030 1428 2086 virum
1454 2032 1510 2086 Deo
1538 2032 1686 2105 placitum,
1712 2040 1741 2090 et
1764 2049 1816 2091 vas
1836 2035 1893 2092 cle-

188 2122 265 2178 enim
277 2135 341 2192 quae
356 2135 413 2177 non
430 2125 499 2177 sunt
510 2119 654 2190 formatio,
673 2119 779 2175 idolica
792 2118 905 2188 pictura
918 2117 1017 2174 nomi·
1070 2123 1148 2174 ctum
1174 2131 1190 2173 a
1217 2118 1286 2189 beo,
1320 2120 1441 2192 gratiam
1475 2121 1607 2189 adeptum
1640 2122 1776 2193 spiritus,
1807 2128 1836 2179 et
1865 2125 1892 2180 in

189 2215 287 2280 natur,
301 2215 527 2281 quaetpagana
540 2207 728 2264 fabulationis
747 2220 844 2276 poema
857 2207 950 2277 finxit,
963 2220 1017 2262 eo-
1071 2204 1211 2276 profunda
1234 2206 1399 2263 divinorum
1423 2208 1588 2281 dogmatum
1617 2210 1757 2267 valentem
1787 2213 1893 2284 prospi-

191 2312 254 2354 rum
279 2313 342 2369 quae
358 2311 483 2368 unquam
501 2295 619 2353 fuerunt
635 2309 684 2366 pcr
697 2295 860 2365 essentiam,
875 2293 1015 2351 facturam
1069 2307 1142 2363 cere,
1158 2296 1309 2365 atqaeDeo
1323 2295 1443 2352 ductore
1454 2297 1636 2354 considemre
1651 2313 1793 2356 summam
1807 2301 1892 2357 scien·

189 2386 548 2456 desipienterasseverans.
559 2386 595 2439 Et
611 2389 687 2440 certe
700 2383 778 2438 nulla
793 2383 1014 2438 estcondcscen·
1070 2382 1118 2437 tiae
1143 2383 1339 2439 altitudinem.
1368 2386 1470 2441 Verum
1486 2386 1554 2442 hinc
1578 2388 1612 2443 ad
1640 2389 1821 2459 propositum
1846 2403 1893 2446 rc·

189 2472 503 2530 aioEcclesiaeChristi
524 2485 588 2528 cum
606 2471 1014 2542 idolis:absit.liequeenim
1068 2469 1195 2538 deamus,
1236 2473 1469 2543 propugnatricis
1497 2479 1563 2544 tum,
1595 2489 1612 2530 o
1644 2477 1839 2550 sanctissime,
1865 2483 1892 2534 et

194 2561 300 2617 vitulas
321 2561 518 2633 adoravimus,
534 2574 625 2631 neque
635 2560 759 2616 vitulum
772 2560 802 2615 in
815 2560 925 2616 Choreb
940 2559 1015 2616 fudi·
1069 2558 1197 2613 omnium
1213 2559 1444 2616 Christianorum
1457 2562 1581 2618 dominae
1592 2565 1854 2635 magnificationes:
1866 2571 1892 2622 et

191 2663 266 2719 mus,
283 2662 398 2719 nequeo
414 2649 637 2705 nobiscreatura
652 2649 875 2704 beusaestimatn
885 2654 946 2704 est:
964 2649 1012 2704 sed
1068 2646 1376 2716 qualisipsaostensus
1388 2647 1517 2706 fuerisin
1528 2652 1642 2707 cunctis
1652 2653 1687 2707 ab
1702 2653 1751 2709 illa
1764 2654 1892 2711 directus

188 2751 280 2808 neque
299 2752 401 2794 rursus
424 2737 555 2807 sculptili
582 2737 768 2807 procidimus,
793 2742 821 2793 et
843 2737 1015 2807 Beelphegor
1068 2739 1095 2790 et
1108 2735 1242 2804 salvatus,
1259 2745 1286 2791 et
1303 2743 1402 2794 contra
1418 2738 1894 2799 inimicosconfortatusadmiran·

188 2825 297 2882 initiati
315 2838 426 2896 sumus,
439 2838 530 2894 neque
541 2830 672 2882 natorum
685 2825 829 2882 occisores
844 2829 894 2880 aut
906 2824 1014 2880 sacrifi-
1068 2826 1118 2877 tes.
1135 2822 1179 2878 llll
1200 2838 1265 2879 vero
1285 2825 1335 2895 qui
1348 2840 1382 2881 ox
1398 2827 1488 2882 multo
1498 2828 1556 2898 lacn
1574 2833 1700 2898 tempore
1711 2835 1813 2886 contra
1830 2845 1889 2886 eam

187 2918 298 2969 catores
313 2912 432 2984 fuimus,
448 2918 498 2970 aut
510 2913 621 2969 occulta
635 2914 771 2984 mysteria
785 2913 1009 2969 celebravimus:
1067 2909 1232 2966 debacchati
1270 2919 1346 2982 sunt,
1385 2920 1464 2969 tanto
1502 2916 1671 2973 invenerunt
1700 2918 1889 2989 resistentem,

187 3016 279 3073 neque
295 3002 371 3059 tilios
393 3007 505 3057 nostros
519 3007 547 3058 et
562 3002 638 3058 illias
653 3002 866 3059 immolavimus
885 3015 1010 3071 unquam
1026 3006 1051 3070 c
1068 3005 1175 3068 quanto
1189 3000 1359 3057 invenerunt
1374 3001 1430 3057 sibi
1445 3005 1693 3061 contradicentem.
1711 3007 1746 3062 Et
1766 3008 1820 3063 hoc
1834 3008 1892 3064 mi·

188 3089 412 3159 damonibus,ut
435 3090 464 3145 in
485 3103 536 3145 nos
550 3103 582 3145 ea
595 3104 658 3161 qum
676 3089 854 3146 asalomonc
867 3089 1010 3146 idolorum
1067 3101 1131 3142 rum
1145 3093 1261 3144 nonest.
1274 3090 1528 3148 SienimBetbulia
1539 3107 1587 3163 per
1598 3095 1892 3153 manumludithmu·

185 3177 348 3235 cultoribus
361 3178 438 3234 dicta
451 3176 583 3247 sunt(lll
591 3180 653 3246 llep.
666 3178 923 3251 x1,)assumantur.
936 3180 1013 3233 Nun·
1068 3174 1150 3231 lieris
1164 3176 1336 3233 Israelitidis
1349 3179 1523 3251 salvabatur,
1540 3183 1623 3251 cujus
1638 3197 1711 3254 opus
1730 3184 1892 3243 llolofernis

188 3267 259 3338 quid
274 3280 290 3323 a
305 3267 389 3323 nobis
411 3265 515 3323 infecta
533 3271 577 3323 est
591 3272 666 3324 terra
689 3268 718 3323 in
734 3267 950 3338 sanguinibns‘.l
967 3266 1009 3322 vel
1068 3267 1223 3335 peremptio
1239 3266 1312 3322 fait:
1328 3273 1356 3323 et
1369 3268 1440 3324 hanc
1458 3270 1635 3327 salvatricem
1660 3275 1759 3344 lsrael,
1776 3275 1827 3344 qui
1844 3289 1892 3346 per

186 3355 340 3427 imaginem
355 3355 385 3411 in
410 3355 515 3424 templo
530 3352 660 3424 fecimus,
685 3354 879 3425 quadriforme
901 3355 1012 3410 habcn-
1067 3354 1142 3409 idem
1165 3360 1277 3425 tempus
1303 3354 1429 3427 fuerunt,
1462 3358 1778 3436 praedicaveruntltad,
1801 3365 1889 3438 111111

186 3447 241 3500 tem
255 3443 413 3514 idolum,et
423 3444 495 3499 hanc
504 3442 709 3499 adoravimus?
719 3444 855 3514 Nunquid
867 3443 1011 3498 abomina-
1066 3443 1208 3513 quomodo
1223 3457 1277 3499 non
1293 3450 1437 3513 oporteret
1449 3447 1574 3516 amplius
1588 3454 1664 3504 tuam
1681 3451 1892 3519 amplissimam

187 3532 292 3588 tionem
307 3532 467 3602 repentium
484 3537 512 3586 et
522 3545 655 3601 pecorum
672 3545 759 3601 supra
780 3544 891 3586 murum
910 3531 1008 3594 templi
1065 3531 1245 3586 sanctitatem
1266 3531 1317 3587 tali
1343 3535 1563 3605 propugnatrice
1582 3550 1661 3592 usam
1682 3541 1801 3610 aggredi
1826 3540 1893 3599 fidel

184 3619 394 3690 depinximus?
404 3619 461 3675 Aut
473 3619 576 3675 iterum
588 3633 640 3674 nos
652 3618 780 3674 Ezechiel
793 3618 866 3674 vidit
878 3619 1012 3691 plangen·
1066 3618 1172 3684 hostes,
1186 3624 1214 3674 et
1228 3620 1348 3676 victoria
1363 3636 1500 3679 coronare
1512 3624 1679 3693 subjectos?
1696 3627 1749 3682 Sed
1763 3630 1892 3698 ejusdem

187 3713 229 3764 tes
254 3706 424 3776 ddonldem,
441 3711 470 3762 ct
491 3707 638 3761 incensum
660 3706 714 3761 soll
735 3706 883 3762 offerentes
899 3705 1006 3777 (Ezccla.
1065 3706 1329 3776 supplicationibus
1352 3715 1381 3764 et
1403 3711 1531 3767 omnium
1556 3717 1720 3769 sanctorum
1747 3718 1891 3785 potensin

182 3794 259 3866 vin),
270 3794 306 3849 de
319 3793 425 3865 quibus
435 3793 508 3849 dicit
517 3793 689 3863 Apostolus:
707 3794 866 3849 Samiorum
878 3804 1010 3850 creatura
1065 3794 1164 3864 praelio
1179 3796 1252 3851 Deus
1275 3802 1381 3868 noster,
1397 3797 1481 3856 fortis
1492 3805 1519 3856 et
1532 3800 1725 3874 longanimus,
1737 3805 1790 3874 qai
1806 3806 1893 3865 dedn-

179 3884 372 3952 potiusquam
398 3879 617 3952 Creatorifflom.
647 3881 681 3954 1).
704 3884 828 3938 Putasne
853 3883 1009 3940 statuimus
1064 3884 1493 3958 xiltesuperlosephutovem,
1514 3891 1890 3951 custodiattcsanctissime

183 3968 454 4041 imaginesduarum
465 3967 687 4025 fornicariarum
699 3970 729 4027 in
740 3971 868 4042 AEgypto,
877 3970 947 4027 Oola
956 3971 1009 4027 sci·
1064 3973 1094 4027 in
1103 3986 1195 4029 annos
1204 3973 1341 4046 prolixos,
1354 3977 1493 4032 universae
1505 3977 1676 4036 Christianae
1686 3980 1892 4053 beneoperan-

183 4056 414 4128 licctetOoliab,
433 4062 522 4113 eleas
540 4058 723 4115 adoravimus
741 4057 849 4132 (Erech.
874 4060 1009 4130 rantuli
1063 4067 1118 4117 tem
1147 4064 1366 4133 conversationi,
1400 4071 1428 4121 et
1452 4080 1533 4123 sacro
1559 4069 1661 4124 canoni
1691 4070 1891 4142 obtemperare

180 4145 224 4201 hn
241 4160 342 4202 rursus
357 4159 373 4200 a
389 4145 472 4202 nohis
484 4146 627 4203 sacrificia
640 4148 684 4203 Bel
705 4148 734 4203 in
751 4148 902 4220 Babylone,
917 4154 945 4203 et
958 4150 1009 4203 lla-
1062 4156 1181 4206 cunctos
1195 4151 1342 4207 docentem
1357 4157 1385 4208 et
1401 4153 1577 4226 incitantem,
1598 4161 1626 4211 et
1637 4159 1787 4215 custodire
1800 4159 1892 4231 depo-

181 4247 237 4306 gon
254 4234 284 4289 in
306 4232 455 4290 Palaestinu
477 4234 572 4290 oblata
600 4233 765 4306 suntlllap.
779 4236 923 4310 x1v)‘lvel
939 4236 1008 4293 aliis
1062 4238 1150 4293 situm
1167 4239 1241 4309 quod
1266 4253 1282 4294 a
1306 4240 1439 4297 Patribus
1459 4244 1658 4314 suscepimus,
1677 4254 1887 4307 convertentem

180 4322 241 4378 diis
258 4322 385 4394 gentium
402 4323 604 4392 procidimus?
616 4326 676 4380 Non
691 4330 759 4380 sunt
772 4324 840 4395 haec,
854 4338 910 4381 non
922 4332 1005 4382 sunt:
1019 4320 1048 4383 D
1062 4339 1110 4381 eos
1125 4326 1175 4395 qui
1191 4327 1224 4383 ad
1246 4329 1389 4384 modicum
1403 4330 1472 4400 quid
1490 4345 1544 4386 non
1558 4332 1776 4391 intellexerunt:
1793 4352 1810 4394 o
1822 4339 1888 4410 juge

180 4409 374 4467 calumnietur
390 4410 505 4466 nullus:
527 4411 662 4481 quoniam
687 4412 716 4467 in
731 4411 811 4469 nullo
832 4426 1007 4484 eorumquae
1061 4414 1200 4486 gaudium
1218 4422 1398 4485 nostramet
1414 4420 1575 4475 communis
1591 4422 1706 4478 utilitas
1717 4431 1747 4479 et
1760 4425 1885 4497 refectio,

179 4499 343 4556 consistunt
352 4503 381 4555 et
389 4498 462 4555 facta
479 4505 558 4570 sunt,
570 4513 671 4555 nomen
686 4501 762 4571 quod
773 4506 912 4571 estsuper
924 4516 1007 4558 omne
1061 4503 1243 4559 sanctissime
1257 4510 1285 4559 ct
1297 4506 1433 4562 omnibus
1444 4507 1619 4565 Christianis
1633 4511 1779 4569 amabilis.

181 4600 282 4642 nornen
299 4587 422 4657 populus
445 4587 553 4643 Christi
579 4601 670 4658 usque
697 4588 791 4657 hodie,
821 4593 1007 4659 praeterear·
1095 4592 1230 4648 Tarasius
1255 4595 1456 4652 sanctissimus
1481 4598 1644 4666 patriarcha
1659 4600 1754 4656 dixit:
1775 4603 1884 4659 Petrum

178 4680 253 4731 ctam
268 4674 409 4730 vivificam
424 4676 606 4747 trinitatem,
622 4677 722 4747 coluit,
741 4678 782 4734 vel
798 4679 1003 4750 servivitldc,
1059 4679 1191 4736 divinum
1213 4683 1373 4751 apostolum
1389 4685 1549 4756 aemulatus,
1565 4686 1633 4742 tuba
1654 4689 1762 4746 cecinit
1775 4691 1884 4748 nobisa

179 4761 265 4818 latria
275 4762 426 4833 adoravit]
440 4782 446 4816 :
459 4763 544 4819 absit.
559 4765 629 4819 Nam
645 4765 747 4822 modus
761 4766 903 4823 idolatria
917 4769 1006 4823 mani·
1060 4767 1148 4825 homa
1163 4770 1311 4826 veritatem
1324 4772 1409 4827 etiam
1426 4774 1507 4828 Pater
1525 4773 1579 4829 iste
1593 4774 1703 4833 beatus.

178 4847 329 4906 festusesl.
343 4849 518 4907 Christianis
528 4857 622 4909 autern
637 4854 686 4909 liei
698 4854 862 4911 cultoribus
873 4857 1002 4912 omnium
1094 4857 1332 4931 Theodorus[Gr.
1346 4862 1542 4932 Theodosius]
1560 4865 1821 4925 reverendissimus
1832 4881 1886 4925 111·

177 4937 340 4994 dominator
350 4939 573 4997 estadorandus.
587 4942 673 4998 Porro
686 4943 711 4998 si
724 4944 916 5013 quisludaioo
926 4958 1004 5000 more
1062 4946 1171 5001 nacbus
1185 4952 1212 5001 et
1228 4949 1359 5004 notarius
1374 4949 1462 5020 legit:

178 5025 212 5081 ad
229 5026 439 5082 accusatifflleffl
454 5033 557 5096 ffl011¹⁵s
579 5044 642 5100 quae
655 5031 723 5086 Olim
743 5037 842 5087 ⁶0¹¹‘s3
859 5032 1001 5089 ffl0¹⁰ffl¹¹¹
1060 5053 1182 5122 Epistola
1194 5051 1323 5107 damnaui
1345 5054 1501 5109 beatissimi.
1521 5060 1569 5126 qai
1580 5060 1806 5128 faitpatriarcha
1823 5062 1886 5118 Con·

175 5114 303 5170 cultores
317 5114 395 5170 dicta
406 5123 483 5186 sunt.
496 5117 696 5186 diffamaverit,
708 5125 736 5175 et
749 5119 941 5179 idololatriam
954 5123 1004 5177 Ec·
1096 5125 1317 5193 stantiaopalcos,
1343 5126 1381 5179 ad
1405 5128 1535 5182 Joaaancm
1561 5132 1715 5199 episcopum
1736 5133 1887 5190 Sancum·

176 5202 271 5260 alesia
284 5209 387 5258 nostrae
403 5205 570 5274 ascripserit
580 5220 614 5261 ex
622 5206 828 5264 venerabilium
844 5208 1001 5280 imaginum
1096 5209 1159 5248 Sim·

175 5291 315 5348 dellicoet
327 5291 455 5347 mirabili
467 5293 501 5347 ad
514 5293 631 5349 meliora
641 5294 758 5364 ducatu,
772 5296 845 5351 nihil
855 5297 934 5353 aliud
949 5313 1001 5354 ar-
1096 5299 1250 5369 Epistulam
1268 5307 1367 5356 vestrae
1386 5304 1443 5359 lleo
1455 5305 1644 5362 amabilitatis
1665 5308 1789 5366 tradidit
1804 5309 1887 5367 nobis

177 5379 328 5453 bitremur,
342 5393 427 5452 quarn
447 5387 478 5436 ut
493 5382 574 5436 canis
596 5382 690 5451 latret,
707 5387 734 5438 et
757 5383 786 5438 in
802 5382 890 5440 funda
904 5388 1003 5455 procul
1059 5389 1195 5444 Tarasius
1208 5389 1457 5448 laudabilissimus
1470 5390 1620 5462 patricius,
1634 5396 1665 5450 ln
1682 5413 1739 5468 qua
1752 5401 1888 5456 contine-

176 5469 306 5540 abjectus
320 5470 422 5526 audiat
433 5469 510 5527 sicut
533 5471 649 5527 ludaeus
663 5489 669 5526 :
685 5470 800 5528 Utinam
813 5479 841 5528 et
856 5475 940 5532 lsrael
956 5491 1006 5547 per
1060 5479 1144 5536 batur
1152 5478 1252 5535 defleo
1265 5478 1382 5536 amabili
1397 5482 1670 5553 cpiscopoNacoliae.
1681 5486 1888 5559 Significamus
