3876 6090
59 250 67 261 ·
183 219 254 281 ⁴⁰27
479 219 625 279 bennun.
646 218 695 277 AD
712 216 785 276 SAEG
800 216 852 276 IX.
871 245 908 259 -
924 215 1089 275 SUPPLEM.
1108 216 1156 275 ab
1173 217 1271 277 ader.
1291 217 1472 294 annonis
1489 219 1585 280 sunt.
1823 221 1891 283 iffi

184 349 287 409 babuit
300 353 365 406 aute
380 346 481 404 mundi
495 344 744 416 constitutionem,
762 348 924 400 antennam
939 339 1051 400 san-A
1066 342 1261 412 apostolorum
1286 359 1352 402 nero
1372 345 1502 404 oratioue
1523 352 1552 405 et
1578 359 1683 405 manus
1709 346 1890 418 impositione

183 446 258 498 cum
284 436 521 508 incarnationem,
552 439 695 506 quatenus
718 447 783 491 cum
811 432 922 489 veniret
941 429 1012 487 olim
1068 437 1136 489 sunt
1149 433 1287 490 ordinati.
1302 435 1407 505 -Qui
1422 441 1517 493 autem
1532 435 1606 493 banc
1621 435 1751 508 regulam
1766 437 1890 508 exemplo

185 528 333 601 plenitudo
352 527 501 599 temporis,
519 539 583 583 cum
605 538 638 581 ex
653 537 735 581 sacra
750 527 875 580 sumeret
893 518 1012 590 Virgine
1066 521 1260 591 apostolorum
1275 523 1534 596 tenerenoluerint,
1549 525 1889 584 caveantctridcantboc

183 632 307 691 carnem,
331 631 396 674 cum
418 620 593 686 nasceretur,
610 627 676 669 cum
690 626 707 669 a
722 625 774 668 suo
789 615 854 683 post
866 606 1012 678 discipulo
1066 608 1164 668 beatos
1176 612 1321 682 apostolos
1333 626 1389 670 non
1405 611 1517 686 iecisse,
1530 614 1589 670 nisi
1604 611 1728 672 tratrum
1743 617 1822 672 ectu
1833 615 1891 673 col-

185 707 354 765 traderetur.
374 707 502 763 Donatus
516 703 551 760 ab
570 703 634 774 ipso
652 701 773 759 Domino
790 701 819 757 iu
835 695 1013 758 duodenario
1067 698 1150 769 lecto,
1166 704 1194 756 et
1210 701 1343 771 precibus
1356 701 1456 760 effusis
1468 702 1503 760 ad
1519 703 1684 762 nominum.

184 810 302 855 numero
320 795 495 853 exaltaretur
513 797 599 864 atque
615 790 837 864 gioriicaretur,
852 794 882 846 ct
901 786 1014 845 duode-
1102 784 1129 845 7.
1141 788 1213 860 Quis
1221 791 1327 848 etenim
1338 792 1411 849 banc
1422 793 1472 850 bei
1486 792 1716 851 misericordiam
1731 792 1888 866 perlectam,

183 886 285 943 uarius
299 897 433 944 numeros
454 881 597 955 perlectus
616 879 806 937 inveniretur.
821 880 878 935 Nec
893 873 1011 945 mirum,
1067 877 1134 948 quis
1144 880 1208 949 ejus
1218 881 1444 953 dispensationis
1454 883 1575 954 gratiam
1589 883 1724 955 praeratet
1739 885 1890 942 enarraret

183 988 235 1032 nec
250 972 421 1032 incredibile
437 990 444 1028 :
461 970 536 1027 utbil
551 970 628 1027 enim
644 968 693 1026 nei
708 967 857 1039 sapientiae
872 963 1013 1036 impossi—
1066 969 1128 1039 lpse
1143 969 1244 1042 utique
1257 971 1304 1028 sui
1319 971 1443 1043 apostoli
1465 972 1633 1030 electionem
1649 987 1700 1045 pet·
1716 973 1815 1046 ignem
1828 973 1890 1045 Spi-

182 1063 251 1135 bile,
263 1057 808 1135 nihilqueincognitumessecreditur.
821 1053 1010 1112 Omniaenlm
1067 1056 1142 1114 ritus
1164 1060 1256 1116 sancti
1278 1060 1447 1119 contlrmars
1465 1062 1676 1134 dignatusest,
1699 1062 1754 1134 qui
1773 1063 1888 1121 bostiam

184 1163 361 1225 quacunque
378 1149 472 1207 voluit
484 1146 552 1204 iecit
568 1147 599 1203 in
613 1146 685 1204 coelo
697 1150 726 1202 et
745 1145 776 1202 iu
791 1154 877 1214 terra,
893 1140 1010 1198 inmari
1065 1146 1111 1203 sui
1123 1149 1262 1220 corporis,
1274 1163 1360 1222 quam
1370 1165 1422 1222 pro
1433 1151 1643 1224 nobisobtulit,
1655 1151 1705 1209 die
1715 1152 1890 1210 Pentecosten

182 1246 212 1298 et
224 1240 255 1297 iu
269 1239 404 1296 omuibus
423 1236 545 1308 abyssis.
560 1234 584 1291 0
599 1239 739 1307 quantum
758 1232 869 1290 distant
887 1231 1012 1287 bumana
1066 1249 1116 1305 per
1131 1235 1225 1310 ignem
1239 1239 1367 1310 Spiritus
1381 1241 1472 1298 sancti
1493 1240 1668 1299 mirabiliter
1680 1239 1694 1280 ⁴
1707 1255 1890 1299 wnwmma-

184 1322 1011 1398 merimasupernisjudtcitsatquedtrinisioquantum
1065 1325 1117 1382 rit.
1136 1326 1184 1383 Sic
1202 1328 1306 1385 etenim
1329 1329 1400 1386 ordo
1422 1343 1510 1387 sacrae
1529 1330 1686 1401 Scripturae
1709 1344 1762 1402 per
1782 1329 1890 1388 numu

183 1419 308 1476 bumana
331 1417 474 1487 sapientia
493 1415 529 1472 ab
553 1415 604 1472 illa
626 1413 778 1484 sapientia,
800 1411 836 1468 de
859 1421 916 1482 qua
938 1407 1011 1464 dicit
1064 1415 1267 1488 evangelistam
1277 1418 1439 1489 denuntiat,
1450 1419 1892 1492 dicens21etdumcompterenos

181 1503 705 1578 apostotus:oattttudodirtttarum
715 1497 1011 1571 saptcnrtaeetscien-
1064 1506 1122 1561 dies
1147 1507 1323 1570 Pentecoste,
1353 1513 1431 1565 erent
1458 1524 1548 1566 omues
1578 1509 1712 1580 despecti
1734 1511 1843 1580 pariter
1864 1512 1890 1566 in

183 1596 242 1667 tiae,
265 1608 349 1667 quam
368 1590 673 1663 incomprehensibilia
695 1593 763 1647 sunt
779 1587 891 1658 iudicia
905 1585 969 1656 ejus
982 1590 1011 1641 et
1063 1595 1155 1650 eonem
1172 1595 1237 1660 1000,
1253 1599 1279 1651 pc
1291 1598 1382 1664 [mnus
1398 1603 1439 1654 ρει
1456 1602 1565 1669 repense
1583 1598 1617 1653 <p
1636 1599 1702 1654 0010
1716 1612 1814 1663 pom,
1829 1602 1891 1655 m.

183 1681 399 1756 iuvestigabiles
408 1681 462 1737 rie
473 1680 553 1751 ejus!
567 1681 644 1736 tlanc
655 1679 732 1736 enirn
745 1676 916 1748 sapientiam
928 1687 1010 1731 com·
1024 1667 1050 1730 B
1065 1700 1146 1756 quam
1160 1684 1330 1741 advenientis
1344 1688 1458 1758 spiritus
1467 1688 1640 1753 uehementis,
1651 1689 1804 1760 perspicuas
1813 1692 1890 1744 wrm

183 1773 288 1845 pletam
301 1770 465 1828 invenimus
477 1771 507 1825 in
521 1770 550 1824 n.
564 1765 848 1836 llattbiaeeiectione,
863 1776 947 1835 quem
959 1762 1009 1821 Dei
1065 1771 1183 1839 domum,
1211 1773 1261 1828 uns
1289 1780 1369 1831 eram
1404 1776 1536 1841 senenses,
1564 1782 1591 1833 ee
1616 1782 1814 1850 apparuerunt
1837 1779 1888 1833 ssu,

182 1861 354 1932 sapientiam
363 1858 394 1916 in
403 1859 537 1915 thesauro
547 1870 600 1913 suo
611 1855 789 1913 reconditum
799 1852 901 1909 babuit
910 1851 1011 1908 bumi-
1065 1863 1215 1934 dummoc
1226 1865 1328 1933 unm
1341 1869 1474 1936 tunquam
1489 1868 1574 1935 mois,
1588 1866 1716 1939 ,eaeque
1730 1882 1818 1938 ςυρψ
1831 1870 1889 1923 ,ξη-

183 1948 239 2007 lem
253 1954 281 2005 et
292 1961 429 2019 parvum:
443 1946 491 2004 sed
507 1950 601 2003 tamen
616 1943 708 2002 noluit
724 1943 754 1999 in
769 1940 874 1999 saeculo
887 1940 1011 2012 pandere
1063 1953 1141 2022 puros
1166 1970 1257 2010 emm
1278 1972 1287 2010 2
1307 1958 1332 2010 es
1349 1955 1445 2026 reptem
1464 1960 1530 2012 ,unq
1547 1971 1638 2012 omne,
1660 1956 1773 2028 spesi„
1791 1963 1886 2020 pm,

184 2041 357 2109 magnumst
371 2035 541 2108 gloriosum,
556 2033 670 2090 scilicet
681 2045 746 2089 cum
760 2031 790 2088 in
807 2030 911 2087 throno
926 2028 1010 2085 illum
1065 2047 1235 2113 eameram
1246 2044 1417 2114 loquivcrnis
1430 2046 1543 2114 sewun,
1552 2050 1638 2117 mus
1649 2047 1886 2118 spensam

181 2125 352 2183 duodecimo
364 2124 511 2182 exaltaret.
526 2121 711 2193 excipiamus
720 2133 787 2193 ergo
797 2132 862 2177 eum
873 2124 1009 2190 tanquam
1065 2131 1149 2188 dabar
1167 2133 1257 2203 eloqui
1269 2133 1327 2189 runs,
1340 2133 1414 2204 (Aa,
1430 2148 1462 2207 u,
1480 2132 1491 2191 r
1509 2139 1534 2191 ει
1554 2137 1634 2208 304),
1650 2135 1706 2194 ιιι,
1726 2149 1850 2207 mque
1861 2137 1885 2193 1„

182 2216 270 2272 aneo
289 2215 437 2284 conanum,
463 2216 599 2284 unquam
620 2209 657 2266 ao
677 2209 740 2280 ipsc
763 2207 1008 2279 praecursum:
1065 2221 1126 2294 nge
1145 2221 1239 2279 nosrta
1258 2223 1444 2294 acceptamus
1457 2226 1514 2281 uec
1527 2229 1600 2295 erar,
1617 2239 1681 2297 qus
1701 2225 1814 2284 oeten
1829 2226 1884 2298 spe

182 2295 1011 2373 veneremurillumitiiissl1¹³ffl²bll⁸⁰issoetdiffiilllltts
1055 2311 1285 2372 ‚consumebatur
1300 2330 1307 2384 ς
1323 2313 1411 2370 sicuti
1435 2313 1579 2371 divinitus
1599 2319 1698 2372 actum
1718 2314 1844 2388 legimus
1861 2315 1883 2370 ir

182 2394 263 2452 tilde
284 2391 487 2464 Sl⁰lifl⁰³i¹1ffl·
504 2389 656 2446 N01¹0ssiffl
674 2387 723 2444 1¹¹0
738 2386 893 2458 diffidimus
906 2385 1011 2441 Bm·
1065 2400 1309 2472 holocaustojusti
1318 2402 1509 2474 libel,llanue
1518 2403 1608 2475 patris
1615 2404 1733 2462 scilicet
1741 2402 1883 2462 tortissimi

182 2482 234 2539 bns
254 2481 442 2539 estimandus
462 2484 506 2536 est
527 2477 578 2535 ille
599 2476 742 2534 Barnabas
762 2488 856 2533 comes
877 2473 907 2528 B.
927 2470 1009 2529 Pauli
1063 2488 1180 2546 sqmwn
1193 2494 1280 2561 atque
1289 2492 1359 2548 1311ae
1373 2497 1400 2549 θ(
1415 2496 1582 2551 ,mmmm
1595 2493 1814 2564 prophetarum,
1828 2507 1882 2551 m

182 2560 1010 2643 dposwiitilaffliiiessiiilsesssswiaiiORiS,hissassieiiifflilis
1065 2577 1115 2636 ubi
1138 2591 1189 2636 nos
1211 2578 1358 2652 legimus:
1380 2600 1394 2633 q
1421 2580 1555 2652 Respexit
1578 2584 1655 2639 Deus
1680 2596 1803 2641 mmm
1824 2582 1881 2639 mi

181 2660 290 2735 quietis
304 2659 518 2730 interpretatur.
1062 2665 1141 2737 (tien.
1155 2680 1195 2738 te,
1208 2665 1246 2741 i),
1261 2685 1275 2717 o
1290 2667 1320 2724 ln
1332 2669 1430 2726 Graeco
1448 2670 1587 2742 scriptum
1607 2675 1660 2742 est,
1676 2672 1881 2741 tnpcmmstt

1062 2755 1136 2828 Ergo
1159 2756 1187 2812 B.
1214 2757 1342 2815 llattbiae
1362 2759 1484 2829 apostoli
1510 2760 1603 2816 bostia
1629 2760 1787 2818 electionis
1805 2774 1881 2818 sacra

180 2815 1009 2964 ωξῇρῐὲᾗῆῃἐξἵζεέὼεὲᾞῖἧαῇζίῇξζᾭῗὼυζᾝᾏ
1062 2843 1218 2916 Scripturas
1236 2847 1406 2908 documento
1423 2848 1507 2906 babet
1528 2849 1683 2907 maximam
1703 2851 1880 2917 sauctirmem,

217 2965 322 3022 tu
503 2960 646 3017 ...m
1021 2935 1881 3100 c,.0¹'l.⁰,„⁰dt'.

215 3123 241 3181 6.
256 3133 272 3166 ι
284 3123 319 3180 lit
329 3120 479 3192 dederunt,
493 3118 536 3176 alt
548 3120 637 3177 Lucas
650 3118 834 3192 evangelista,
846 3117 890 3174 ets
904 3119 1005 3188 sortes,
1060 3116 1133 3173 eoelo
1142 3115 1292 3186 Dominus,
1302 3116 1397 3173 dando
1408 3117 1502 3190 ignem
1512 3117 1639 3190 Spiritus
1647 3119 1746 3177 sancti
1756 3117 1880 3176 omnibus

179 3218 208 3272 ct
225 3213 331 3271 cecidit
351 3225 414 3268 sors
435 3223 521 3279 super
543 3208 700 3266 ldattbiam.
725 3211 822 3282 Neque
843 3207 928 3263 etiam
953 3205 1008 3262 boc
1060 3206 1211 3278 apostolis,
1234 3205 1335 3278 utique
1358 3213 1387 3263 et
1408 3207 1465 3277 ipsi
1487 3208 1517 3263 Β.
1542 3208 1681 3281 llattbiae,
1705 3213 1739 3267 nt
1761 3208 1878 3267 omnirm

179 3301 319 3373 exemplo,
334 3300 376 3359 vei
392 3298 462 3371 qnia
473 3298 558 3355 Jonas
570 3298 708 3369 propbeta
722 3302 799 3354 sorte
811 3294 1008 3367 deprehensus
1060 3293 1188 3365 gentium
1205 3292 1316 3366 linguis
1332 3300 1467 3365 perpetuo
1482 3294 1681 3367 loquerentur.

180 3393 230 3463 sit,
248 3390 444 3448 indifferenter
456 3386 585 3445 sortibus
597 3392 641 3445 est
652 3388 824 3445 credendum
838 3403 845 3440 ε
860 3398 926 3442 cum
943 3381 1008 3454 pri·
1095 3381 1122 3440 8.
1135 3382 1189 3440 Sed
1204 3381 1325 3441 forsitan
1339 3383 1414 3441 dicit
1422 3384 1550 3456 aliquis:
1563 3385 1630 3442 Fuit
1644 3385 1750 3458 utique
1763 3386 1879 3458 Spiritus

179 3481 285 3554 vilegia
300 3477 493 3552 singularium
507 3473 523 3518 b
537 3490 715 3534 communem
731 3476 819 3549 legem
835 3473 927 3531 tacere
941 3485 1008 3529 om·
1059 3477 1178 3531 sanctus
1191 3472 1331 3543 apostolis
1345 3478 1373 3530 et
1387 3475 1416 3530 n.
1433 3474 1561 3533 liabbiae
1580 3476 1668 3533 datus
1689 3475 1878 3534 tantummodo

179 3571 250 3628 nino
273 3582 331 3627 non
357 3565 478 3638 possint.
505 3566 575 3621 Nam
603 3564 633 3622 ln
662 3571 738 3622 sorte
760 3565 837 3621 lonae
863 3560 1007 3632 propbctae
1061 3561 1113 3621 illo
1128 3562 1158 3620 iu
1177 3567 1345 3634 temporeet
1359 3562 1390 3620 in
1405 3562 1458 3620 illo
1475 3564 1548 3635 loco,
1571 3569 1671 3635 postca
1689 3578 1760 3624 nero
1776 3565 1879 3623 ablatus

178 3658 308 3718 Gentiles
322 3657 489 3726 tempestate
510 3653 601 3711 coacti
622 3658 766 3712 auctorem
786 3649 910 3723 periculi
930 3652 1007 3706 sorte
1059 3657 1112 3724 est,
1128 3652 1205 3710 sicut
1213 3657 1243 3709 et
1253 3652 1290 3709 ab
1301 3653 1436 3711 omnibns
1449 3653 1597 3725 prophetis
1606 3658 1662 3712 eta
1674 3655 1705 3711 lt.
1718 3655 1826 3725 liltsso,
1836 3655 1877 3726 qui

180 3747 367 3820 querebant:
385 3748 413 3803 ct
435 3740 483 3796 bic
503 3741 533 3797 B.
555 3743 692 3801 llattbtas
712 3741 837 3798 dilectus
859 3739 910 3796 Dei
929 3741 1006 3796 sorte
1058 3742 1169 3799 dicitur
1182 3743 1218 3800 de
1236 3742 1357 3801 muliere
1373 3742 1472 3802 orbata
1491 3744 1570 3815 prole
1589 3744 1625 3801 ad
1644 3757 1791 3816 puerum:
1808 3745 1879 3802 rbi-

179 3836 308 3909 eliqitur,
331 3849 367 3893 ne
384 3838 448 3908 ejus
468 3835 568 3895 electio
588 3846 604 3890 a
624 3831 685 3904 lege
704 3829 815 3887 Veteris
832 3828 1004 3887 Testamenti
1059 3831 1141 3889 mitte
1153 3831 1233 3889 illam
1246 3833 1382 3904 quoniam
1392 3832 1488 3890 anima
1500 3834 1563 3904 elus
1574 3834 1605 3890 iu
1615 3834 1877 3894 amaritudinoest:

179 3923 344 3996 discrepare
366 3924 524 3997 videretur,
552 3921 602 3980 ubi
626 3932 757 3978 summus
776 3917 909 3975 sacerdos
929 3921 1005 3975 sorte
1057 3926 1086 3980 et
1099 3922 1239 3980 Dominus
1253 3921 1356 3980 celarit
1369 3935 1386 3978 a
1401 3935 1455 3995 me,
1470 3926 1500 3980 et
1513 3936 1571 3981 uon
1585 3922 1730 3983 indicarit
1750 3925 1822 3983 mibi
1836 3922 1881 3994 (ll

180 4013 270 4085 quaeri
290 4014 466 4084 jubebatur:
483 4015 560 4072 sicut
578 4012 614 4068 de
633 4008 769 4068 zacharia
788 4007 909 4078 dicitur,
926 4021 1006 4065 rse-
1057 4012 1121 4079 neq.
1136 4025 1176 4083 ιν,
1191 4008 1247 4082 stt).
1264 4029 1277 4063 n
1292 4010 1385 4082 Absit,
1400 4011 1529 4084 inquam,
1544 4013 1608 4083 boc,
1622 4013 1732 4071 absita
1747 4014 1879 4072 catboltca

179 4103 306 4160 cundum
332 4104 570 4162 consuetudinem
595 4097 749 4159 sacerdotii
773 4102 850 4155 sorte
869 4096 952 4168 exiit,
972 4099 1006 4153 ut
1058 4099 1186 4158 veritate.
1205 4101 1275 4157 Nam
1290 4099 1316 4156 si
1329 4100 1358 4155 B.
1380 4099 1475 4158 llliseo
1492 4102 1650 4160 accaeteris
1666 4103 1818 4175 propbetis
1830 4099 1879 4159 init

180 4191 327 4249 incensum
351 4198 468 4265 poneret
486 4192 562 4263 (buc.
581 4205 601 4260 r,
617 4188 656 4263 9).
680 4208 694 4241 r
714 4187 767 4245 Sed
789 4188 862 4243 banc
883 4185 1003 4257 liguram
1057 4189 1128 4248 olim
1142 4189 1270 4261 Spiritus
1284 4192 1401 4247 sauctus
1414 4189 1500 4247 datus
1512 4195 1542 4246 et
1553 4190 1693 4262 ablatus,
1710 4193 1762 4251 ssd
1779 4204 1880 4264 nequa·

179 4281 265 4339 licuit
274 4283 401 4340 exerceri
413 4281 617 4339 donecneritas
630 4280 783 4351 pertesum
792 4275 1001 4356 compleretur:
1058 4292 1169 4351 quamn
1180 4278 1289 4336 sanctis
1300 4279 1440 4350 apostolis
1451 4285 1480 4337 et
1489 4291 1507 4336 a
1517 4281 1546 4337 n.
1560 4281 1692 4338 ilattbis.
1705 4281 1773 4341 lllis
1782 4282 1878 4340 etenim

178 4373 262 4444 cutus
288 4372 383 4431 bostis
409 4376 535 4443 tempore
563 4369 678 4427 Pascha
706 4366 861 4434 immolata,
886 4365 934 4421 sed
955 4359 1043 4423 dieD
1058 4368 1112 4427 etsi
1127 4370 1162 4427 ad
1177 4373 1289 4441 tempus
1301 4369 1359 4428 iuit
1371 4371 1497 4429 datnset
1510 4369 1634 4439 ablatus,
1649 4372 1691 4429 ita
1705 4372 1878 4445 expediebat

177 4461 366 4536 Pentecostes,
379 4461 491 4533 Spiritu
504 4462 603 4518 sancto
616 4458 646 4514 iu
660 4457 725 4529 igne
734 4459 897 4528 apparente,
911 4465 925 4496 ο
940 4470 1004 4514 vere
1058 4457 1099 4514 ita
1110 4470 1269 4530 congruum
1285 4455 1352 4529 tuit,
1372 4456 1452 4516 sicut
1467 4458 1709 4529 prophetantibus
1727 4461 1877 4518 veritatem.

175 4564 344 4610 consumma
369 4557 421 4609 est.
450 4551 518 4608 inde
540 4554 592 4618 est,
618 4547 693 4618 quod
722 4547 750 4602 li.
777 4547 914 4606 llattbias
938 4555 1004 4606 aute
1056 4546 1126 4604 Cum
1138 4553 1232 4604 autem
1247 4546 1381 4605 Christus
1395 4548 1502 4606 veritas
1514 4547 1603 4620 venit,
1621 4549 1735 4607 sanctis
1748 4548 1879 4622 apostolis

177 4643 369 4699 Pentecosten
390 4644 466 4697 sorte
489 4637 641 4696 ordinatur
655 4654 663 4691 ε
677 4641 783 4707 septem
800 4651 866 4694 nero
886 4638 1002 4695 diaconi
1055 4636 1184 4708 Spiritus
1195 4642 1313 4694 sauctus
1325 4638 1488 4709 perenniter
1498 4643 1542 4697 est
1550 4639 1637 4697 datus
1644 4644 1676 4697 et
1685 4641 1876 4708 conflrmatus,

176 4727 264 4801 (inter
275 4742 348 4801 quos
362 4728 547 4785 beatissimus
563 4730 669 4797 martyr
680 4725 792 4797 primus
807 4726 869 4797 ipse
880 4726 1004 4799 Stepba-
1056 4726 1170 4785 sicutet
1180 4727 1273 4800 gratia
1283 4728 1412 4787 omnium
1422 4729 1599 4803 linguarum.
1611 4729 1648 4787 llt
1660 4733 1777 4791 merito
1788 4734 1877 4790 Nosne

177 4830 243 4891 uns,
259 4819 310 4890 qut
326 4816 513 4891 glorificando
525 4817 620 4873 lesum
631 4814 789 4887 christum,
800 4829 818 4873 a
828 4814 940 4874 dextris
952 4816 1001 4874 bei
1057 4822 1211 4890 maguaest
1221 4815 1385 4875 differentia
1396 4819 1472 4890 apud
1485 4819 1640 4877 Dominum
1654 4821 1878 4896 interapostolos

175 4911 300 4964 smntem
324 4907 408 4964 illum
431 4919 547 4965 cernere
571 4904 686 4979 meruit)
704 4911 800 4975 postea
822 4918 1002 4979 nequaquam
1055 4911 1084 4964 ct
1100 4906 1334 4979 propbetastllli
1350 4906 1757 4970 enimutiamuliadreutum
1770 4911 1876 4972 nemim

178 4994 721 5070 sortisaqitatione,seddiscipulorum
729 4995 1001 5068 tantumelectione,
1056 4996 1292 5068 predicaverunt,
1312 5000 1341 5055 et
1353 4997 1547 5071 crediderunt,
1562 5011 1614 5056 nec
1629 5003 1729 5061 tamen
1750 5003 1878 5063 incarna-

159 5158 164 5162 .
212 5106 301 5161 ¹Haec
323 5106 460 5231 usquead
482 5104 565 5161 ssnem
586 5102 698 5160 numeri
714 5115 747 5158 ex
767 5103 838 5159 Beda
856 5103 1001 5174 descripta
1054 5103 1207 5159 suetudinis
1226 5107 1348 5175 acceptas
1359 5107 1548 5162 morbidum
1564 5107 1876 5180 comedissem.

178 5181 247 5235 sunt
261 5175 370 5233 nonnul
385 5176 410 5233 is
431 5176 557 5245 omissis,
573 5178 602 5230 et
618 5172 750 5244 pauculis
764 5174 800 5230 de
813 5175 841 5230 S.
857 5175 905 5231 Ste
947 5189 1000 5232 sno
1089 5176 1164 5232 tlls.
1183 5178 1362 5246 cmitrmaoii.

176 5248 295 5332 additis.
311 5249 350 5305 be
364 5247 556 5330 sortitiones.
575 5243 700 5328 llattbiae
719 5245 856 5328 nonnulla
873 5175 957 5302 uniit
970 5248 998 5303 S.
1088 5249 1152 5332 0lta
1166 5247 1194 5303 S.
1212 5248 1402 5331 llicronymus
1424 5261 1459 5305 ex
1479 5249 1699 5311 Theodotiouss
1713 5254 1754 5313 br
1771 5256 1878 5326 infirn-

176 5321 332 5394 Diouysrus
347 5332 371 5375 c.
388 5333 404 5374 v
424 5318 631 5374 Ecclesiastrcae
651 5315 825 5372 lllerarcbrae
841 5316 857 5390 5
875 5315 903 5373 5.
923 5319 1001 5375 Con·
1053 5324 1138 5373 meost
1151 5321 1282 5374 bomrnus
1302 5319 1609 5408 superadderemus
1621 5326 1699 5381 socr·
1738 5327 1745 5341 '

176 5392 240 5450 sule
259 5391 428 5463 interpretes
448 5389 478 5446 tn
497 5387 567 5445 ncta
586 5387 789 5458 apostolorum.
1054 5405 1136 5461 super
1150 5389 1218 5446 Cain
1230 5406 1292 5448 cero
1306 5395 1332 5447 et
1346 5406 1429 5463 super
1445 5396 1611 5466 meridien
1623 5395 1687 5467 &aa
1700 5412 1761 5456 narr
1771 5341 1878 5471 ξε-

210 5471 399 5545 binterponit
418 5471 491 5527 Beda
509 5472 561 5524 :ut
575 5469 756 5538 Hieronymus
771 5470 821 5525 cit.
1053 5474 1147 5529 mouit.
1170 5473 1267 5530 Graece
1278 5473 1436 5532 Tbeodotio
1446 5488 1609 5550 scampinus,
1620 5476 1837 5550 me
1850 5476 1880 5537 ai

211 5555 329 5613 enoda:
343 5567 405 5610 uere
420 5553 579 5623 consumpto
591 5552 639 5606 est.
660 5549 764 5606 Veteris
778 5551 850 5609 enim
860 5555 920 5609 oct
932 5566 1001 5609 eon-
1051 5553 1128 5617 lllx
1143 5547 1585 5630 conquassationem.
1737 5568 1747 5591 ··
1774 5574 1777 5579 ’
