3876 6090
45 248 103 307 225

460 254 731 314 nutenrnerallo
748 253 873 312 SYNODl
892 254 939 309 vti
957 255 1157 313 camenam.
1169 288 1205 298 -
1223 258 1325 315 ACTIO
1345 260 1366 315 l.

1705 257 1759 318 226

48 372 107 426 rim
128 385 277 443 perpessos
289 374 373 431 Pater
386 377 532 433 admittit:
552 379 650 435 dicant
668 392 744 451 ergo,
765 379 790 434 si
820 384 882 435 tra·
894 380 924 441 A
972 380 1072 435 Sancta
1085 381 1211 451 synodus
1225 380 1317 437 dixit:
1335 381 1458 451 Quaerite
1474 381 1609 453 deinceps
1623 385 1707 440 etiam
1722 386 1759 441 de

48 461 88 515 cti
112 458 229 532 luerint,
251 468 280 518 et
305 464 363 520 vim
384 467 521 538 perpessi,
542 473 570 522 et
593 467 656 523 ideo
677 467 880 523 recesserinta

47 550 181 605 veritate.
530 624 534 630 .

87 640 238 715 Hypatius,
255 642 345 712 etqui
357 657 422 699 cum
437 657 470 700 co
485 649 566 700 erant
581 644 706 716 episcopi
722 645 877 701 dixerunt:

46 727 120 796 Quia
143 743 195 784 nos
212 743 306 800 neque
328 732 386 786 vim
405 733 610 803 sustinuimus,
628 748 719 804 neque
742 734 877 790 abstracti

49 831 161 888 sumus,
180 818 230 873 sed
257 819 287 874 in
313 819 367 876 hac
387 825 482 876 nostra
504 821 606 876 haeresi
629 821 688 876 nati
711 829 739 877 et
764 819 878 877 educati

47 920 159 978 sumus,
175 914 204 963 et
219 908 374 964 crevimus

935 467 1128 525 ordinatione.

970 558 1111 613 Antonius
1126 549 1382 616 reverendissimus
1398 559 1553 615 monachus
1569 560 1648 632 legit.

869 734 876 746 ,
933 685 971 736 lle
981 683 1160 738 ecclesiastica
1171 687 1293 740 Histootrr
1303 688 1395 755 Rufini
1403 685 1555 754 presbytcri
1563 686 1686 740 Romani.

969 790 1064 861 Pergit
1076 791 1181 847 interea
1192 792 1334 850 Eusebius
1344 792 1558 863 Alexandriam,
1571 796 1672 867 ibique
1687 810 1760 851 con-

935 875 1073 934 sessorum
1102 881 1227 937 concilio
1253 883 1538 955 congregatolpauei
1555 900 1682 951 numero,
1710 885 1757 941 sed

79 996 253 1052 Theodorus
281 999 339 1054 Deo
369 998 502 1055 amabilis
523 1000 678 1070 episcopus
705 1001 827 1069 ΜΝ,
852 1006 880 1055 e,
935 965 990 1022 tide
1006 968 1108 1040 integri
1125 973 1153 1024 et
1169 971 1280 1027 meritis
1297 972 1485 1045 multilaliis
1501 974 1651 1031 videbatur
1664 974 1759 1031 calore

51 1086 99 1157 qu,
120 1101 190 1142 cum
203 1101 237 1142 eo
252 1088 429 1144 sancussimi
451 1089 578 1159 episcop,
600 1090 719 1159 fficium,
736 1103 792 1146 una
814 1103 878 1145 cum
934 1052 1109 1112 serventibus
1131 1057 1206 1127 fidei,
1224 1060 1335 1116 nullum
1360 1061 1461 1118 debere
1477 1061 1551 1118 ultra
1572 1063 1600 1118 in
1624 1062 1760 1119 sacerdo-

48 1175 213 1245 Epiphanio
225 1176 347 1232 diacono
360 1177 488 1232 civitatis
506 1178 628 1249 Catanae,
645 1184 673 1234 et
689 1178 781 1234 locum
806 1177 880 1232 reti·
934 1145 1007 1200 ‘ium
1019 1146 1118 1246 'fmilia
1133 1147 1182 1217 ‘1¹¹¹
1199 1162 1228 1202 ⁵³
1239 1155 1384 1220 utcunque
1395 1150 1533 1207 haefeflcae
1546 1153 1759 1207 ⁰⁰fflffi¹¹¹¹i⁰¹¹i⁸

51 1271 132 1319 neme
154 1265 271 1320 Thomae
290 1265 417 1335 episcop,
449 1266 600 1336 Sardinia,²
625 1268 782 1323 dimum:
805 1266 879 1335 Qu„
933 1239 1101 1305 contagione
1128 1238 1306 1294 maculasset.
1332 1238 1611 1309 Sedqniimitantes
1633 1239 1760 1312 Aposto-

51 1367 172 1410 ranones
194 1358 360 1410 sanctorum
384 1356 497 1410 Petrum
513 1356 564 1426 qui
590 1355 657 1411 lecti
671 1362 749 1421 sunt,
766 1360 821 1410 tam
843 1354 879 1408 dc
934 1321 993 1377 lum
1009 1324 1173 1392 ‘luaefebam
1186 1339 1241 1381 '¹⁰¹¹
1264 1327 1339 1397 ‘1¹¹0d
1357 1326 1413 1382 Sibi
1430 1328 1503 1383 nme
1518 1332 1603 1401 esset,
1616 1330 1664 1386 ⁵0⁶
1681 1331 1756 1401 l¹¹⁰d

52 1441 217 1498 horatianis
226 1448 255 1497 et
265 1443 431 1513 Encratitis,
442 1457 527 1513 quam
537 1444 702 1499 deAdriani
714 1444 786 1498 dicti
798 1448 877 1513 sunt,
934 1409 1067 1479 plumbus
1079 1431 1097 1514 ἲ,
1114 1414 1156 1469 '⁹¹
1173 1415 1222 1515 {¹¹¹³
1237 1416 1422 1472 imitaremur
1440 1417 1597 1487 Christum,
1615 1419 1677 1519 qui,
1692 1433 1758 1519 Ψ

53 1532 135 1601 hujus
149 1531 434 1588 haereseosoensms
444 1547 508 1588 cum
523 1532 825 1603 quibusmabimus,
933 1504 1007 1554 esset
1021 1514 1149 1557 omnium
1160 1508 1228 1574 vita,
1245 1518 1296 1574 pro
1311 1505 1581 1562 salutecunctornm
1599 1506 1758 1562 humrlrans

82 1620 701 1690 Tarasiussanctissimuspatriarchadixit:
714 1620 878 1676 invenimus
933 1605 963 1647 ⁵⁶³
977 1591 1124 1647 ‘lesoendit
1140 1593 1169 1646 ⁵¹¹
1187 1598 1315 1662 ‘nortem’
1332 1608 1389 1663 ‘¹¹¹⁰
1410 1593 1522 1650 ⁸⁰ffi⁰⁰t
1537 1595 1716 1651 invenimur
1730 1600 1759 1651 ⁰²

54 1713 78 1762 et
93 1706 273 1762 blanichaeos
287 1721 343 1763 non
359 1708 527 1778 recipientes
545 1708 651 1763 iconas.
668 1713 696 1762 et
720 1707 878 1763 Marcioni·
893 1702 919 1763 B
933 1681 962 1735 ¹¹¹
977 1681 1099 1736 “muns
1114 1681 1190 1750 Vim
1206 1681 1349 1750 ⁶¹⁰⁰b³¹¹¹¹
1366 1683 1471 1739 melius
1483 1696 1544 1739 ⁰⁵⁸⁸
1560 1683 1711 1739 'mmmm
1728 1697 1758 1740 ⁵⁸

56 1800 153 1864 stas,et
164 1796 274 1865 eosqui
286 1794 583 1853 contunduntchristi
599 1803 729 1864 naturas:
754 1808 877 1866 quornm

57 1883 161 1953 primus
173 1879 183 1957 [
194 1881 289 1959 unus]
304 1890 346 1940 est
358 1887 457 1941 Petrus
466 1884 620 1955 Gnapheus
630 1893 657 1940 et
666 1884 790 1939 xenaias
805 1883 876 1938 llic-

59 1972 242 2043 rapolitanus,
257 1972 404 2043 haeretici,
422 1974 468 2029 sed
483 1980 511 2029 et
521 1975 650 2030 Severus.

84 2062 269 2132 Epiphanius
290 2063 430 2118 diaconus
443 2064 632 2119 sanctissime
650 2077 683 2119 ac
700 2076 808 2134 magnac
821 2062 879 2116 Ec-

58 2151 142 2206 clesiae
156 2151 283 2223 Catane,
297 2158 325 2206 et
337 2152 431 2208 locum
443 2152 569 2208 retinens
578 2154 690 2208 Thomna
699 2149 877 2208 sanctissimi

60 2239 264 2310 archiepiscopi
278 2241 428 2311 Sardiniae,
444 2242 540 2298 dixit:
562 2242 655 2297 llinor
666 2247 709 2297 est
731 2238 878 2310 prioribus

63 2326 215 2384 heresibus
228 2328 342 2385 novitas
352 2344 486 2400 presens,
501 2344 536 2385 an
554 2329 665 2400 majori

86 2417 223 2472 tarasius
233 2418 434 2474 sanctissimus
445 2419 606 2488 patriarcha
616 2419 706 2475 dixit:
721 2418 801 2488 Quod
816 2433 878 2474 me-

64 2501 108 2558 lnm
122 2510 176 2574 est,
187 2505 249 2575 jam
261 2506 362 2576 utique
373 2506 478 2561 malum
494 2513 546 2577 est,
565 2512 593 2562 et
608 2506 730 2562 maxime
743 2507 774 2561 in
787 2519 879 2578 nego-

65 2591 331 2649 tiisecclesiasticis.
353 2596 385 2649 ln
408 2594 571 2667 dogmatum
585 2595 800 2666 quippecausa,
817 2595 878 2650 sive

67 2678 86 2734 ir
102 2694 199 2751 parva,
219 2680 280 2737 sive
301 2683 330 2737 in
352 2696 454 2755 magna
475 2698 600 2754 peccare,
615 2684 742 2755 idipsum
755 2690 821 2740 est:
843 2698 878 2740 ex

71 2771 185 2842 atrisque
195 2771 275 2827 enim
288 2771 332 2827 lex
348 2772 398 2827 Dei
415 2771 602 2843 improbatur.

10 2888 14 2915 '.
90 2860 207 2916 loannes
232 2861 490 2917 reverendissimus
517 2863 672 2919 monachus
695 2867 723 2919 et
751 2862 878 2919 vicarius

68 2945 369 3005 bnentaliumsedium
392 2949 489 3006 dixit:
511 2950 631 3007 llaeresis
646 2951 705 3006 haec
720 2951 799 3022 pejor
814 2964 878 3006 om-

70 3037 136 3094 nibns
156 3037 331 3110 haeresibus,

69 3138 115 3193 qne
124 3125 371 3197 dispensationem
384 3127 539 3183 Salvatoris
550 3128 697 3184 snbvertit.

90 3214 221 3270 tarasius
250 3214 450 3270 sanctissimus
486 3216 647 3285 patriarcha
674 3217 769 3273 dixit:
792 3217 879 3273 Docet

70 3312 105 3355 nos
121 3302 233 3358 dictum
261 3304 432 3372 patriarcba
448 3305 538 3361 nostri
561 3305 723 3379 Athanasii,
745 3314 776 3363 nt
798 3320 880 3363 reve-

70 3391 218 3447 rendissimi
243 3392 370 3463 episcopi
392 3392 580 3465 recipiantur,
595 3394 652 3451 nisi
673 3395 731 3452 alia
744 3395 880 3466 quelibet

70 3491 147 3536 eorum
158 3480 248 3551 culpa
259 3479 332 3538 lacta
344 3483 392 3539 sit.

90 3568 185 3626 Sancta
219 3571 347 3640 synodus
374 3571 467 3628 dixit:
496 3574 638 3645 Legantur
661 3580 756 3631 autem
778 3580 879 3632 catera

70 3658 228 3728 regularium
242 3659 487 3716 testimoniorum.

89 3745 185 3802 Adhuc
194 3746 405 3804 Constantinus
416 3749 556 3805 diaconus
567 3755 595 3806 ct
608 3751 739 3809 notamus
758 3766 879 3810 venera-

69 3826 120 3888 lilia
125 3835 297 3903 patriarchii
310 3835 393 3906 legit:
406 3838 444 3892 lic
455 3839 655 3909 gestissanctae
666 3845 693 3896 et
704 3841 878 3899 universalis

69 3922 148 3986 synodi
162 3927 275 3994 quartae
284 3924 460 3980 Chalcedone
470 3925 626 3982 celebratae.

89 4007 245 4068 orientales
267 4017 295 4067 et
316 4012 367 4083 qui
388 4027 453 4069 enm
476 4014 548 4084 ipsis
567 4017 797 4074 reverendissimi
810 4020 878 4090 cpi-

69 4099 128 4167 ttopi
149 4101 366 4157 clamaverunt:
388 4101 491 4159 Omnes
507 4104 697 4177 peccavimus
711 4121 809 4163 omnes
828 4123 879 4165 ve-

69 4184 127 4242 riam
140 4189 332 4258 postulamus.

934 1769 1082 1838 paululum
1099 1775 1214 1839 propter
1226 1770 1360 1840 dejectos,
1374 1775 1402 1826 et
1418 1772 1553 1828 inclinari
1571 1778 1686 1843 propter
1700 1771 1759 1827 eli-

933 1873 989 1926 sos,
1004 1864 1036 1914 ut
1049 1871 1098 1914 eos
1113 1873 1227 1914 rursum
1243 1859 1394 1930 erigerent.
1413 1863 1469 1915 Nec
1481 1859 1598 1917 sibimet
1613 1861 1685 1917 solis
1701 1875 1759 1930 pu-

933 1947 1029 2002 ritatis
1049 1947 1150 2002 meritc
1178 1947 1315 2003 coelorum
1335 1961 1421 2019 regna
1439 1947 1610 2018 defendere,
1631 1949 1679 2004 sed
1694 1961 1767 2005 esse⁴

933 2034 1098 2106 gloriosius,
1108 2035 1133 2090 si
1145 2049 1209 2089 cum
1222 2034 1436 2104 pluribusilluc
1446 2042 1623 2093 mererentur
1632 2036 1755 2106 intrare3

933 2128 961 2177 et
973 2122 1036 2178 ideo
1047 2128 1154 2179 rectum
1168 2122 1222 2177 sibi
1233 2122 1334 2192 videri,
1347 2129 1380 2179 ut
1389 2128 1498 2179 tantum
1515 2123 1642 2193 perfidiae
1651 2127 1757 2179 aucto-

933 2210 1187 2282 ribusamputatis,
1199 2211 1320 2282 reliquis
1335 2210 1656 2267 sacerdotibusdarctur
1666 2211 1756 2282 optio,

933 2299 957 2354 si
984 2296 1056 2354 sorte
1076 2298 1165 2354 velint
1190 2298 1322 2369 abiurato
1346 2313 1442 2355 errore
1466 2298 1592 2368 perlldlae
1611 2300 1645 2354 ad
1672 2299 1756 2355 lldem

931 2388 1045 2444 Petrum
1076 2389 1239 2458 statutaque
1260 2388 1411 2459 converti,
1440 2402 1490 2444 nec
1515 2402 1616 2460 negare
1644 2389 1756 2444 aditum

933 2477 1129 2547 redeuntibus,
1145 2477 1217 2547 quin
1233 2477 1329 2547 potius
1340 2477 1483 2533 decorum
1498 2476 1679 2534 confessione
1690 2491 1758 2547 gau·

931 2564 1018 2635 dere:
1034 2566 1101 2636 qnia
1114 2572 1141 2620 et
1157 2565 1206 2621 illc
1230 2564 1409 2637 evangelicus
1422 2566 1522 2635 junior
1538 2566 1617 2621 lilius
1633 2573 1757 2635 paterne
1809 2606 1812 2615 .

931 2653 1303 2723 depopulatorsubstantta,
1317 2653 1345 2709 in
1360 2654 1543 2723 semetipsum
1561 2667 1690 2710 reversus
1701 2668 1757 2711 non

932 2742 1025 2799 solum
1038 2743 1146 2812 suscipi
1164 2743 1277 2810 meruit,
1292 2743 1339 2798 sed
1349 2743 1492 2815 etdignus
1508 2743 1636 2812 paternis
1647 2742 1759 2812 ample-

932 2831 1018 2887 xibus
1043 2832 1207 2902 deputatur,
1222 2836 1250 2886 et
1264 2831 1403 2887 annulum
1429 2831 1493 2887 lidci
1511 2831 1623 2901 recipit,
1639 2837 1668 2886 et
1682 2830 1755 2886 stota

932 2920 1128 2976 circumdatur
1142 2922 1223 2990 (Luc.
1241 2920 1302 2991 xv),
1320 2934 1369 2989 per
1387 2933 1472 2990 qnam
1488 2920 1558 2990 quid
1574 2919 1654 2975 alind
1669 2932 1755 2990 quam

353 3042 381 3093 e,
402 3037 539 3094 malarum
566 3039 688 3110 pessima
711 3045 764 3108 es,
787 3038 876 3094 ,eluti
893 3037 918 3100 G
933 3008 1277 3064 sacerdotiideclarantur
1290 3008 1436 3080 insignia?
1449 3008 1519 3064 Cum
1529 3008 1758 3079 igiturhuJusce

933 3096 1010 3153 modi
1037 3096 1192 3151 sententias
1204 3109 1238 3151 ex
1253 3096 1414 3167 evangelica
1434 3097 1604 3152 auctoritate
1633 3096 1758 3164 prolatas

933 3185 1002 3242 ordo
1015 3185 1065 3240 ille
1079 3184 1263 3239 sacerdotalis
1276 3189 1303 3239 et
1317 3183 1494 3253 apostolicus
1513 3183 1709 3258 approbasset,
1723 3197 1758 3239 ex

933 3272 1048 3330 consilii
1078 3274 1190 3328 decreto
1209 3273 1321 3327 Asterie
1350 3270 1517 3342 ceterisque
1539 3273 1589 3343 qui
1605 3286 1669 3328 cum
1685 3272 1759 3342 ipsis

933 3360 1328 3430 erant,0rientisiny'ungitnr
1337 3361 1509 3429 procuratio,
1521 3360 1758 3415 Occidentisvero

933 3449 1055 3506 Eusebio
1067 3448 1244 3503 decernitur:
1262 3447 1379 3502 additur
1390 3461 1457 3502 sane
1471 3448 1501 3502 in
1513 3447 1564 3502 illo
1575 3446 1693 3502 concilii
1708 3446 1755 3501 ‹le-

932 3546 1009 3595 creto
1023 3538 1152 3594 etiamdc
1166 3537 1277 3606 Spiritu
1301 3543 1398 3592 sancto
1413 3535 1524 3606 plenior
1538 3535 1752 3605 disputabant

866 3701 869 3708 :
933 3626 1237 3697 ejusdemsubstantiae
1256 3625 1467 3696 otelivinitatis,
1486 3626 1570 3695 cujus
1589 3622 1758 3679 PateretFi·

934 3717 1001 3786 lius,
1028 3717 1113 3772 etiam
1141 3715 1269 3785 Spiritus
1292 3722 1408 3771 sanctus
1428 3715 1602 3783 crederetur,
1624 3726 1657 3768 eo
1682 3711 1755 3781 quod

932 3806 1108 3877 pullularent
1120 3806 1224 3875 denuo,
1239 3805 1289 3874 qui
1305 3805 1434 3860 eumdem
1445 3803 1584 3873 Spiritum
1600 3805 1758 3858 sanctuma

932 3894 1139 3967 glorificatione
1154 3894 1246 3949 Patris
1256 3900 1284 3950 et
1297 3893 1350 3948 lilii
1368 3898 1541 3963 separarent.

967 3983 1171 4040 Constantinus
1179 3982 1581 4039 reverendissimnsdiacouus
1591 3985 1619 4036 et
1627 3979 1758 4038 notarius

933 4074 1014 4146 legit.

1073 4185 1112 4236 lle
1137 4181 1315 4235 eeclesiastico
1334 4182 1457 4235 Historia
1483 4179 1612 4234 Socratis.

88 4277 120 4331 Et
144 4292 248 4334 rursus
273 4279 450 4352 Thalassius,
479 4281 622 4339 Eusebius
652 4290 680 4340 et
707 4285 878 4343 Eustathius
967 4289 1108 4345 Photinus
1129 4287 1227 4342 Sirmii
1255 4287 1397 4356 qnondam
1413 4285 1566 4356 episcopus
1591 4283 1756 4354 discipulus

68 4367 283 4424 reverendissimi
306 4370 432 4441 episcopi
455 4370 611 4428 dixerunt:
628 4372 731 4430 Omnes
746 4375 878 4446 peccavi-
892 4369 920 4433 D
933 4382 994 4434 erat
1014 4358 1139 4432 Marcelli
1162 4375 1325 4446 Ancyrani3
1351 4375 1454 4444 etipse
1480 4387 1584 4444 purum
1611 4372 1755 4428 hominem

67 4464 125 4526 runs,
137 4470 235 4513 ornnes
245 4459 356 4514 veniam
373 4459 560 4529 postulamus.
573 4462 607 4517 Et
618 4467 681 4532 post
691 4463 767 4520 alia:
932 4465 1045 4522 dicebat
1056 4464 1219 4535 Dominum,
1233 4464 1343 4520 sicutet
1359 4461 1520 4518 Marcellus:

91 4543 122 4597 lit
146 4560 268 4619 surgens
292 4548 549 4605 reverendissimus
568 4550 878 4622 episcopnstuvenalis
968 4548 1751 4624 RursusipselegitdeecclesiasticailistoriaSocratis:

67 4647 109 4688 nna
134 4651 199 4691 rum
221 4636 266 4692 eis
288 4636 413 4693 eontulit
438 4651 468 4694 se
498 4639 532 4693 ad
560 4639 677 4695 alteram
705 4647 824 4712 partem,
850 4647 878 4699 et
932 4643 986 4713 Qui
998 4647 1092 4698 autern
1108 4643 1137 4698 in
1152 4642 1267 4697 sardice
1278 4642 1477 4711 convenerant,
1497 4640 1622 4709 primum
1637 4637 1753 4708 quidem

65 4722 247 4781 clamaverunt
267 4723 430 4794 orientales,
451 4732 479 4783 et
499 4727 549 4798 qui
574 4741 638 4783 cum
665 4728 720 4800 ipsi
744 4742 878 4786 reveren·
933 4733 1034 4788 horum
1060 4731 1227 4786 damnavere
1255 4731 1398 4785 vesaniam
1424 4725 1549 4803 [indicta
1576 4739 1662 4784 causa
1688 4725 1754 4782 illos

64 4811 164 4869 tissimi
176 4814 326 4885 episcopi:
344 4816 419 4871 Dens
430 4814 499 4871 bene
524 4816 645 4872 adduxit
655 4823 682 4874 te
694 4819 851 4876 orthodoxe
867 4839 875 4892 3
930 4816 1112 4893 damnavere]
1125 4836 1133 4888 ς
1148 4823 1176 4876 et
1189 4818 1344 4874 terminum
1355 4818 1420 4874 ildei
1434 4816 1754 4873 Nicaenaecorroboran-
1811 4871 1814 4874 ,

66 4897 123 4957 benc
137 4903 251 4959 venisti.
931 4915 973 4965 tes
989 4907 1210 4979 inequalitatem
1221 4911 1396 4975 respuuntet
1413 4905 1660 4962 anathematizant.
1678 4903 1757 4959 lieri-

91 4990 122 5045 bt
134 4990 265 5060 postalia
277 4990 370 5064 plura,
384 4991 541 5064 Illyriciani
566 4994 795 5050 reverendissimi
810 4997 877 5068 epi·
930 4996 1068 5052 diderunt
1083 5000 1175 5051 autem
1192 4995 1310 5051 thronos
1320 4994 1408 5050 Panlo
1421 4999 1448 5049 et
1458 4993 1624 5064 Athanasio,
1642 5005 1750 5047 necnon

65 5080 298 5148 scopidixerunt:
320 5080 424 5136 Omnes
447 5081 632 5152 excessimus,
655 5095 751 5138 omnes
764 5085 876 5141 veniam
917 5080 959 5141 'et
973 5083 1105 5143 llarcello
1128 5082 1246 5154 Ancyra
1262 5083 1400 5139 rationem
1426 5082 1555 5138 reddenti
1571 5095 1603 5137 ac
1633 5080 1753 5151 dicenti,

68 5167 231 5231 postulamus
243 5165 253 5242 [
263 5182 421 5225 mereamur
431 5166 452 5243 l.
587 5160 593 5172 “
931 5176 1004 5246 quod
1022 5188 1078 5229 non
1094 5172 1201 5229 luerint
1212 5172 1356 5229 intellecta
1370 5185 1547 5242 quaecunque
1558 5171 1587 5226 in
1600 5169 1685 5225 libris
1700 5183 1754 5223 ex-

94 5255 194 5313 Sabbas
204 5272 299 5314 revere
321 5259 461 5314 dissimus
479 5258 634 5316 monachus
652 5265 680 5316 et
700 5261 876 5334 hegumenus
931 5263 1076 5335 posuerit,
1107 5262 1265 5333 praesertim
1294 5275 1358 5317 curn
1386 5260 1447 5331 ipse
1470 5274 1518 5316 eos
1547 5259 1597 5330 qni
1621 5256 1754 5314 dicebant

71 5348 217 5403 nonastmii
237 5349 334 5404 Stadii
354 5348 448 5404 dixit:
471 5349 499 5404 Si
522 5349 614 5420 placet
633 5355 736 5406 sanctae
755 5353 873 5425 synodo,
930 5352 1083 5409 Dominum
1103 5366 1207 5422 purum
1223 5351 1377 5423 hominem,
1396 5350 1541 5407 averterit.

71 5431 208 5511 videmus,
229 5439 253 5494 si
275 5437 473 5495 ordinationes
491 5453 591 5495 eorum
604 5439 656 5509 qui
669 5441 775 5510 recepti
795 5447 873 5515 sunt,
964 5441 1100 5497 Thrasius
1114 5441 1314 5497 sanctissimus
1329 5439 1491 5511 patriarcha
1503 5437 1596 5493 dixit:
1610 5437 1670 5491 tam
1684 5432 1753 5503 plu-

73 5520 241 5585 tbbaereticis
252 5527 373 5600 luerint,
387 5540 423 5584 an
435 5541 501 5584 non.
931 5529 998 5588 rimi
1012 5530 1143 5588 canonici
1157 5529 1225 5586 libri
1247 5533 1275 5585 et
1289 5529 1419 5601 synodici
1432 5534 1517 5599 atque
1531 5525 1642 5597 paterni
1654 5519 1751 5578 relecti
