3876 6090
70 287 142 347 4309
752 288 853 347 LIBER
871 289 917 347 hh
934 286 1105 346 contecto.
1708 283 1778 347 4330

68 411 187 485 04444444,
212 413 266 472 500
286 417 330 472 004
352 429 401 472 sex
431 416 507 472 horae
528 413 620 471 simili
637 412 741 485 mod03
756 416 785 469 et
807 409 938 472 similiA
951 412 1019 468 Item
1036 412 1149 484 quando
1162 408 1275 468 454444
1289 413 1319 468 44
1337 413 1444 470 Pascha
1467 413 1565 485 tuerit,
1589 416 1658 470 tunc
1671 406 1776 469 044405

70 513 190 559 numero
204 502 328 575 dierum,
344 503 396 561 hoc
406 507 449 561 cst
463 503 604 576 nonageni
615 502 689 574 hini,
705 505 734 559 et
743 500 896 558 duodecies
952 500 982 557 ln
997 500 1169 559 Ascensione
1183 501 1309 572 Domini,
1321 505 1350 557 et
1362 502 1475 572 quando
1492 500 1523 557 04
1539 501 1607 558 4444
1626 501 1656 557 44
1669 500 1777 557 Pascha

70 603 120 660 per
134 589 151 647 6
166 603 288 660 menses,
304 600 333 648 et
346 591 502 648 dimidium
525 591 584 648 diei
599 588 757 661 naturalis,
774 588 848 645 idest
863 583 897 644 40
952 590 1108 662 invenitur,
1125 595 1194 647 tunc
1210 591 1303 662 prima
1317 591 1386 648 luna
1413 590 1469 646 erit
1485 591 1514 646 in
1529 590 1703 648 4000404040
1716 591 1778 645 Do·

69 678 157 735 horas
167 693 217 749 per
231 680 288 737 duo
304 686 455 745 momenta,
469 686 497 736 ct
514 680 588 736 duas
602 679 702 735 tertias
717 677 852 735 momenti
866 676 896 732 in
951 678 1024 734 mini
1042 677 1106 735 405
1127 678 1195 736 luna
1211 693 1302 750 usque
1325 680 1360 736 ad
1375 675 1421 735 34.
1440 678 1475 734 Et
1489 679 1728 750 quandocumque
1743 674 1777 734 45

68 780 245 840 unoquoque
259 768 307 824 die
321 769 463 825 decrescit
475 769 536 839 lux,
552 773 580 824 et
601 773 734 825 crescunt
757 765 894 824 tenchrae:
952 765 1019 823 luna
1035 766 1124 824 440444
1138 768 1169 824 44
1184 768 1300 838 Pascha,
1324 771 1393 824 tunc
1407 765 1494 824 04445
1515 768 1545 823 44
1559 767 1732 835 Pentecoste,
1747 767 1777 822 et

67 861 97 912 04
107 870 163 913 nox
172 855 207 913 ab
220 871 249 913 xl
261 857 323 914 Kal.
337 859 393 915 iul.
409 859 591 929 usqueinxn
603 856 665 913 Kal.
677 859 792 913 ianuar.
804 867 896 925 usque
951 857 1065 928 quando
1084 853 1116 912 04
1134 857 1163 913 44
1188 858 1304 913 Pascha.
1321 857 1461 914 44400444
1483 853 1513 912 44
1543 856 1611 912 4444
1628 855 1658 911 44
1672 857 1777 911 Pente-

66 945 102 1001 ad
119 945 282 1003 solstitium
305 947 432 1018 hyemale
447 947 540 1003 simili
562 960 680 1003 numero
706 945 852 1014 horarum,
868 946 896 1001 et
950 947 1097 1001 00040040
1122 946 1199 1002 enim
1224 952 1292 1002 sunt
1314 943 1332 1002 i
1359 950 1455 1002 444400
1481 944 1556 1001 lunc
1578 942 1723 1001 00444404
1745 944 1776 999 lu

68 1040 286 1106 momentorum,
301 1042 329 1093 et
343 1036 455 1093 dierum
470 1037 546 1094 sicut
565 1036 615 1092 lux
638 1037 681 1093 sic
706 1033 854 1102 decrescit,
868 1035 897 1088 et
951 1034 1112 1091 Pentecoste
1125 1033 1167 1092 ab
1182 1035 1251 1093 luna
1266 1035 1405 1106 usquead
1426 1032 1467 1090 44.
1484 1035 1518 1090 Et
1534 1035 1648 1105 quando
1662 1031 1695 1090 45
1708 1031 1777 1088 4444

65 1128 202 1180 crescunt
216 1124 338 1181 40404444
352 1125 422 1182 hora
435 1139 483 1196 per
499 1123 533 1182 45
546 1126 611 1183 dies
624 1125 689 1181 duce
700 1124 786 1195 44044,
798 1137 847 1194 per
860 1119 896 1179 30
952 1122 981 1179 in
994 1125 1101 1180 Pascha
1115 1124 1271 1196 iuvenitur,
1292 1122 1392 1181 44408
1407 1124 1475 1180 luna
1495 1122 1526 1179 in
1538 1123 1689 1179 Dominica
1708 1121 1777 1179 Pal-

68 1212 146 1268 horae
168 1209 184 1267 4
199 1226 249 1283 per
262 1213 336 1270 duos
351 1227 471 1285 menses,
495 1214 548 1270 hoc
567 1219 608 1270 cst
629 1226 679 1284 per
701 1210 735 1268 40
760 1212 822 1268 0400
845 1224 896 1268 004
950 1227 1060 1270 marum
1074 1219 1133 1284 est,
1148 1219 1175 1270 et
1189 1214 1302 1286 quando
1314 1210 1345 1272 04
1360 1213 1427 1270 4444
1445 1213 1474 1268 44
1487 1211 1538 1269 4444
1551 1212 1599 1269 040
1612 1210 1775 1268 Palmarum

67 1299 159 1357 horae.
176 1303 228 1358 Per
245 1299 263 1358 3
279 1316 391 1360 menses
404 1302 457 1359 hoc
472 1306 515 1359 est
527 1315 543 1358 a
555 1301 687 1358 solstitio
700 1300 799 1357 aestivo
813 1298 849 1354 ah
863 1311 893 1354 nr
949 1308 1015 1359 ante
1029 1304 1146 1375 Pascha,
1159 1307 1187 1359 04
1198 1303 1241 1359 444
1256 1308 1324 1360 sunt
1333 1299 1350 1359 i
1360 1306 1458 1360 444400
1469 1302 1545 1359 lunae
1558 1300 1606 1358 die
1619 1300 1713 1372 iilius,
1726 1299 1776 1357 id-

65 1388 131 1445 ital.
143 1390 199 1446 lul.
213 1392 349 1462 usquead
363 1391 526 1448 solstitium
540 1390 678 1462 hyemale,
692 1392 719 1444 ct
729 1389 762 1444 ad
777 1402 818 1443 444
830 1387 890 1444 Kal.
949 1395 991 1448 est
1004 1390 1039 1447 ab
1053 1389 1071 1447 8
1086 1392 1154 1449 luna
1169 1391 1305 1463 usquead
1330 1389 1372 1447 ll.

64 1479 148 1535 lanu.
166 1480 323 1536 seeundum
342 1481 456 1538 Grecos
476 1477 510 1538 40
525 1480 601 1536 44044
615 1482 749 1536 04000444
764 1477 793 1532 44
813 1481 896 1532 4040-
948 1499 1120 1568 mumma
1139 1501 1172 1553 g,
1186 1500 1369 1567 wemmam„
1384 1496 1630 1560 decemnogmmyg
1645 1500 1670 1552 ,y
1684 1495 1777 1551 gum·

66 1565 147 1637 5440,
164 1567 265 1624 etduae
280 1568 486 1626 diminuuntur
501 1583 551 1641 per
564 1570 628 1626 dies
644 1565 703 1638 480,
725 1567 779 1622 4400
793 1568 836 1620 est
845 1576 895 1635 per
985 1574 1011 1625 et
1024 1572 1058 1625 de
1077 1571 1150 1638 cyclo
1165 1585 1263 1638 mapno
1276 1568 1496 1624 demonstrandis
1506 1584 1559 1639 per
1572 1582 1659 1623 anuos
1673 1568 1708 1622 05
1723 1569 1777 1622 044·

66 1661 209 1713 momenta
222 1653 283 1714 480.
304 1658 338 1714 Et
354 1662 422 1714 tunc
438 1658 580 1714 hahentur
595 1658 625 1713 in
641 1655 692 1712 illa
706 1658 788 1712 40040
800 1651 895 1710 solsti-
983 1643 1047 1710 000
1060 1640 1166 1696 mundi·

65 1744 131 1800 tiali
147 1745 270 1815 hyemali
287 1742 320 1801 l8
333 1746 421 1817 horae,
437 1747 491 1803 hoc
506 1753 549 1803 004
563 1751 621 1802 4400
634 1750 729 1813 444400
740 1744 800 1800 diei
813 1747 933 1822 natu-B
983 1747 1101 1805 cxviii.
1118 1748 1147 1803 84
1159 1747 1203 1804 440
1222 1746 1296 1804 00440
1310 1750 1416 1818 quotus
1440 1746 1481 1802 044
1492 1758 1587 1802 annus
1600 1743 1673 1815 cycli
1697 1743 1777 1800 sola-

65 1833 147 1903 ralis,
164 1839 192 1889 el
204 1840 306 1905 quarta
326 1848 391 1905 pars
404 1835 494 1890 indie
519 1834 570 1892 illo
585 1833 746 1904 solstitiali,
763 1846 862 1903 nempe
876 1830 894 1888 6
948 1838 1001 1909 440,
1015 1837 1066 1908 qui
1081 1834 1117 1893 08
1128 1837 1213 1892 44440
1226 1836 1351 1907 peractis
1364 1837 1394 1891 in
1412 1848 1442 1890 00
1464 1835 1618 1890 revertitur
1639 1830 1675 1890 09
1700 1845 1775 1891 4440

64 1922 153 1979 horae.
170 1923 323 1995 Hucusque
337 1924 372 1980 de
397 1938 529 1995 ascensu,
554 1929 583 1980 et
603 1924 742 1979 descensu
764 1921 836 1978 solis
854 1921 894 1977 sit
949 1925 1123 1996 incipiente,
1137 1924 1211 1995 quod
1240 1925 1265 1979 si
1293 1923 1420 1980 volueris
1443 1922 1528 1992 00440,
1551 1925 1657 1991 quotus
1682 1934 1776 1977 annus

61 2012 187 2083 dictum,
204 2012 374 2082 sapientiori
392 2015 499 2083 majora
513 2012 712 2083 relinquendo.
947 2014 1020 2086 cycli
1036 2009 1079 2085 49,
1092 2014 1180 2069 immo
1199 2013 1285 2069 etiam
1302 2015 1408 2083 quotus
1423 2023 1517 2067 annus
1529 2011 1569 2066 sit
1583 2008 1655 2080 cycli
1667 2007 1777 2080 magnis

99 2102 138 2156 De
152 2101 247 2171 eclipsi
260 2101 354 2156 lunari
365 2106 391 2156 et
408 2101 494 2156 004044
504 2102 612 2156 Plinius
625 2104 650 2155 04
664 2102 855 2168 Hieronymus.
949 2105 999 2177 qui
1014 2100 1155 2160 5334440
1173 2102 1330 2172 incipiente
1354 2102 1384 2157 in
1399 2100 1585 2171 semetipsum
1611 2098 1775 2167 revertitur,
1885 2160 1889 2167 ,

99 2188 180 2245 CXV.
198 2190 313 2247 Plinius
325 2192 471 2247 secundus
486 2191 516 2246 in
530 2204 614 2261 opere
627 2189 823 2260 pulcherrimo
839 2200 893 2243 na·
947 2198 999 2250 aut
1014 2195 1085 2264 quot
1098 2191 1167 2248 anni
1181 2195 1249 2248 sunt
1263 2189 1300 2246 ah
1314 2189 1428 2263 origine
1443 2188 1554 2261 mundi,
1578 2192 1606 2244 et
1618 2189 1688 2257 quot
1700 2183 1773 2256 cycli

63 2276 172 2333 turalis
189 2278 323 2334 ilistoriae
347 2279 387 2334 ita
411 2278 579 2349 descripsit:
603 2277 710 2333 Certum
730 2277 795 2332 solis
814 2276 894 2344 dere-
947 2283 1065 2352 0044400,
1080 2285 1108 2337 04
1133 2278 1411 2349 decemnovennales,
1424 2282 1452 2334 et
1464 2281 1535 2349 quot
1551 2276 1654 2347 saltus,
1666 2281 1694 2331 04
1709 2273 1775 2330 his-
1872 2348 1874 2353 ,

64 2371 139 2420 ctum
151 2382 206 2421 4044
231 2369 288 2422 nisi
308 2369 455 2422 nouissimo
473 2368 516 2421 004
532 2368 626 2437 primu
643 2367 710 2421 luna
735 2368 804 2437 44044,
820 2365 893 2435 quod
948 2370 1065 2427 sextiles
1089 2370 1163 2441 dies,
1179 2374 1207 2425 et
1221 2371 1290 2440 quot
1301 2367 1375 2438 cycli
1393 2367 1504 2439 magni:
1531 2371 1665 2435 computa
1680 2361 1776 2421 unde-

64 2459 164 2510 uocont
183 2461 286 2510 cotum.
311 2457 391 2510 Lanu
415 2459 506 2510 eutem
532 2471 588 2510 non
608 2457 664 2510 nisi
680 2455 765 2526 plenu
783 2456 894 2525 petitur
947 2459 1006 2514 cies
1020 2456 1093 2528 5333
1109 2456 1162 2514 500
1176 2470 1242 2529 ergo
1258 2455 1326 2512 anni
1349 2455 1485 2511 undecies
1499 2452 1686 2520 multiplicati
1702 2451 1777 2508 liunt

64 2545 333 2615 eclipsin30mnibus
346 2550 436 2600 nutem
451 2546 531 2600 annis
548 2546 608 2615 fieri
630 2547 773 2614 utriusque
793 2542 892 2599 sideris
947 2544 1026 2603 5000.
1044 2551 1113 2603 item
1123 2544 1157 2604 30
1170 2545 1306 2602 undecies
1321 2543 1509 2614 multiplicati
1524 2538 1671 2608 0444330,
1685 2540 1774 2597 simul

62 2633 186 2701 desectus
201 2635 252 2689 sub
267 2640 350 2697 terra,
367 2638 518 2689 certamen
537 2649 597 2689 enm
616 2650 731 2705 superne
742 2637 812 2704 punt
827 2634 894 2687 ubi·
947 2640 1042 2692 antem
1055 2641 1082 2692 et
1098 2635 1254 2706 praedictus
1269 2646 1406 2689 numerus
1417 2629 1496 2688 5880.
1513 2632 1583 2688 ltem
1599 2627 1617 2686 3
1639 2628 1775 2686 undecies

63 2737 117 2792 pue
143 2725 228 2786 cerni,
256 2723 409 2792 aliqnando
419 2727 533 2793 propter
555 2723 662 2786 nubila,
687 2724 789 2793 sepius
814 2723 892 2791 44050
948 2718 1775 2794 multiplicati33,quladditisupernumerumpraedictum

61 2814 144 2865 terrae
158 2811 290 2872 obstante,
306 2815 332 2865 et
348 2811 564 2866 convexitatibus
582 2811 689 2866 Mundi.
707 2812 774 2867 Item
788 2811 892 2866 444040-
949 2813 1021 2869 0444
1033 2812 1120 2869 simul
1133 2809 1212 2868 5863.
1229 2812 1261 2867 44
1282 2807 1311 2865 44
1334 2822 1401 2880 crgo
1416 2808 1505 2879 cyclis
1517 2808 1629 2880 magnis
1651 2811 1694 2864 tot
1705 2806 1775 2863 anni

62 2911 182 2970 nymus:
199 2900 355 2971 Deliquium
367 2901 432 2955 sotis
444 2901 515 2955 idest
536 2900 657 2967 detectus
677 2901 760 2962 00440,
780 2902 892 2955 aestatis·
947 2906 1024 2973 sunt,
1043 2897 1211 2969 4440045863,
1235 2901 1381 2954 remanent
1397 2894 1456 2953 406.
1484 2897 1524 2953 00
1538 2909 1657 2954 numero
1680 2909 1775 2953 anno-

61 3003 116 3058 que
143 2990 308 3059 temporibus
331 2988 453 3044 00040040
471 2988 547 3052 solet,
571 3003 714 3058 nunquam
745 2989 802 3042 nisi
830 2991 892 3042 ortu
948 3002 1012 3046 rum
1026 2987 1062 3044 45
1075 2987 1162 3043 initio
1183 2987 1294 3043 mundi.
1310 2985 1488 3042 centesimus
1511 2985 1603 3056 igitur
1618 2985 1777 3057 vigesimus

63 3080 138 3133 luna
152 3080 213 3149 44044
226 3079 302 3133 solet.
902 3078 927 3142 c
946 3082 1045 3134 sextus
1062 3088 1153 3134 annos
1169 3088 1244 3132 nunc
1268 3074 1360 3147 igitur
1381 3072 1547 3130 duodecimi
1573 3074 1668 3144 magni
1688 3072 1773 3143 cycli.

99 3166 220 3222 Lacteus
239 3164 369 3221 circulus
381 3170 424 3221 est
447 3164 494 3221 444
515 3163 728 3234 candidaque}
755 3163 786 3218 in
807 3175 889 3232 spera
945 3169 1001 3223 llos
1013 3180 1080 3239 ergo
1094 3177 1293 3222 omnesannos
1305 3161 1419 3219 divides
1432 3176 1481 3233 per
1500 3161 1596 3234 cyclos
1610 3161 1729 3232 solares,
1745 3168 1774 3217 et

59 3255 187 3327 videtur,
200 3268 215 3311 4
230 3255 352 3313 candore
364 3255 451 3326 dicta,
467 3254 536 3325 quia
550 3253 679 3321 alhaest,
695 3265 780 3324 quam
795 3251 889 3323 aliqui
944 3254 1223 3325 decemnovennales,
1251 3256 1284 3310 ut
1309 3252 1445 3324 sciamus,
1473 3255 1544 3322 quot
1566 3249 1639 3321 cycli
1666 3249 1776 3306 solares

60 3343 137 3400 viam
150 3344 330 3414 essedicnnt,
346 3344 414 3415 quia
422 3343 529 3400 circuit
541 3342 604 3400 scl'
616 3342 779 3413 splendoris
795 3341 890 3413 ipsius
945 3345 1013 3413 sint,
1030 3349 1058 3401 et
1070 3346 1139 3417 quot
1150 3340 1421 3399 decemnovennales
1431 3338 1467 3395 ab
1482 3339 1595 3410 origine
1608 3338 1719 3409 mundi,
1745 3344 1773 3394 et

61 3432 201 3503 transitu,
220 3432 259 3488 ita
275 3434 395 3489 Lunare.
812 3443 814 3446 ⁴
837 3505 840 3509 g
946 3438 1052 3506 quotus
1064 3446 1158 3490 annus
1170 3433 1209 3488 sit
1224 3432 1254 3487 iu
1276 3431 1407 3503 praesenti
1428 3443 1503 3487 anno
1516 3427 1589 3500 cycli
1616 3426 1731 3498 solaris,
1744 3429 1774 3484 et

98 3520 146 3577 804
160 3521 229 3577 dum
245 3521 348 3593 igneus
362 3521 411 3593 sit,
428 3533 486 3591 pra
497 3519 677 3577 nimiomotu
693 3518 891 3576 conversionis
945 3524 1018 3594 cycli
1033 3519 1308 3579 decemnovennalis.
1324 3522 1354 3575 ln
1379 3533 1436 3576 uno
1462 3532 1529 3592 ergo
1556 3517 1635 3589 cyclo
1658 3529 1769 3589 magno,

61 3624 122 3666 0444
132 3608 258 3680 amplius
270 3609 429 3682 incalescit,
443 3610 528 3679 cujus
539 3609 633 3681 ignem
650 3609 753 3665 dicunt
768 3607 893 3678 philoso·
946 3604 1772 3685 quemdieuntinsereverti533,annolncipiente,solares

61 3698 113 3770 phi
129 3711 205 3769 aqua
225 3698 343 3765 nutriri,
364 3702 393 3754 et
415 3697 592 3755 econtrario
604 3697 744 3754 elemento
754 3696 890 3754 virtutem
944 3702 1017 3774 cycli
1029 3706 1097 3759 sunt
1112 3698 1156 3757 49.
1171 3698 1446 3757 000044040444400
1457 3710 1523 3753 4040
1535 3694 1580 3753 08.
1597 3695 1719 3751 sienim
1733 3691 1770 3750 08

61 3786 197 3857 luminis,
211 3790 239 3841 et
251 3786 356 3843 caloris
375 3786 513 3857 accipere.
944 3791 1040 3848 decies
1051 3795 1079 3847 et
1092 3791 1190 3847 404400
1209 3787 1460 3859 multiplicareris,
1477 3785 1520 3842 vel
1537 3781 1571 3840 40
1586 3797 1635 3855 per
1648 3781 1694 3855 08,
1716 3780 1770 3840 530

134 3878 172 3930 lie
181 3877 268 3930 004444
279 3876 434 3931 nominibus
446 3877 511 3931 solis
523 3891 574 3946 per
587 3877 680 3930 004400
696 3875 816 3944 linguas.
943 3879 1080 3937 eiciunt.
1093 3878 1165 3935 Etsi
1182 3874 1253 3933 4444
1270 3875 1359 3948 cyclis
1373 3875 1486 3948 magnis
1508 3871 1562 3931 009
1574 3872 1682 3930 0044400
1695 3870 1769 3942 cycli

97 3964 191 4020 cxvi.
207 3965 297 4035 Quam
310 3979 340 4021 se
353 3965 383 4022 in
405 3964 522 4022 ilehraeo
544 3965 613 4022 luna
628 3965 783 4036 simplicia.
798 3966 888 4023 AElios
943 3971 1027 4038 sunt,
1044 3980 1108 4024 nam
1132 3964 1165 4021 40
1180 3965 1315 4022 undecies
1331 3963 1518 4035 multiplicati
1546 3961 1620 4019 0444
1646 3957 1697 4017 440
1711 3957 1769 4016 040

62 4053 94 4108 44
109 4053 216 4125 Graeco,
239 4053 368 4111 Phanath
390 4068 455 4111 cum
484 4053 677 4126 philosophis,
702 4054 806 4109 Tithan
822 4068 887 4111 cum
943 4047 1765 4128 440004004οΙ4400400400990444044444444044009.

61 4140 191 4213 caldaeis,
208 4140 252 4199 sol
267 4157 332 4199 cum
355 4144 466 4200 Latinis
479 4143 515 4198 dc
529 4143 677 4200 soliditate
699 4143 828 4213 luminis,
843 4143 887 4200 vel
942 4148 1008 4203 lton
1022 4145 1052 4200 in
1066 4141 1096 4200 44
1112 4143 1224 4215 magnis
1234 4143 1323 4213 cyclis
1337 4140 1608 4199 decemnovennales
1619 4143 1688 4196 sunt
1701 4136 1764 4196 308.

60 4244 95 4287 eo
111 4231 185 4302 quod
197 4232 278 4290 solus
299 4237 435 4304 appareat
449 4232 611 4290 obscuratis
626 4232 771 4290 sideribus
795 4233 887 4290 radiis
941 4232 976 4291 00
991 4233 1066 4290 enirn
1081 4231 1214 4290 undecies
1233 4230 1421 4301 multiplicati
1433 4228 1486 4286 000
1497 4237 1575 4301 sunt,
1592 4235 1619 4286 04
1633 4227 1651 4285 8
1673 4229 1767 4285 unde·

60 4322 125 4392 ejus
140 4321 314 4392 potentibus.
941 4323 1010 4394 eles,
1022 4322 1067 4381 vel
1081 4317 1110 4378 44
1129 4322 1218 4378 004400
1229 4319 1310 4376 ducti
1325 4316 1361 4374 88
1373 4318 1501 4386 iaciunt3
1518 4318 1608 4375 simul
1631 4330 1698 4373 4040
1712 4313 1766 4372 308

60 4428 232 4497 Arpumento
255 4429 288 4484 de
306 4430 386 4484 initio
411 4428 642 4497 Quadrupesime,
666 4432 691 4483 et
712 4411 1099 4513 0004044044401)ῙΙΙ44400418
1124 4406 1369 4468 ⁵¹ss¹¹¹¹¹¹¹¹5⁸¹53·
1384 4409 1454 4464 ¹¹¹³¹¹¹
1483 4407 1611 4463 ¹¹¹¹¹¹¹¹¹¹⁸
1635 4403 1764 4506 ¹2⁶1¹1¹¹¹

149 4502 268 4572 Pasebae,
283 4505 309 4556 et
323 4501 356 4554 040
370 4501 575 4569 deuotionibus,
596 4504 622 4555 et
632 4501 793 4557 Pentecoste.
941 4505 1106 4572 supersunt,
1118 4497 1217 4572 icycli
1233 4499 1341 4557 solares
1352 4496 1547 4563 continentur,
1561 4493 1683 4552 00044444
1699 4505 1767 4564 qua·

93 4589 200 4646 044044.
225 4589 255 4645 84
270 4589 396 4646 volueris
424 4591 499 4646 scire
519 4595 607 4662 quota
622 4590 690 4647 luna
705 4590 744 4648 sit
767 4592 886 4649 initium
940 4596 985 4648 ter
996 4590 1076 4648 ducti
1092 4587 1219 4656 liunt80‚
1245 4595 1273 4645 04
1284 4586 1302 4644 8
1314 4593 1415 4660 quater
1427 4583 1614 4656 multiplicati
1630 4583 1704 4640 dunt
1717 4579 1762 4654 30,

59 4678 292 4751 Quadragesimae
316 4678 345 4733 in
371 4677 589 4750 Rogaticnihus,
613 4680 687 4736 scias
712 4686 797 4751 quota
818 4682 886 4738 luna
941 4685 1009 4737 sunt
1024 4679 1111 4736 simul
1131 4683 1225 4734 autem
1241 4673 1302 4732 440.
1324 4677 1402 4733 Adde
1423 4670 1526 4732 404004
1546 4670 1641 4744 cyclos
1656 4670 1765 4728 solares

59 4765 193 4823 fueritin
209 4767 315 4824 Pascha
331 4767 361 4822 in
375 4781 547 4839 unoquoque
566 4781 651 4825 anno.
670 4771 709 4825 De
725 4769 776 4825 illa
788 4775 886 4841 epacta
942 4782 1028 4840 super
1040 4768 1114 4824 alios
1129 4766 1310 4838 supradictos
1319 4763 1373 4822 009
1396 4765 1468 4822 liunt
1483 4759 1549 4819 043.
1566 4762 1618 4818 Tot
1629 4760 1703 4833 cycli
1714 4775 1766 4818 so-

59 4855 195 4926 praesenti
210 4856 239 4911 44
250 4856 357 4913 Ρ400444
378 4857 507 4913 rescinde
533 4854 575 4927 40,
592 4857 704 4915 uicerit
726 4857 794 4915 luna
806 4859 886 4917 initii
943 4858 1016 4914 lares
1030 4856 1134 4930 integri
1147 4855 1183 4912 ab
1200 4854 1285 4911 initio
1302 4854 1413 4924 mundi,
1431 4853 1461 4908 in
1475 4851 1581 4924 quihus
1593 4851 1661 4907 anni
1674 4850 1766 4908 conti·

57 4945 299 5017 Quadragesimae.
328 4947 396 5001 ltem
420 4946 493 5003 addc
515 4942 634 5017 isuper
661 4946 740 5003 illam
765 4953 887 5021 atatem,
943 4953 1047 5003 nentur
1057 4941 1128 5003 5575
1142 4947 1289 5001 remanent
1307 4938 1350 4999 44.
1373 4940 1498 5010 Quartus
1523 4939 1652 4998 decimus
1670 4953 1766 4997 annus

57 5047 148 5107 tynam
160 5034 192 5089 in
207 5036 312 5092 Pascha
327 5036 459 5106 praesenti
472 5035 617 5105 habueris,
634 5036 686 5109 sic,
703 5037 759 5094 erit
775 5038 887 5097 404444
942 5040 985 5092 est
999 5034 1071 5106 cycli
1096 5033 1209 5090 solaris.
1234 5034 1302 5088 item
1331 5033 1361 5088 in
1378 5027 1429 5087 406
1442 5029 1538 5102 44440,
1554 5028 1605 5102 qui
1618 5033 1765 5087 remanent

58 5122 284 5195 llogationibus.
298 5126 367 5182 item
378 5125 431 5182 hoc
442 5123 526 5195 scias,
541 5126 888 5196 quiaqualislunatuerit
942 5138 1029 5195 super
1039 5121 1069 5180 44
1084 5123 1179 5194 cyclos
1192 5135 1309 5194 magnos
1320 5135 1371 5193 per
1389 5118 1422 5176 49
1436 5120 1524 5178 044404
1535 5119 1553 5177 5
1566 5120 1765 5177 decemnoven-

60 5213 91 5267 in
105 5211 237 5268 clausula
250 5213 362 5270 Ρ40054
377 5213 407 5269 44
421 5226 594 5285 unoquoque
606 5228 691 5285 anno,
710 5216 777 5273 talis
788 5218 845 5274 0444
858 5218 887 5274 44
944 5214 1024 5271 nales
1035 5218 1112 5271 sunt.
1127 5212 1156 5268 Si
1172 5211 1248 5269 enim
1263 5207 1362 5269 (40400
1375 5210 1443 5268 tolle
1461 5209 1489 5284 5,
1505 5224 1554 5267 sex
1565 5211 1765 5267 decemnoven-
1882 5204 1885 5209 '

58 5298 494 5372 nugationibusouaudoenim
506 5298 617 5358 iiluna
628 5303 657 5358 44
671 5304 778 5361 Ρ40054
789 5303 887 5375 tuerit,
944 5298 1024 5359 44400
1039 5300 1145 5373 iecisti,
1165 5305 1193 5358 ct
1208 5300 1253 5357 illi
1275 5299 1292 5357 6
1305 5314 1377 5373 quos
1391 5299 1497 5371 tulisti,
1511 5304 1538 5355 et
1552 5298 1603 5354 alli
1616 5295 1634 5351 5
1646 5293 1696 5365 qui
1710 5307 1764 5350 su-

60 5396 131 5447 4440
144 5386 181 5445 00
196 5389 264 5446 luna
284 5391 461 5449 4404440444
477 5391 601 5459 Pascha,
618 5391 661 5447 sic
675 5392 761 5448 etiam
784 5391 820 5451 00
833 5394 890 5451 0444
945 5404 994 5462 per
1010 5387 1060 5447 400
1071 5390 1194 5460 lucrant,
1211 5389 1284 5447 liunt
1296 5389 1384 5448 simul
1401 5387 1446 5448 60.
1461 5384 1654 5445 Duodecimus
1670 5395 1765 5440 annus

62 5478 92 5535 ic
108 5477 328 5552 ltogatiunihus.
342 5480 390 5537 Sic
415 5494 464 5552 per
476 5475 495 5535 7
506 5484 603 5537 aetates
616 5479 683 5536 luna
708 5479 738 5537 in
759 5481 890 5542 clausula
943 5486 987 5540 004
998 5481 1072 5553 cycli
1084 5481 1359 5540 decemnovennalis.
1375 5480 1430 5551 Qut
1441 5490 1535 5536 annus
1548 5473 1711 5533 communis
1723 5472 1767 5530 in·

60 5568 498 5641 Paschmtinlloga'tiunibus,
513 5565 773 5642 increscensque
791 5571 826 5628 40
841 5569 887 5628 08.
944 5570 1045 5643 cipita
1069 5567 1102 5626 45
1122 5569 1183 5626 liat.
1201 5570 1268 5627 itai.
1284 5582 1375 5642 nsque
1397 5568 1426 5624 44
1442 5564 1518 5637 4440.
1533 5565 1606 5620 Non.
1621 5562 1689 5634 444.
1703 5560 1766 5618 dies
