3876 6090
185 299 254 360 tini
630 301 778 360 brinul).
797 301 845 359 AD
862 300 944 360 Sim
964 300 1014 359 IX.
1029 331 1064 344 -·
1077 299 1256 360 adelonus
1272 295 1441 358 iilodlln.
1822 297 1887 360 iffi

184 430 294 489 nacbns
328 431 495 502 susciperet.
528 432 602 502 lirae
632 431 684 489 diu
711 430 915 489 dissimulante
945 426 1885 501 illo,Adotescontralegem,arripiendoministerinmepiscopi.

184 519 341 578 novissime
374 520 520 578 mandarit
546 520 651 577 domno
678 521 814 591 episcopo
847 523 880 575 ut
904 517 1009 575 faceret
1064 519 1581 589 Naminciusernnteuminquodam
1593 517 1886 588 coenacuio,nbisinc

183 609 257 680 quod
282 610 357 668 ratio
382 616 410 667 et
438 610 596 668 auctoritas
619 608 842 667 commendabat.
878 609 958 679 Quod
980 613 1009 666 ct
1062 607 1175 678 iudicio
1189 607 1363 664 venerabilis
1377 608 1505 679 episcopi
1520 613 1550 665 et
1564 608 1750 664 sacerdotum
1765 609 1885 666 ιιιιιιιιι

182 696 289 756 factum
303 705 365 768 est;
383 700 550 770 accepitque
571 699 785 756 benedictiones
799 699 1008 771 quinquegra-
1064 697 1147 754 ilium
1168 703 1272 753 vestem
1295 698 1493 769 monasticam,
1516 698 1681 755 induerunt
1691 695 1782 753 albis.
1803 697 1886 770 itque

181 786 438 861 duum,degenset
453 801 636 859 perseverans
650 789 812 846 voluntarie
834 790 863 845 in
881 793 1007 846 muctam
1063 786 1151 843 itaad
1171 787 1327 844 secularem
1340 786 1583 843 conversationem
1604 799 1741 842 reversus
1754 789 1809 842 cst.
1824 786 1886 843 Qn-

183 878 436 935 conversationem.
447 878 672 951 igiturexplctis
683 883 779 949 postea
789 878 1007 949 annisdnobus,
1064 888 1184 946 nemque
1197 876 1335 933 delictum
1351 889 1438 946 super
1452 875 1620 947 magistrum
1634 880 1665 932 et
1676 874 1818 932 domnum
1829 877 1886 947 epi-

182 967 349 1036 supervenit
369 967 517 1037 repentina
537 968 600 1024 dies
617 967 829 1039 adimprovisus
851 968 918 1023 iinis
943 968 1009 1023 vitae
1064 979 1180 1036 scopum
1205 968 1411 1038 congesserunt
1439 979 1489 1036 pro
1515 963 1690 1021 benefactis.
1715 966 1800 1035 ipsos
1818 966 1885 1023 enim

182 1055 311 1112 Ursonis.
341 1057 469 1127 Cumque
495 1057 528 1114 ad
554 1057 664 1113 exitum
694 1063 874 1129 urgueretur,
897 1056 1008 1113 vocarit
1062 1068 1132 1111 vana
1147 1055 1275 1112 versutio
1287 1053 1501 1111 contenebratis
1514 1053 1610 1112 oculis
1634 1054 1766 1127 grrviter
1779 1054 1814 1111 ad
1830 1056 1887 1112 rui·

183 1144 350 1215 praedictum
368 1146 539 1202 monachum
554 1152 682 1216 nepotem
695 1160 789 1204 sunm.
801 1146 1009 1217 lpsoveroad-
1063 1156 1127 1199 nam
1143 1143 1237 1214 laquei
1260 1143 1408 1201 subduxit.
1430 1141 1486 1211 Qui
1511 1157 1560 1214 per
1579 1147 1690 1213 septem
1714 1155 1810 1200 annos
1823 1143 1886 1201 banc

183 1234 404 1289 sistentecoram
416 1247 458 1304 eo,
471 1246 632 1291 ammonere
642 1234 796 1291 curavitde
806 1234 1007 1307 gloriamnndi
1062 1232 1229 1289 violentiam
1249 1232 1410 1288 timuerunt
1422 1230 1524 1296 facere,
1540 1236 1574 1288 nt
1586 1231 1681 1288 multo
1697 1231 1887 1289 damnabilior

183 1334 267 1394 quam
282 1321 473 1392 relinquebat,
486 1335 541 1379 non
556 1322 708 1380 dimittens
719 1323 905 1380 intentionem
922 1337 1007 1395 quam
1064 1321 1143 1378 deret
1170 1320 1285 1393 longius
1306 1321 1442 1378 ventilata
1461 1324 1490 1377 et
1508 1326 1631 1392 patrata,
1649 1321 1771 1377 etiamsi
1792 1321 1886 1378 malum

183 1424 294 1480 semper
304 1410 442 1468 babuerat
458 1415 489 1467 nt
514 1412 549 1467 ad
565 1411 730 1468 canonicam
747 1413 833 1469 vitam
851 1417 1008 1469 revertere-
1061 1416 1145 1468 esset.
1157 1411 1231 1482 Quia
1242 1418 1350 1484 quanto
1362 1411 1553 1482 plnsaliqnod
1565 1410 1674 1468 bonum
1684 1411 1887 1481 perduraverit,

183 1508 241 1570 tur,
269 1498 485 1569 datocousiiio,
505 1500 772 1558 etrebtrsmaxime
795 1501 1008 1572 omnibusque
1063 1503 1152 1570 tanto,
1176 1501 1202 1557 si
1230 1500 1377 1567 ceciderit,
1405 1498 1579 1571 profundius
1606 1499 1680 1556 ruit.
1704 1500 1847 1556 Similiter
1863 1505 1888 1556 et

186 1588 289 1645 babere
301 1592 443 1663 potuerat,
460 1592 492 1646 ut
506 1590 569 1659 ejus
585 1596 706 1646 mentem
731 1591 766 1646 ad
788 1589 964 1661 cupidiciam
979 1595 1008 1647 et
1064 1589 1171 1645 malum
1186 1595 1295 1660 quanto
1316 1590 1443 1660 amplius
1467 1590 1655 1660 succreverit,
1669 1593 1754 1646 ιιιιιι
1772 1589 1887 1662 graviori

186 1678 300 1735 inanem
320 1677 441 1750 gloriam
457 1678 606 1735 excitaret
631 1678 724 1750 dtque
744 1679 785 1735 ita
800 1678 883 1736 obiit.
901 1679 1009 1749 impie·
1065 1693 1153 1750 poeuae
1182 1678 1354 1749 subjacebit.
1388 1679 1466 1749 Quos
1490 1679 1561 1736 talia
1584 1684 1746 1748 sectantes,
1772 1679 1888 1752 neglecto

184 1768 501 1839 vitquemortuusquod
512 1768 626 1838 explere
634 1768 801 1838 nequiverat
809 1768 900 1824 vivus.
909 1767 1008 1825 Exilia
1023 1759 1050 1820 B
1065 1767 1160 1825 fructu
1172 1769 1359 1839 ponitentiae,
1375 1769 1475 1826 inanes
1487 1765 1717 1844 sociuslsocios]
1737 1769 1837 1826 babere
1847 1785 1889 1827 cn·

184 1855 334 1929 ergodiea
348 1856 471 1926 pristina
481 1856 628 1914 voluntate
643 1856 838 1915 subdiaconus
850 1856 1009 1927 coepitesse
1065 1857 1150 1929 pinni
1165 1863 1251 1929 atque
1265 1871 1388 1916 avernus
1402 1859 1549 1930 suscipere
1568 1859 1731 1916 desiderat.

184 1945 307 2014 alienus,
330 1947 450 2016 junctus
465 1946 681 2003 conversatione
698 1949 727 2002 et
740 1945 837 2002 animo
857 1944 1011 2002 avunculis
1099 1946 1192 2016 liujus
1202 1947 1243 2003 rei
1253 1947 1569 2005 testisestomnisordo
1578 1947 1676 2018 ipsius
1690 1947 1833 2013 Ecclesia,
1841 1950 1886 2021 qni

184 2033 1012 2106 suis,lethardoscilicetetimarrico,quorumconsiiloet
1066 2036 1267 2108 unusquisque
1282 2038 1440 2095 secundum
1454 2051 1541 2095 suum
1561 2036 1767 2095 ministerium
1778 2038 1887 2110 pmbare

186 2123 302 2196 iugenio
316 2128 394 2182 totus
405 2122 496 2181 fertur
509 2124 539 2181 in
553 2138 692 2196 praeceps3
709 2124 838 2195 fiuntque
854 2123 910 2195 ipsi
921 2136 1013 2181 secer·
1066 2129 1158 2196 potest
1171 2126 1212 2183 ita
1230 2125 1337 2185 factum
1352 2141 1423 2185 esse.

314 2470 738 2604 lillltll'illll
786 2471 1077 2604 lillllllll
1122 2474 1185 2601 ll
1236 2473 1454 2604 illllll
1501 2472 1763 2602 illlllll.

849 2708 905 2771 (Ex
922 2706 1045 2758 Biblioih.
1068 2707 1122 2757 ΡΡ.
1140 2707 1219 2770 mu.)

219 2993 330 3051 Divina
345 2994 491 3067 largitatis
506 3009 633 3066 munere,
657 2995 809 3068 sapientia,
826 2996 1010 3069 potentiaque
1025 2995 1048 3059 (t
1064 3001 1108 3054 tra
1121 2995 1349 3056 ecclesiasticum
1374 3010 1480 3054 morem
1506 2993 1627 3065 iaciunt,
1645 2995 1701 3067 qui
1725 2994 1758 3052 iu
1780 2993 1889 3053 eceicda

186 3082 367 3156 praefulgido,
392 3085 510 3142 domino
532 3087 593 3160 regi
614 3087 722 3143 canoto
750 3086 886 3159 glorioso,
912 3092 1009 3144 sancta
1064 3100 1121 3142 non
1148 3090 1319 3142 creverunt:
1339 3086 1387 3144 sed
1403 3086 1462 3143 allo
1487 3083 1637 3141 venientes
1663 3083 1786 3155 itinere,
1803 3096 1889 3142 seeum

186 3173 334 3231 duvennas
361 3174 499 3246 Ecclesia,
530 3175 654 3246 inclytos
676 3191 741 3234 cum
765 3175 849 3234 felice
874 3191 1009 3235 successu
1066 3174 1125 3230 bac
1138 3175 1168 3231 iu
1181 3175 1343 3247 ecclesiam,
1357 3189 1420 3246 qua
1434 3175 1464 3231 in
1478 3173 1536 3231 alia
1551 3172 1890 3231 conversationebabue-

185 3278 296 3334 semper
317 3277 430 3321 manere
445 3264 618 3336 triumphos.
1066 3269 1140 3334 rant,
1163 3264 1336 3322 intulerunt.
1363 3263 1470 3320 dmicti
1486 3263 1563 3321 enim
1579 3261 1684 3335 pallio,
1701 3262 1786 3320 sicut
1810 3261 1889 3319 Greci

220 3354 389 3426 Quanquam
403 3354 480 3410 enim
502 3358 603 3411 vestrae
628 3354 813 3413 celsitudinis
831 3354 942 3428 gloriae,
959 3369 1010 3426 pro
1065 3353 1209 3424 monachi,
1234 3358 1263 3410 et
1290 3351 1405 3408 lumbos
1427 3351 1576 3422 precincti
1596 3352 1729 3409 credunt
1752 3365 1785 3409 se
1799 3358 1890 3409 ιιιιιι

186 3444 334 3515 sapientiae
349 3443 515 3515 altitudine,
537 3450 566 3501 et
581 3445 688 3502 bonore
702 3445 828 3516 imperii.
846 3445 921 3517 quod
936 3445 1011 3501 inter
1064 3441 1220 3514 scriptura
1234 3443 1317 3498 iidem
1336 3454 1393 3498 non
1406 3442 1616 3513 perspiritum,
1634 3441 1687 3497 sed
1710 3455 1766 3513 per
1778 3442 1890 3499 litteram

187 3533 320 3590 mortales
349 3533 521 3604 principalis
544 3532 675 3608 babetur,
703 3535 818 3592 vivendi
840 3540 869 3591 et
889 3533 1010 3590 docendi
1065 3531 1284 3601 complecturos.
1304 3533 1374 3588 Nam
1387 3531 1411 3588 si
1425 3531 1458 3588 ad
1474 3531 1528 3588 boc
1541 3531 1597 3587 ista
1615 3536 1851 3602 precepissent,
1864 3538 1891 3588 ut

187 3622 389 3679 ecclesiasticae
419 3622 525 3695 regula
547 3636 617 3693 pene
640 3624 736 3680 omnia
758 3628 824 3680 nota
847 3623 1009 3695 videantur,
1067 3621 1164 3677 taliter
1184 3627 1381 3678 servarentur:
1406 3634 1458 3677 cnr
1473 3633 1529 3677 non
1551 3620 1627 3679 dunt
1642 3622 1760 3693 pariter
1779 3634 1890 3694 quesc-

188 3711 321 3781 nibiique
335 3710 375 3767 sit
387 3713 462 3782 quod
473 3712 509 3768 de
523 3713 615 3769 sacris
631 3711 806 3769 lectionibus
821 3711 917 3769 minus
930 3712 1012 3770 intel·
1067 3715 1209 3780 quantur.
1235 3716 1268 3765 ut
1282 3710 1406 3786 lucerne
1425 3709 1558 3768 ardentes
1577 3723 1638 3767 nna
1654 3724 1728 3768 cnm
1740 3710 1841 3769 baculo
1852 3716 1889 3767 ie-

189 3799 292 3855 lectum
312 3804 411 3856 vestrae
433 3801 522 3871 regali
544 3800 703 3870 prudentia
724 3800 900 3858 arbitretur:
919 3806 1012 3859 tamen
1068 3799 1214 3857 neanturi
1234 3799 1344 3858 liabent
1365 3801 1442 3857 enim
1464 3813 1549 3857 suum
1579 3799 1640 3856 ista
1668 3801 1889 3872 mysterinn,et

188 3887 324 3961 quoniam
341 3888 485 3957 quondam
496 3887 692 3945 difficultatem
705 3895 733 3946 et
747 3890 915 3962 scrupulum
927 3905 1013 3961 super
1067 3889 1300 3962 intelligentibus
1323 3889 1364 3947 iia
1382 3888 1459 3946 clara
1477 3894 1556 3959 sunt,
1579 3893 1614 3945 ιιι
1635 3902 1671 3946 ea
1692 3890 1802 3964 magis,
1818 3901 1887 3961 qnam

189 3976 378 4049 quorumdam
388 3976 499 4047 babitu,
511 3977 739 4048 quieudiversis
750 3993 860 4037 morum
870 3986 899 4038 et
908 3980 1013 4053 regulae
1066 3978 1156 4050 decet,
1173 3978 1386 4050 significatione
1403 3983 1562 4035 serventur.
1577 3977 1653 4033 Nam
1680 3977 1717 4035 in
1739 3978 1886 4036 lumborum

187 4065 355 4136 disciplinis
381 4066 415 4123 ad
441 4078 549 4123 sacram
575 4069 747 4137 proveniunt
773 4069 955 4142 dignitatem,
980 4069 1012 4125 iu
1066 4067 1279 4139 significatione
1291 4067 1420 4136 castitas,
1437 4067 1467 4122 in
1481 4065 1584 4123 baculo
1595 4066 1736 4140 regimen
1752 4065 1886 4140 pastorale,

187 4159 281 4212 vestra
300 4167 381 4212 sacra
403 4159 495 4211 mente
518 4154 578 4213 fore
590 4157 766 4231 audivimus,
781 4159 910 4216 collectis
925 4173 1012 4230 super
1067 4157 1097 4213 iu
1115 4156 1243 4214 lucernis
1263 4155 1433 4213 ardentibus
1455 4155 1551 4229 fulgor
1563 4157 1667 4226 operis
1687 4156 1763 4216 boni
1784 4160 1886 4216 denon-

188 4243 241 4301 boc
257 4244 429 4316 quibusdam
442 4246 558 4303 Petrum
572 4248 758 4320 antiquorum
771 4248 919 4320 exemplis,
933 4250 1008 4319 quod
1065 4252 1183 4304 stratur.
1201 4265 1214 4298 ι

186 4333 221 4390 de
235 4334 287 4390 boc
301 4334 412 4405 priores
426 4337 550 4392 sensisse
564 4337 729 4409 contigerit,
741 4341 770 4393 et
785 4337 854 4409 quid
868 4337 933 4394 data
954 4344 1051 4405 au-1)
1101 4337 1210 4394 liabent
1234 4340 1327 4394 tamen
1352 4335 1382 4392 bi
1406 4335 1493 4394 istum
1510 4333 1638 4392 forsitan
1653 4335 1785 4408 cultum,
1799 4347 1884 4394 meren

187 4424 321 4480 ctoritate
347 4426 555 4496 mandaverint,
580 4429 690 4482 servato
720 4425 749 4480 in
774 4424 882 4483 talibus
907 4432 1011 4484 nostrae
1067 4428 1261 4498 potiusquam
1276 4425 1417 4484 rationem
1433 4429 1595 4496 sequentes,
1621 4425 1677 4497 qni
1696 4425 1885 4485 remotioribvs

188 4517 285 4570 tenore
299 4513 444 4586 Ecclesia,
465 4514 584 4586 dignum
600 4513 737 4570 duximus
760 4519 788 4571 et
803 4529 908 4572 morem
922 4522 1012 4574 notrae
1067 4516 1197 4573 habitant
1210 4515 1292 4586 locis,
1311 4521 1340 4571 et
1354 4515 1453 4586 procul
1463 4527 1479 4571 a
1491 4515 1606 4572 caeteris
1618 4515 1748 4589 degunt
1764 4515 1839 4573 Unde
1851 4512 1883 4568 bic

186 4603 320 4660 Ecclesia
334 4604 540 4670 demonstrare,
556 4606 585 4657 et
597 4605 718 4658 vestram
735 4602 764 4658 in
780 4604 890 4662 talibus
905 4604 1013 4664 ferven—
1068 4603 1185 4660 babitus
1196 4604 1226 4660 in
1239 4604 1377 4660 Ecclesiis
1388 4602 1557 4675 Gallicanis,
1570 4608 1883 4674 uttotannornm,tan-
1929 4646 1931 4673 ,

185 4694 241 4747 tem
255 4692 437 4765 diligentiam
450 4704 592 4749 serenare.
1065 4698 1217 4764 torumque
1243 4692 1410 4765 pontificum
1431 4691 1460 4749 in
1475 4690 1599 4748 alterum
1617 4693 1760 4754 habitum
1780 4707 1882 4755 wasna-
1928 4684 1931 4701 ’

223 4779 394 4836 Pontidcum
408 4780 485 4836 enim
504 4782 695 4839 Romanorum
718 4785 886 4853 auctoritas,
901 4785 1009 4857 quibus
1064 4783 1133 4838 iudo
1163 4783 1313 4840 vertatur?
1336 4780 1523 4839 Discernendi
1550 4794 1568 4838 a
1599 4782 1688 4855 plebe
1719 4787 1766 4844 vel
1793 4781 1882 4843 ceteris
1929 4800 1931 4805 ·

189 4866 1009 4945 iuli.Petrocuraetsoliicitudopascendigregemlicclc·
1063 4872 1329 4944 sumus,doctrina,
1346 4875 1507 4942 nonveste3
1529 4876 1772 4948 conversatione,
1786 4873 1882 4932 nenia
1929 4924 1931 4929 .

186 4956 263 5014 siaa
277 4958 399 5015 Domino
410 4959 600 5018 iesucbristo
614 4965 659 5017 est
673 4961 788 5030 tradita,
801 4975 836 5018 ex
850 4962 927 5019 clara
942 4962 1008 5020 fidei
1063 4962 1147 5031 bitu3
1172 4962 1276 5019 mentis
1303 4961 1439 5032 puritate,
1464 4973 1520 5017 non
1552 4959 1650 5019 cuitu.
1679 4964 1809 5022 bocemi
1824 4961 1881 5018 enin

186 5044 408 5126 puritatedocei,
416 5047 523 5117 quibus
533 5048 654 5106 rebuset
664 5050 1008 5122 regulistristianorum
1064 5058 1132 5110 sunt
1144 5052 1243 5123 populi
1256 5052 1354 5124 potius
1367 5064 1453 5123 quam
1466 5050 1606 5123 iudendi3
1622 5065 1679 5110 nec
1696 5053 1881 5127 imponendae

186 5136 290 5193 vitain
314 5148 366 5192 sua
386 5138 527 5208 cujusque
542 5136 719 5229 professione
737 5139 839 5196 debeat
852 5141 1007 5207 contineri,
1063 5147 1105 5199 est
1126 5155 1225 5206 eorum
1247 5142 1351 5208 oculis,
1381 5142 1430 5199 sed
1446 5140 1592 5199 mentibus
1606 5150 1758 5216 praecepta
1770 5149 1833 5202 sunt
1845 5142 1881 5196 in

185 5225 338 5298 qualisque
357 5231 486 5282 servetur
502 5227 532 5283 in
548 5227 630 5284 urbis
655 5228 750 5284 Romae
769 5228 900 5288 ecclesiis
914 5230 1010 5289 disci·
1063 5230 1217 5289 fundenda.
1242 5232 1295 5288 Leo
1309 5231 1387 5289 enim
1414 5238 1519 5290 sancte
1530 5231 1672 5292 liomanae
1687 5237 1771 5294 sedis
1786 5235 1881 5307 episec

186 5316 276 5389 plina,
293 5329 414 5387 quorum
436 5313 537 5373 beatus
556 5316 729 5375 Caelestinus
743 5318 779 5375 de
792 5318 844 5374 bac
860 5334 890 5376 re
902 5320 1009 5392 dispu-
1063 5336 1117 5393 pus
1131 5321 1223 5378 dicit:
1241 5341 1255 5375 a
1279 5322 1461 5393 Propositum
1477 5322 1611 5380 monachi
1635 5328 1766 5399 proprio
1778 5321 1881 5383 arbitrio

185 5412 259 5475 tans,
277 5406 353 5463 inter
376 5409 476 5462 caetera
492 5403 597 5460 infert:
625 5406 784 5462 «Dicimus
800 5407 875 5464 enim
890 5411 1006 5468 bomini
1062 5411 1104 5469 vei
1123 5411 1270 5468 voluntate
1294 5416 1469 5486 susceptum,
1492 5412 1588 5470 deseri
1611 5426 1675 5473 non
1693 5430 1780 5488 posse
1792 5414 1880 5484 absqd

185 5491 1004 5570 sacerdotessuperstitiosopotiuscuituiinservire‚quam
1062 5505 1185 5572 peccato.
1202 5501 1276 5572 Quia
1292 5501 1369 5574 quod
1392 5501 1460 5575 quis
1479 5502 1558 5559 vovit
1571 5503 1642 5575 Deo,
1667 5505 1759 5565 debet
1772 5506 1878 5565 reddere

186 5582 291 5639 meniis
303 5582 345 5640 vei
359 5583 425 5641 fidei
437 5582 570 5654 puritati,
581 5586 609 5639 et
624 5595 680 5639 non
697 5584 814 5657 mirum,
828 5589 879 5650 uit,
894 5588 920 5643 si
933 5601 1006 5645 con·
1056 5589 1140 5657 ‚Unde
1153 5604 1230 5664 eum,
1244 5592 1296 5665 qui
1320 5591 1422 5650 relicta
1434 5591 1656 5664 singularitatis
1671 5590 1877 5669 professioneaf
