<?xml version="1.0" encoding="UTF-8"?>
<!DOCTYPE html PUBLIC "-//W3C//DTD XHTML 1.0 Transitional//EN"
    "http://www.w3.org/TR/xhtml1/DTD/xhtml1-transitional.dtd">
<html xmlns="http://www.w3.org/1999/xhtml" xml:lang="en" lang="en">
 <head>
  <title>
</title>
<meta http-equiv="Content-Type" content="text/html;charset=utf-8" />
  <meta name='ocr-system' content='tesseract 3.04.00' />
  <meta name='ocr-capabilities' content='ocr_page ocr_carea ocr_par ocr_line ocrx_word'/>
</head>
<body>
  <div class='ocr_page' id='page_1' title='image "./patrologiaecurs06migngoog_0285.png"; bbox 0 0 3876 6090; ppageno 0'>
   <div class='ocr_carea' id='block_1_1' title="bbox 122 230 176 288">
    <p class='ocr_par' dir='ltr' id='par_1_1' title="bbox 122 230 176 288">
     <span class='ocr_line' id='line_1_1' title="bbox 122 230 176 288; baseline -0.019 0"><span class='ocrx_word' id='word_1_1' title='bbox 122 230 176 288; x_wconf 78' lang='lat'>559</span> 
     </span>
    </p>
   </div>
   <div class='ocr_carea' id='block_1_2' title="bbox 749 218 1219 284">
    <p class='ocr_par' dir='ltr' id='par_1_2' title="bbox 749 218 1219 284">
     <span class='ocr_line' id='line_1_2' title="bbox 749 218 1219 284; baseline -0.011 -2"><span class='ocrx_word' id='word_1_2' title='bbox 749 220 927 284; x_wconf 73' lang='lat' dir='ltr'>subsalsa</span> <span class='ocrx_word' id='word_1_3' title='bbox 949 218 1219 277; x_wconf 79' lang='lat' dir='ltr'>bibulohlucaah</span> 
     </span>
    </p>
   </div>
   <div class='ocr_carea' id='block_1_3' title="bbox 1785 219 1840 278">
    <p class='ocr_par' dir='ltr' id='par_1_3' title="bbox 1785 219 1840 278">
     <span class='ocr_line' id='line_1_3' title="bbox 1785 219 1840 278; baseline 0 0"><span class='ocrx_word' id='word_1_4' title='bbox 1785 219 1840 278; x_wconf 80' lang='lat'>560</span> 
     </span>
    </p>
   </div>
   <div class='ocr_carea' id='block_1_4' title="bbox 123 351 1837 434">
    <p class='ocr_par' dir='ltr' id='par_1_4' title="bbox 123 351 1837 434">
     <span class='ocr_line' id='line_1_4' title="bbox 123 351 1837 434; baseline -0.006 -16"><span class='ocrx_word' id='word_1_5' title='bbox 123 361 214 432; x_wconf 90' lang='lat' dir='ltr'>pserit</span> <span class='ocrx_word' id='word_1_6' title='bbox 225 360 408 418; x_wconf 84' lang='lat' dir='ltr'>uoluntatem.</span> <span class='ocrx_word' id='word_1_7' title='bbox 419 360 768 434; x_wconf 83' lang='lat' dir='ltr'>Quavidelleetapologla</span> <span class='ocrx_word' id='word_1_8' title='bbox 779 353 988 425; x_wconf 66' lang='lat' dir='ltr'>salisburch</span> <span class='ocrx_word' id='word_1_9' title='bbox 1007 354 1108 411; x_wconf 90' lang='lat' dir='ltr'>horum</span> <span class='ocrx_word' id='word_1_10' title='bbox 1122 353 1368 412; x_wconf 77' lang='lat' dir='ltr'><strong>circumstantiam</strong></span> <span class='ocrx_word' id='word_1_11' title='bbox 1384 353 1434 410; x_wconf 88' lang='lat' dir='ltr'>tali</span> <span class='ocrx_word' id='word_1_12' title='bbox 1456 353 1665 411; x_wconf 80' lang='lat' dir='ltr'>deliberatione</span> <span class='ocrx_word' id='word_1_13' title='bbox 1677 351 1837 410; x_wconf 80' lang='lat' dir='ltr'>concludit.</span> 
     </span>
    </p>
   </div>
   <div class='ocr_carea' id='block_1_5' title="bbox 78 450 950 1676">
    <p class='ocr_par' dir='ltr' id='par_1_5' title="bbox 78 450 950 1676">
     <span class='ocr_line' id='line_1_5' title="bbox 123 450 948 522; baseline -0.007 -14"><span class='ocrx_word' id='word_1_14' title='bbox 123 457 155 508; x_wconf 92' lang='lat' dir='ltr'>ut</span> <span class='ocrx_word' id='word_1_15' title='bbox 166 465 239 516; x_wconf 81' lang='lat' dir='ltr'>reor,</span> <span class='ocrx_word' id='word_1_16' title='bbox 255 450 448 508; x_wconf 85' lang='lat' dir='ltr'>excusabilem</span> <span class='ocrx_word' id='word_1_17' title='bbox 464 451 569 522; x_wconf 87' lang='lat' dir='ltr'>reddit,</span> <span class='ocrx_word' id='word_1_18' title='bbox 586 451 654 507; x_wconf 89' lang='lat' dir='ltr'>licet</span> <span class='ocrx_word' id='word_1_19' title='bbox 668 450 737 507; x_wconf 88' lang='lat' dir='ltr'>huic</span> <span class='ocrx_word' id='word_1_20' title='bbox 752 453 831 506; x_wconf 82' lang='lat' dir='ltr'>sexta</span> <span class='ocrx_word' id='word_1_21' title='bbox 850 451 948 504; x_wconf 89' lang='lat' dir='ltr'>saneta</span> 
     </span>
     <span class='ocr_line' id='line_1_6' title="bbox 122 534 947 612; baseline -0.006 -16"><span class='ocrx_word' id='word_1_22' title='bbox 122 540 249 610; x_wconf 79' lang='lat' dir='ltr'>synodus</span> <span class='ocrx_word' id='word_1_23' title='bbox 261 539 344 612; x_wconf 82' lang='lat' dir='ltr'>quasi</span> <span class='ocrx_word' id='word_1_24' title='bbox 358 538 491 596; x_wconf 87' lang='lat' dir='ltr'>haeretico</span> <span class='ocrx_word' id='word_1_25' title='bbox 505 539 655 596; x_wconf 89' lang='lat' dir='ltr'>anathema</span> <span class='ocrx_word' id='word_1_26' title='bbox 676 538 794 607; x_wconf 84' lang='lat' dir='ltr'>dixerit,</span> <span class='ocrx_word' id='word_1_27' title='bbox 806 541 834 592; x_wconf 92' lang='lat' dir='ltr'>et</span> <span class='ocrx_word' id='word_1_28' title='bbox 852 537 882 592; x_wconf 91' lang='lat' dir='ltr'>in</span> <span class='ocrx_word' id='word_1_29' title='bbox 896 534 947 591; x_wconf 86' lang='lat' dir='ltr'>Dei</span> 
     </span>
     <span class='ocr_line' id='line_1_7' title="bbox 123 622 949 700; baseline -0.005 -18"><span class='ocrx_word' id='word_1_30' title='bbox 123 626 215 684; x_wconf 88' lang='lat' dir='ltr'>sollus</span> <span class='ocrx_word' id='word_1_31' title='bbox 223 627 281 697; x_wconf 85' lang='lat' dir='ltr'>jam</span> <span class='ocrx_word' id='word_1_32' title='bbox 292 626 406 697; x_wconf 84' lang='lat' dir='ltr'>judicio</span> <span class='ocrx_word' id='word_1_33' title='bbox 418 627 545 700; x_wconf 90' lang='lat' dir='ltr'>positum</span> <span class='ocrx_word' id='word_1_34' title='bbox 560 627 771 699; x_wconf 74' lang='lat' dir='ltr'>reprobationis</span> <span class='ocrx_word' id='word_1_35' title='bbox 783 625 841 681; x_wconf 90' lang='lat' dir='ltr'>telo</span> <span class='ocrx_word' id='word_1_36' title='bbox 855 622 949 681; x_wconf 90' lang='lat' dir='ltr'>conio·</span> 
     </span>
     <span class='ocr_line' id='line_1_8' title="bbox 78 713 949 782; baseline -0.006 -9"><span class='ocrx_word' id='word_1_37' title='bbox 78 768 86 782; x_wconf 72' lang='grc'><strong>,</strong></span> <span class='ocrx_word' id='word_1_38' title='bbox 122 715 215 773; x_wconf 84' lang='lat' dir='ltr'>derit:</span> <span class='ocrx_word' id='word_1_39' title='bbox 231 729 296 772; x_wconf 91' lang='lat' dir='ltr'>eum</span> <span class='ocrx_word' id='word_1_40' title='bbox 310 715 464 774; x_wconf 71' lang='lat' dir='ltr'>haereticus</span> <span class='ocrx_word' id='word_1_41' title='bbox 480 730 534 774; x_wconf 89' lang='lat' dir='ltr'>non</span> <span class='ocrx_word' id='word_1_42' title='bbox 550 731 585 774; x_wconf 82' lang='lat' dir='ltr'>ex</span> <span class='ocrx_word' id='word_1_43' title='bbox 600 717 708 774; x_wconf 90' lang='lat' dir='ltr'>erroris</span> <span class='ocrx_word' id='word_1_44' title='bbox 728 720 839 773; x_wconf 85' lang='lat' dir='ltr'>tantum</span> <span class='ocrx_word' id='word_1_45' title='bbox 863 713 949 769; x_wconf 92' lang='lat' dir='ltr'>dece-</span> 
     </span>
     <span class='ocr_line' id='line_1_9' title="bbox 122 802 948 876; baseline -0.006 -15"><span class='ocrx_word' id='word_1_46' title='bbox 122 804 220 876; x_wconf 89' lang='lat' dir='ltr'>ptione</span> <span class='ocrx_word' id='word_1_47' title='bbox 232 811 370 876; x_wconf 89' lang='lat' dir='ltr'>quantum</span> <span class='ocrx_word' id='word_1_48' title='bbox 383 819 417 862; x_wconf 81' lang='lat' dir='ltr'>ex</span> <span class='ocrx_word' id='word_1_49' title='bbox 429 805 568 863; x_wconf 79' lang='lat' dir='ltr'>electione</span> <span class='ocrx_word' id='word_1_50' title='bbox 578 819 635 863; x_wconf 92' lang='lat' dir='ltr'>uon</span> <span class='ocrx_word' id='word_1_51' title='bbox 645 813 720 863; x_wconf 89' lang='lat' dir='ltr'>recta</span> <span class='ocrx_word' id='word_1_52' title='bbox 731 810 759 862; x_wconf 91' lang='lat' dir='ltr'>et</span> <span class='ocrx_word' id='word_1_53' title='bbox 770 802 948 862; x_wconf 88' lang='lat' dir='ltr'>contentiosa</span> 
     </span>
     <span class='ocr_line' id='line_1_10' title="bbox 122 890 950 966; baseline -0.007 -16"><span class='ocrx_word' id='word_1_54' title='bbox 122 892 280 963; x_wconf 79' lang='lat' dir='ltr'>pertinacia</span> <span class='ocrx_word' id='word_1_55' title='bbox 292 899 452 966; x_wconf 80' lang='lat' dir='ltr'>generetur.</span> <span class='ocrx_word' id='word_1_56' title='bbox 468 894 540 964; x_wconf 86' lang='lat' dir='ltr'>Quis</span> <span class='ocrx_word' id='word_1_57' title='bbox 554 898 649 951; x_wconf 87' lang='lat' dir='ltr'>autem</span> <span class='ocrx_word' id='word_1_58' title='bbox 663 894 720 951; x_wconf 88' lang='lat' dir='ltr'>erit</span> <span class='ocrx_word' id='word_1_59' title='bbox 733 893 783 965; x_wconf 94' lang='lat' dir='ltr'>qui</span> <span class='ocrx_word' id='word_1_60' title='bbox 800 890 883 948; x_wconf 92' lang='lat' dir='ltr'>nobis</span> <span class='ocrx_word' id='word_1_61' title='bbox 894 890 950 945; x_wconf 87' lang='lat' dir='ltr'>ln-</span> 
     </span>
     <span class='ocr_line' id='line_1_11' title="bbox 121 980 950 1054; baseline -0.005 -15"><span class='ocrx_word' id='word_1_62' title='bbox 121 982 205 1039; x_wconf 88' lang='lat' dir='ltr'>terim</span> <span class='ocrx_word' id='word_1_63' title='bbox 220 982 309 1044; x_wconf 85' lang='lat' dir='ltr'>dicat.</span> <span class='ocrx_word' id='word_1_64' title='bbox 326 988 421 1041; x_wconf 91' lang='lat' dir='ltr'>utrum</span> <span class='ocrx_word' id='word_1_65' title='bbox 445 983 506 1054; x_wconf 91' lang='lat' dir='ltr'>ipse</span> <span class='ocrx_word' id='word_1_66' title='bbox 519 988 659 1054; x_wconf 85' lang='lat' dir='ltr'>procerte</span> <span class='ocrx_word' id='word_1_67' title='bbox 673 982 825 1039; x_wconf 80' lang='lat' dir='ltr'>dictaverit</span> <span class='ocrx_word' id='word_1_68' title='bbox 837 980 950 1051; x_wconf 92' lang='lat' dir='ltr'>episto-</span> 
     </span>
     <span class='ocr_line' id='line_1_12' title="bbox 121 1069 950 1144; baseline -0.006 -14"><span class='ocrx_word' id='word_1_69' title='bbox 121 1073 177 1130; x_wconf 89' lang='lat' dir='ltr'>lam</span> <span class='ocrx_word' id='word_1_70' title='bbox 190 1072 225 1129; x_wconf 88' lang='lat' dir='ltr'>de</span> <span class='ocrx_word' id='word_1_71' title='bbox 239 1086 295 1144; x_wconf 90' lang='lat' dir='ltr'>qua</span> <span class='ocrx_word' id='word_1_72' title='bbox 308 1072 392 1129; x_wconf 93' lang='lat' dir='ltr'>illum</span> <span class='ocrx_word' id='word_1_73' title='bbox 407 1072 666 1130; x_wconf 88' lang='lat' dir='ltr'>anathematizandi</span> <span class='ocrx_word' id='word_1_74' title='bbox 690 1071 816 1129; x_wconf 90' lang='lat' dir='ltr'>iomitem</span> <span class='ocrx_word' id='word_1_75' title='bbox 835 1069 950 1127; x_wconf 88' lang='lat' dir='ltr'>caium-</span> 
     </span>
     <span class='ocr_line' id='line_1_13' title="bbox 121 1159 950 1231; baseline -0.004 -14"><span class='ocrx_word' id='word_1_76' title='bbox 121 1161 248 1218; x_wconf 91' lang='lat' dir='ltr'>niatores</span> <span class='ocrx_word' id='word_1_77' title='bbox 262 1166 458 1231; x_wconf 90' lang='lat' dir='ltr'>susceperunt,</span> <span class='ocrx_word' id='word_1_78' title='bbox 470 1176 535 1218; x_wconf 90' lang='lat' dir='ltr'>cum</span> <span class='ocrx_word' id='word_1_79' title='bbox 550 1166 578 1218; x_wconf 90' lang='lat' dir='ltr'>et</span> <span class='ocrx_word' id='word_1_80' title='bbox 593 1161 790 1231; x_wconf 84' lang='lat' dir='ltr'>exscriptoris</span> <span class='ocrx_word' id='word_1_81' title='bbox 803 1159 844 1216; x_wconf 89' lang='lat' dir='ltr'>vel</span> <span class='ocrx_word' id='word_1_82' title='bbox 868 1159 950 1215; x_wconf 88' lang='lat' dir='ltr'>indi-</span> 
     </span>
     <span class='ocr_line' id='line_1_14' title="bbox 121 1249 949 1322; baseline -0.005 -16"><span class='ocrx_word' id='word_1_83' title='bbox 121 1249 334 1322; x_wconf 89' lang='lat' dir='ltr'>sciplinatlone,</span> <span class='ocrx_word' id='word_1_84' title='bbox 345 1249 388 1306; x_wconf 86' lang='lat' dir='ltr'>vel</span> <span class='ocrx_word' id='word_1_85' title='bbox 400 1250 430 1306; x_wconf 92' lang='lat' dir='ltr'>in</span> <span class='ocrx_word' id='word_1_86' title='bbox 444 1250 681 1319; x_wconf 85' lang='lat' dir='ltr'>pontihcemodio</span> <span class='ocrx_word' id='word_1_87' title='bbox 695 1249 765 1321; x_wconf 93' lang='lat' dir='ltr'>quid</span> <span class='ocrx_word' id='word_1_88' title='bbox 783 1249 949 1320; x_wconf 85' lang='lat' dir='ltr'>contingere</span> 
     </span>
     <span class='ocr_line' id='line_1_15' title="bbox 120 1338 949 1412; baseline -0.005 -17"><span class='ocrx_word' id='word_1_89' title='bbox 120 1339 177 1395; x_wconf 87' lang='lat' dir='ltr'>tale</span> <span class='ocrx_word' id='word_1_90' title='bbox 190 1339 334 1409; x_wconf 74' lang='lat' dir='ltr'>potuerit‘.l</span> <span class='ocrx_word' id='word_1_91' title='bbox 347 1338 483 1408; x_wconf 84' lang='lat' dir='ltr'>Quamvis</span> <span class='ocrx_word' id='word_1_92' title='bbox 497 1353 551 1396; x_wconf 91' lang='lat' dir='ltr'>non</span> <span class='ocrx_word' id='word_1_93' title='bbox 568 1340 743 1412; x_wconf 76' lang='lat' dir='ltr'>ignoremus,</span> <span class='ocrx_word' id='word_1_94' title='bbox 757 1339 876 1395; x_wconf 91' lang='lat' dir='ltr'>docente</span> <span class='ocrx_word' id='word_1_95' title='bbox 886 1349 949 1392; x_wconf 91' lang='lat' dir='ltr'>san·</span> 
     </span>
     <span class='ocr_line' id='line_1_16' title="bbox 120 1424 950 1498; baseline -0.006 -14"><span class='ocrx_word' id='word_1_96' title='bbox 120 1427 299 1485; x_wconf 84' lang='lat' dir='ltr'>ctcliaxlmo</span> <span class='ocrx_word' id='word_1_97' title='bbox 314 1427 345 1483; x_wconf 91' lang='lat' dir='ltr'>in</span> <span class='ocrx_word' id='word_1_98' title='bbox 362 1428 483 1498; x_wconf 90' lang='lat' dir='ltr'>epistola</span> <span class='ocrx_word' id='word_1_99' title='bbox 509 1441 561 1485; x_wconf 91' lang='lat' dir='ltr'>sua</span> <span class='ocrx_word' id='word_1_100' title='bbox 581 1441 667 1498; x_wconf 90' lang='lat' dir='ltr'>quam</span> <span class='ocrx_word' id='word_1_101' title='bbox 691 1427 802 1483; x_wconf 87' lang='lat' dir='ltr'>hiarino</span> <span class='ocrx_word' id='word_1_102' title='bbox 830 1424 950 1494; x_wconf 89' lang='lat' dir='ltr'>scripsit</span> 
     </span>
     <span class='ocr_line' id='line_1_17' title="bbox 121 1515 949 1588; baseline -0.007 -15"><span class='ocrx_word' id='word_1_103' title='bbox 121 1515 296 1588; x_wconf 86' lang='lat' dir='ltr'>presbytero,</span> <span class='ocrx_word' id='word_1_104' title='bbox 310 1517 526 1573; x_wconf 91' lang='lat' dir='ltr'>sanctissimum</span> <span class='ocrx_word' id='word_1_105' title='bbox 542 1517 616 1573; x_wconf 88' lang='lat' dir='ltr'>hanc</span> <span class='ocrx_word' id='word_1_106' title='bbox 640 1516 793 1587; x_wconf 80' lang='lat' dir='ltr'>scripsisse</span> <span class='ocrx_word' id='word_1_107' title='bbox 813 1516 949 1569; x_wconf 84' lang='lat' dir='ltr'>loannem</span> 
     </span>
     <span class='ocr_line' id='line_1_18' title="bbox 120 1601 950 1676; baseline -0.006 -15"><span class='ocrx_word' id='word_1_108' title='bbox 120 1604 261 1662; x_wconf 89' lang='lat' dir='ltr'>abbatem.</span> <span class='ocrx_word' id='word_1_109' title='bbox 276 1606 354 1675; x_wconf 85' lang='lat' dir='ltr'>Esto,</span> <span class='ocrx_word' id='word_1_110' title='bbox 372 1612 400 1662; x_wconf 88' lang='lat' dir='ltr'>et</span> <span class='ocrx_word' id='word_1_111' title='bbox 415 1605 609 1676; x_wconf 83' lang='lat' dir='ltr'>lpsedioutor</span> <span class='ocrx_word' id='word_1_112' title='bbox 623 1605 742 1662; x_wconf 88' lang='lat' dir='ltr'>exstitit·</span> <span class='ocrx_word' id='word_1_113' title='bbox 755 1603 827 1674; x_wconf 88' lang='lat' dir='ltr'>Quis</span> <span class='ocrx_word' id='word_1_114' title='bbox 837 1602 906 1657; x_wconf 91' lang='lat' dir='ltr'>hinc</span> <span class='ocrx_word' id='word_1_115' title='bbox 917 1601 950 1657; x_wconf 92' lang='lat' dir='ltr'>il-</span> 
     </span>
    </p>
   </div>
   <div class='ocr_carea' id='block_1_6' title="bbox 1006 442 1841 1679">
    <p class='ocr_par' dir='ltr' id='par_1_6' title="bbox 1006 442 1841 1679">
     <span class='ocr_line' id='line_1_19' title="bbox 1006 442 1840 516; baseline -0.001 -19"><span class='ocrx_word' id='word_1_116' title='bbox 1006 445 1078 508; x_wconf 83' lang='lat' dir='ltr'>llaee,</span> <span class='ocrx_word' id='word_1_117' title='bbox 1101 443 1246 516; x_wconf 83' lang='lat' dir='ltr'>inquiens,</span> <span class='ocrx_word' id='word_1_118' title='bbox 1271 449 1297 500; x_wconf 88' lang='lat' dir='ltr'>et</span> <span class='ocrx_word' id='word_1_119' title='bbox 1319 444 1477 514; x_wconf 83' lang='lat' dir='ltr'>hujusmodi</span> <span class='ocrx_word' id='word_1_120' title='bbox 1499 443 1621 513; x_wconf 82' lang='lat' dir='ltr'>eaempla</span> <span class='ocrx_word' id='word_1_121' title='bbox 1643 457 1692 497; x_wconf 86' lang='lat' dir='ltr'>nos</span> <span class='ocrx_word' id='word_1_122' title='bbox 1718 442 1840 509; x_wconf 82' lang='lat' dir='ltr'>edocent,</span> 
     </span>
     <span class='ocr_line' id='line_1_20' title="bbox 1007 533 1841 603; baseline 0 -17"><span class='ocrx_word' id='word_1_123' title='bbox 1007 538 1032 588; x_wconf 86' lang='lat' dir='ltr'>et</span> <span class='ocrx_word' id='word_1_124' title='bbox 1047 535 1200 588; x_wconf 84' lang='lat' dir='ltr'>testimonia</span> <span class='ocrx_word' id='word_1_125' title='bbox 1215 535 1311 588; x_wconf 84' lang='lat' dir='ltr'>diuino</span> <span class='ocrx_word' id='word_1_126' title='bbox 1322 538 1493 603; x_wconf 73' lang='lat' dir='ltr'>eonflrmcnt,</span> <span class='ocrx_word' id='word_1_127' title='bbox 1517 548 1572 588; x_wconf 86' lang='lat' dir='ltr'>uon</span> <span class='ocrx_word' id='word_1_128' title='bbox 1591 533 1684 586; x_wconf 80' lang='lat' dir='ltr'>omnic</span> <span class='ocrx_word' id='word_1_129' title='bbox 1699 534 1809 602; x_wconf 78' lang='lat' dir='ltr'>possim</span> <span class='ocrx_word' id='word_1_130' title='bbox 1824 549 1841 586; x_wconf 90' lang='lat' dir='ltr'>c</span> 
     </span>
     <span class='ocr_line' id='line_1_21' title="bbox 1007 622 1840 692; baseline 0.001 -17"><span class='ocrx_word' id='word_1_131' title='bbox 1007 637 1166 692; x_wconf 84' lang='lat' dir='ltr'>quocunque</span> <span class='ocrx_word' id='word_1_132' title='bbox 1185 623 1269 685; x_wconf 81' lang='lat' dir='ltr'>dicto,</span> <span class='ocrx_word' id='word_1_133' title='bbox 1290 624 1332 677; x_wconf 84' lang='lat' dir='ltr'>oei</span> <span class='ocrx_word' id='word_1_134' title='bbox 1350 623 1505 692; x_wconf 84' lang='lat' dir='ltr'>ubieunque</span> <span class='ocrx_word' id='word_1_135' title='bbox 1526 625 1627 692; x_wconf 82' lang='lat' dir='ltr'>scripta</span> <span class='ocrx_word' id='word_1_136' title='bbox 1645 622 1840 691; x_wconf 72' lang='lat' dir='ltr'>indifferenter</span> 
     </span>
     <span class='ocr_line' id='line_1_22' title="bbox 1007 711 1838 783; baseline 0.004 -19"><span class='ocrx_word' id='word_1_137' title='bbox 1007 713 1138 781; x_wconf 71' lang='lat' dir='ltr'>campere,</span> <span class='ocrx_word' id='word_1_138' title='bbox 1163 711 1221 775; x_wconf 86' lang='lat' dir='ltr'>sed,</span> <span class='ocrx_word' id='word_1_139' title='bbox 1247 715 1358 767; x_wconf 85' lang='lat' dir='ltr'>retentis</span> <span class='ocrx_word' id='word_1_140' title='bbox 1372 713 1458 776; x_wconf 83' lang='lat' dir='ltr'>bonis,</span> <span class='ocrx_word' id='word_1_141' title='bbox 1478 728 1539 783; x_wconf 85' lang='lat' dir='ltr'>quoe</span> <span class='ocrx_word' id='word_1_142' title='bbox 1561 716 1676 767; x_wconf 80' lang='lat' dir='ltr'>noceant</span> <span class='ocrx_word' id='word_1_143' title='bbox 1703 714 1838 780; x_wconf 69' lang='lat' dir='ltr'>renatare.</span> 
     </span>
     <span class='ocr_line' id='line_1_23' title="bbox 1007 801 1841 873; baseline 0.005 -17"><span class='ocrx_word' id='word_1_144' title='bbox 1007 801 1088 871; x_wconf 89' lang='lat' dir='ltr'>Nam,</span> <span class='ocrx_word' id='word_1_145' title='bbox 1104 805 1132 857; x_wconf 91' lang='lat' dir='ltr'>et</span> <span class='ocrx_word' id='word_1_146' title='bbox 1153 801 1226 857; x_wconf 91' lang='lat' dir='ltr'>hanc</span> <span class='ocrx_word' id='word_1_147' title='bbox 1250 816 1364 873; x_wconf 89' lang='lat' dir='ltr'>quoque</span> <span class='ocrx_word' id='word_1_148' title='bbox 1387 806 1514 859; x_wconf 88' lang='lat' dir='ltr'>sanctam</span> <span class='ocrx_word' id='word_1_149' title='bbox 1536 801 1676 873; x_wconf 83' lang='lat' dir='ltr'>synodum</span> <span class='ocrx_word' id='word_1_150' title='bbox 1700 801 1841 860; x_wconf 90' lang='lat' dir='ltr'>canonica</span> 
     </span>
     <span class='ocr_line' id='line_1_24' title="bbox 1008 891 1840 965; baseline 0.006 -20"><span class='ocrx_word' id='word_1_151' title='bbox 1008 891 1135 961; x_wconf 79' lang='lat' dir='ltr'>quaedam</span> <span class='ocrx_word' id='word_1_152' title='bbox 1158 892 1286 963; x_wconf 87' lang='lat' dir='ltr'>capitula</span> <span class='ocrx_word' id='word_1_153' title='bbox 1308 892 1515 965; x_wconf 80' lang='lat' dir='ltr'>promulgasse,</span> <span class='ocrx_word' id='word_1_154' title='bbox 1540 891 1704 949; x_wconf 76' lang='lat' dir='ltr'>Graecorum</span> <span class='ocrx_word' id='word_1_155' title='bbox 1731 892 1840 964; x_wconf 83' lang='lat' dir='ltr'>scripta</span> 
     </span>
     <span class='ocr_line' id='line_1_25' title="bbox 1009 980 1841 1052; baseline 0.005 -18"><span class='ocrx_word' id='word_1_156' title='bbox 1009 982 1160 1050; x_wconf 89' lang='lat' dir='ltr'>testantur,</span> <span class='ocrx_word' id='word_1_157' title='bbox 1175 995 1239 1051; x_wconf 79' lang='lat' dir='ltr'>quae</span> <span class='ocrx_word' id='word_1_158' title='bbox 1254 987 1347 1037; x_wconf 90' lang='lat' dir='ltr'>tamen</span> <span class='ocrx_word' id='word_1_159' title='bbox 1362 994 1431 1052; x_wconf 91' lang='lat' dir='ltr'>pene</span> <span class='ocrx_word' id='word_1_160' title='bbox 1445 981 1553 1049; x_wconf 90' lang='lat' dir='ltr'>omnia,</span> <span class='ocrx_word' id='word_1_161' title='bbox 1576 981 1645 1052; x_wconf 89' lang='lat' dir='ltr'>quia</span> <span class='ocrx_word' id='word_1_162' title='bbox 1670 980 1755 1038; x_wconf 89' lang='lat' dir='ltr'>sedes</span> <span class='ocrx_word' id='word_1_163' title='bbox 1767 994 1841 1052; x_wconf 91' lang='lat' dir='ltr'>apo-</span> 
     </span>
     <span class='ocr_line' id='line_1_26' title="bbox 1008 1066 1838 1141; baseline 0.01 -21"><span class='ocrx_word' id='word_1_164' title='bbox 1008 1066 1110 1123; x_wconf 89' lang='lat' dir='ltr'>stoliea</span> <span class='ocrx_word' id='word_1_165' title='bbox 1126 1081 1182 1125; x_wconf 91' lang='lat' dir='ltr'>non</span> <span class='ocrx_word' id='word_1_166' title='bbox 1193 1068 1371 1141; x_wconf 85' lang='lat' dir='ltr'>approbavit,</span> <span class='ocrx_word' id='word_1_167' title='bbox 1387 1075 1444 1126; x_wconf 80' lang='lat' dir='ltr'>tota</span> <span class='ocrx_word' id='word_1_168' title='bbox 1454 1070 1595 1126; x_wconf 85' lang='lat' dir='ltr'>Latinitas</span> <span class='ocrx_word' id='word_1_169' title='bbox 1608 1069 1838 1140; x_wconf 80' lang='lat' dir='ltr'>reprobaritSed</span> 
     </span>
     <span class='ocr_line' id='line_1_27' title="bbox 1008 1156 1840 1231; baseline 0.007 -21"><span class='ocrx_word' id='word_1_170' title='bbox 1008 1156 1078 1226; x_wconf 92' lang='lat' dir='ltr'>quid</span> <span class='ocrx_word' id='word_1_171' title='bbox 1094 1157 1129 1213; x_wconf 90' lang='lat' dir='ltr'>de</span> <span class='ocrx_word' id='word_1_172' title='bbox 1142 1158 1195 1215; x_wconf 89' lang='lat' dir='ltr'>hae</span> <span class='ocrx_word' id='word_1_173' title='bbox 1207 1158 1516 1231; x_wconf 87' lang='lat' dir='ltr'>soladicimus‘leum,</span> <span class='ocrx_word' id='word_1_174' title='bbox 1539 1165 1568 1216; x_wconf 91' lang='lat' dir='ltr'>et</span> <span class='ocrx_word' id='word_1_175' title='bbox 1588 1159 1744 1216; x_wconf 87' lang='lat' dir='ltr'>secundam</span> <span class='ocrx_word' id='word_1_176' title='bbox 1770 1160 1840 1216; x_wconf 89' lang='lat' dir='ltr'>uni·</span> 
     </span>
     <span class='ocr_line' id='line_1_28' title="bbox 1008 1247 1840 1321; baseline 0.008 -20"><span class='ocrx_word' id='word_1_177' title='bbox 1008 1247 1143 1303; x_wconf 85' lang='lat' dir='ltr'>versalem</span> <span class='ocrx_word' id='word_1_178' title='bbox 1156 1248 1294 1319; x_wconf 84' lang='lat' dir='ltr'>synodum</span> <span class='ocrx_word' id='word_1_179' title='bbox 1308 1263 1371 1320; x_wconf 82' lang='lat' dir='ltr'>qua</span> <span class='ocrx_word' id='word_1_180' title='bbox 1382 1250 1475 1320; x_wconf 91' lang='lat' dir='ltr'>primo</span> <span class='ocrx_word' id='word_1_181' title='bbox 1486 1249 1737 1321; x_wconf 87' lang='lat' dir='ltr'>Constantinopoli</span> <span class='ocrx_word' id='word_1_182' title='bbox 1762 1251 1840 1308; x_wconf 84' lang='lat' dir='ltr'>ccle-</span> 
     </span>
     <span class='ocr_line' id='line_1_29' title="bbox 1008 1334 1840 1411; baseline 0.006 -20"><span class='ocrx_word' id='word_1_183' title='bbox 1008 1334 1088 1392; x_wconf 84' lang='lat' dir='ltr'>brata</span> <span class='ocrx_word' id='word_1_184' title='bbox 1101 1341 1145 1392; x_wconf 91' lang='lat' dir='ltr'>est</span> <span class='ocrx_word' id='word_1_185' title='bbox 1158 1337 1187 1392; x_wconf 92' lang='lat' dir='ltr'>ln</span> <span class='ocrx_word' id='word_1_186' title='bbox 1199 1351 1285 1394; x_wconf 89' lang='lat' dir='ltr'>causa</span> <span class='ocrx_word' id='word_1_187' title='bbox 1301 1340 1442 1408; x_wconf 88' lang='lat' dir='ltr'>primatus</span> <span class='ocrx_word' id='word_1_188' title='bbox 1459 1339 1661 1411; x_wconf 87' lang='lat' dir='ltr'>Ecclesiarum,</span> <span class='ocrx_word' id='word_1_189' title='bbox 1676 1339 1760 1396; x_wconf 87' lang='lat' dir='ltr'>sedes</span> <span class='ocrx_word' id='word_1_190' title='bbox 1774 1354 1840 1411; x_wconf 81' lang='lat' dir='ltr'>apo</span> 
     </span>
     <span class='ocr_line' id='line_1_30' title="bbox 1008 1424 1839 1499; baseline 0.008 -20"><span class='ocrx_word' id='word_1_191' title='bbox 1008 1424 1110 1481; x_wconf 87' lang='lat' dir='ltr'>stolica</span> <span class='ocrx_word' id='word_1_192' title='bbox 1129 1440 1183 1482; x_wconf 93' lang='lat' dir='ltr'>non</span> <span class='ocrx_word' id='word_1_193' title='bbox 1196 1427 1352 1484; x_wconf 87' lang='lat' dir='ltr'>admittat:</span> <span class='ocrx_word' id='word_1_194' title='bbox 1372 1428 1454 1499; x_wconf 88' lang='lat' dir='ltr'>quin,</span> <span class='ocrx_word' id='word_1_195' title='bbox 1476 1435 1504 1484; x_wconf 93' lang='lat' dir='ltr'>et</span> <span class='ocrx_word' id='word_1_196' title='bbox 1526 1441 1624 1484; x_wconf 90' lang='lat' dir='ltr'>omnes</span> <span class='ocrx_word' id='word_1_197' title='bbox 1651 1429 1778 1499; x_wconf 89' lang='lat' dir='ltr'>synodos</span> <span class='ocrx_word' id='word_1_198' title='bbox 1796 1430 1839 1486; x_wconf 90' lang='lat' dir='ltr'>sie</span> 
     </span>
     <span class='ocr_line' id='line_1_31' title="bbox 1009 1513 1836 1589; baseline 0.011 -22"><span class='ocrx_word' id='word_1_199' title='bbox 1009 1513 1188 1583; x_wconf 89' lang='lat' dir='ltr'>recipiendas</span> <span class='ocrx_word' id='word_1_200' title='bbox 1207 1516 1341 1572; x_wconf 89' lang='lat' dir='ltr'>decernat</span> <span class='ocrx_word' id='word_1_201' title='bbox 1366 1523 1396 1574; x_wconf 90' lang='lat' dir='ltr'>ut</span> <span class='ocrx_word' id='word_1_202' title='bbox 1416 1517 1673 1573; x_wconf 85' lang='lat' dir='ltr'>chalcedonensem</span> <span class='ocrx_word' id='word_1_203' title='bbox 1697 1518 1836 1589; x_wconf 82' lang='lat' dir='ltr'>synodum</span> 
     </span>
     <span class='ocr_line' id='line_1_32' title="bbox 1010 1601 1837 1679; baseline 0.01 -23"><span class='ocrx_word' id='word_1_204' title='bbox 1010 1601 1213 1660; x_wconf 88' lang='lat' dir='ltr'>admittendam</span> <span class='ocrx_word' id='word_1_205' title='bbox 1226 1603 1286 1661; x_wconf 87' lang='lat' dir='ltr'>lore</span> <span class='ocrx_word' id='word_1_206' title='bbox 1303 1606 1456 1675; x_wconf 87' lang='lat' dir='ltr'>praedictus</span> <span class='ocrx_word' id='word_1_207' title='bbox 1479 1611 1596 1663; x_wconf 89' lang='lat' dir='ltr'>sanctus</span> <span class='ocrx_word' id='word_1_208' title='bbox 1611 1606 1748 1663; x_wconf 90' lang='lat' dir='ltr'>Gelasius</span> <span class='ocrx_word' id='word_1_209' title='bbox 1768 1621 1837 1679; x_wconf 87' lang='lat' dir='ltr'>papa</span> 
     </span>
    </p>
   </div>
   <div class='ocr_carea' id='block_1_7' title="bbox 121 1667 1838 1767">
    <p class='ocr_par' dir='ltr' id='par_1_7' title="bbox 121 1667 1838 1767">
     <span class='ocr_line' id='line_1_33' title="bbox 121 1667 1838 1767; baseline 0.003 -18"><span class='ocrx_word' id='word_1_210' title='bbox 121 1693 663 1767; x_wconf 79' lang='lat' dir='ltr'>luminterrogavit?quisintentionem</span> <span class='ocrx_word' id='word_1_211' title='bbox 674 1690 948 1765; x_wconf 82' lang='lat' dir='ltr'>investigarit‘lquis</span> <span class='ocrx_word' id='word_1_212' title='bbox 969 1667 1158 1764; x_wconf 81' lang='lat' dir='ltr'>Bdescribit,</span> <span class='ocrx_word' id='word_1_213' title='bbox 1175 1708 1226 1763; x_wconf 92' lang='lat' dir='ltr'>pro</span> <span class='ocrx_word' id='word_1_214' title='bbox 1241 1694 1306 1751; x_wconf 86' lang='lat' dir='ltr'>ildei</span> <span class='ocrx_word' id='word_1_215' title='bbox 1323 1695 1434 1751; x_wconf 87' lang='lat' dir='ltr'>scilicet</span> <span class='ocrx_word' id='word_1_216' title='bbox 1454 1695 1654 1752; x_wconf 89' lang='lat' dir='ltr'>communione</span> <span class='ocrx_word' id='word_1_217' title='bbox 1678 1703 1706 1753; x_wconf 88' lang='lat' dir='ltr'>et</span> <span class='ocrx_word' id='word_1_218' title='bbox 1718 1698 1838 1755; x_wconf 85' lang='lat' dir='ltr'>veritate</span> 
     </span>
    </p>
   </div>
   <div class='ocr_carea' id='block_1_8' title="bbox 120 1781 950 2923">
    <p class='ocr_par' dir='ltr' id='par_1_8' title="bbox 120 1781 950 2923">
     <span class='ocr_line' id='line_1_34' title="bbox 122 1781 949 1855; baseline -0.005 -17"><span class='ocrx_word' id='word_1_219' title='bbox 122 1781 199 1839; x_wconf 91' lang='lat' dir='ltr'>hunc</span> <span class='ocrx_word' id='word_1_220' title='bbox 211 1783 354 1854; x_wconf 88' lang='lat' dir='ltr'>corrigere</span> <span class='ocrx_word' id='word_1_221' title='bbox 368 1782 471 1855; x_wconf 86' lang='lat' dir='ltr'>voluit,</span> <span class='ocrx_word' id='word_1_222' title='bbox 485 1788 512 1838; x_wconf 89' lang='lat' dir='ltr'>et</span> <span class='ocrx_word' id='word_1_223' title='bbox 528 1782 577 1838; x_wconf 93' lang='lat' dir='ltr'>ille</span> <span class='ocrx_word' id='word_1_224' title='bbox 591 1782 779 1852; x_wconf 87' lang='lat' dir='ltr'>percontanti,</span> <span class='ocrx_word' id='word_1_225' title='bbox 793 1787 843 1837; x_wconf 91' lang='lat' dir='ltr'>aut</span> <span class='ocrx_word' id='word_1_226' title='bbox 857 1792 949 1837; x_wconf 93' lang='lat' dir='ltr'>emen-</span> 
     </span>
     <span class='ocr_line' id='line_1_35' title="bbox 120 1869 949 1941; baseline -0.006 -12"><span class='ocrx_word' id='word_1_227' title='bbox 120 1872 190 1929; x_wconf 88' lang='lat' dir='ltr'>dare</span> <span class='ocrx_word' id='word_1_228' title='bbox 203 1872 318 1928; x_wconf 91' lang='lat' dir='ltr'>conanti</span> <span class='ocrx_word' id='word_1_229' title='bbox 334 1871 451 1941; x_wconf 88' lang='lat' dir='ltr'>restitit,</span> <span class='ocrx_word' id='word_1_230' title='bbox 468 1871 511 1927; x_wconf 84' lang='lat' dir='ltr'>rel</span> <span class='ocrx_word' id='word_1_231' title='bbox 523 1871 758 1928; x_wconf 87' lang='lat' dir='ltr'>contentionibus</span> <span class='ocrx_word' id='word_1_232' title='bbox 770 1869 897 1926; x_wconf 90' lang='lat' dir='ltr'>serviens</span> <span class='ocrx_word' id='word_1_233' title='bbox 907 1882 949 1924; x_wconf 90' lang='lat' dir='ltr'>re·</span> 
     </span>
     <span class='ocr_line' id='line_1_36' title="bbox 122 1957 950 2031; baseline -0.005 -13"><span class='ocrx_word' id='word_1_234' title='bbox 122 1960 263 2018; x_wconf 84' lang='lat' dir='ltr'>sultavit‘l</span> <span class='ocrx_word' id='word_1_235' title='bbox 274 1960 433 2016; x_wconf 66' lang='lat' dir='ltr'>Praesertim</span> <span class='ocrx_word' id='word_1_236' title='bbox 448 1974 513 2017; x_wconf 87' lang='lat' dir='ltr'>eum</span> <span class='ocrx_word' id='word_1_237' title='bbox 538 1959 567 2015; x_wconf 93' lang='lat' dir='ltr'>in</span> <span class='ocrx_word' id='word_1_238' title='bbox 583 1958 736 2031; x_wconf 83' lang='lat' dir='ltr'>Evangelio</span> <span class='ocrx_word' id='word_1_239' title='bbox 753 1958 815 2029; x_wconf 90' lang='lat' dir='ltr'>illo,</span> <span class='ocrx_word' id='word_1_240' title='bbox 830 1972 886 2029; x_wconf 93' lang='lat' dir='ltr'>quo</span> <span class='ocrx_word' id='word_1_241' title='bbox 898 1957 950 2014; x_wconf 88' lang='lat' dir='ltr'>di-</span> 
     </span>
     <span class='ocr_line' id='line_1_37' title="bbox 121 2043 945 2119; baseline -0.006 -12"><span class='ocrx_word' id='word_1_242' title='bbox 121 2052 212 2108; x_wconf 83' lang='lat' dir='ltr'>citur:</span> <span class='ocrx_word' id='word_1_243' title='bbox 224 2049 452 2117; x_wconf 80' lang='lat' dir='ltr'>Nolilejuda&#39;cure,</span> <span class='ocrx_word' id='word_1_244' title='bbox 462 2055 487 2104; x_wconf 83' lang='lat' dir='ltr'>et</span> <span class='ocrx_word' id='word_1_245' title='bbox 497 2065 551 2104; x_wconf 87' lang='lat' dir='ltr'>non</span> <span class='ocrx_word' id='word_1_246' title='bbox 559 2048 756 2118; x_wconf 81' lang='lat' dir='ltr'>judicabimini</span> <span class='ocrx_word' id='word_1_247' title='bbox 764 2044 837 2119; x_wconf 81' lang='lat' dir='ltr'>(bue.</span> <span class='ocrx_word' id='word_1_248' title='bbox 849 2043 945 2119; x_wconf 82' lang='lat' dir='ltr'>vu,3i),</span> 
     </span>
     <span class='ocr_line' id='line_1_38' title="bbox 120 2137 950 2212; baseline -0.006 -15"><span class='ocrx_word' id='word_1_249' title='bbox 120 2144 149 2198; x_wconf 88' lang='lat' dir='ltr'>et</span> <span class='ocrx_word' id='word_1_250' title='bbox 163 2143 274 2212; x_wconf 79' lang='lat' dir='ltr'>catera,</span> <span class='ocrx_word' id='word_1_251' title='bbox 289 2137 363 2195; x_wconf 91' lang='lat' dir='ltr'>nihil</span> <span class='ocrx_word' id='word_1_252' title='bbox 378 2139 459 2196; x_wconf 90' lang='lat' dir='ltr'>allud</span> <span class='ocrx_word' id='word_1_253' title='bbox 475 2138 590 2209; x_wconf 75' lang='lat' dir='ltr'>praecipi</span> <span class='ocrx_word' id='word_1_254' title='bbox 613 2138 724 2210; x_wconf 84' lang='lat' dir='ltr'>magnis</span> <span class='ocrx_word' id='word_1_255' title='bbox 747 2137 832 2194; x_wconf 90' lang='lat' dir='ltr'>etiam</span> <span class='ocrx_word' id='word_1_256' title='bbox 853 2137 950 2208; x_wconf 88' lang='lat' dir='ltr'>magi-</span> 
     </span>
     <span class='ocr_line' id='line_1_39' title="bbox 122 2225 947 2300; baseline -0.006 -13"><span class='ocrx_word' id='word_1_257' title='bbox 122 2227 335 2287; x_wconf 85' lang='lat' dir='ltr'>strisEcclesiae</span> <span class='ocrx_word' id='word_1_258' title='bbox 349 2229 474 2300; x_wconf 77' lang='lat' dir='ltr'>vitietur,</span> <span class='ocrx_word' id='word_1_259' title='bbox 485 2228 542 2285; x_wconf 87' lang='lat' dir='ltr'>nisi</span> <span class='ocrx_word' id='word_1_260' title='bbox 558 2233 590 2285; x_wconf 94' lang='lat' dir='ltr'>ut</span> <span class='ocrx_word' id='word_1_261' title='bbox 604 2241 635 2284; x_wconf 89' lang='lat' dir='ltr'>ea</span> <span class='ocrx_word' id='word_1_262' title='bbox 653 2225 727 2284; x_wconf 87' lang='lat' dir='ltr'>laeta</span> <span class='ocrx_word' id='word_1_263' title='bbox 747 2241 810 2298; x_wconf 86' lang='lat' dir='ltr'>quae</span> <span class='ocrx_word' id='word_1_264' title='bbox 825 2226 947 2282; x_wconf 88' lang='lat' dir='ltr'>dubium</span> 
     </span>
     <span class='ocr_line' id='line_1_40' title="bbox 122 2315 949 2390; baseline -0.007 -14"><span class='ocrx_word' id='word_1_265' title='bbox 122 2325 165 2376; x_wconf 87' lang='lat' dir='ltr'>est</span> <span class='ocrx_word' id='word_1_266' title='bbox 178 2333 235 2390; x_wconf 92' lang='lat' dir='ltr'>quo</span> <span class='ocrx_word' id='word_1_267' title='bbox 244 2320 341 2377; x_wconf 91' lang='lat' dir='ltr'>animo</span> <span class='ocrx_word' id='word_1_268' title='bbox 354 2320 423 2375; x_wconf 88' lang='lat' dir='ltr'>hant</span> <span class='ocrx_word' id='word_1_269' title='bbox 435 2318 463 2373; x_wconf 91' lang='lat' dir='ltr'>in</span> <span class='ocrx_word' id='word_1_270' title='bbox 486 2317 632 2373; x_wconf 87' lang='lat' dir='ltr'>meliorem</span> <span class='ocrx_word' id='word_1_271' title='bbox 653 2324 760 2388; x_wconf 88' lang='lat' dir='ltr'>partem</span> <span class='ocrx_word' id='word_1_272' title='bbox 775 2315 949 2385; x_wconf 89' lang='lat' dir='ltr'>interprete-</span> 
     </span>
     <span class='ocr_line' id='line_1_41' title="bbox 123 2405 947 2480; baseline -0.007 -16"><span class='ocrx_word' id='word_1_273' title='bbox 123 2421 197 2465; x_wconf 89' lang='lat' dir='ltr'>mur.</span> <span class='ocrx_word' id='word_1_274' title='bbox 213 2408 286 2465; x_wconf 90' lang='lat' dir='ltr'>Sunt</span> <span class='ocrx_word' id='word_1_275' title='bbox 296 2408 403 2480; x_wconf 86' lang='lat' dir='ltr'>quippe</span> <span class='ocrx_word' id='word_1_276' title='bbox 419 2406 546 2478; x_wconf 85' lang='lat' dir='ltr'>quaedam</span> <span class='ocrx_word' id='word_1_277' title='bbox 559 2405 634 2462; x_wconf 88' lang='lat' dir='ltr'>iacta</span> <span class='ocrx_word' id='word_1_278' title='bbox 649 2405 741 2462; x_wconf 87' lang='lat' dir='ltr'>media</span> <span class='ocrx_word' id='word_1_279' title='bbox 755 2419 818 2475; x_wconf 83' lang='lat' dir='ltr'>quae</span> <span class='ocrx_word' id='word_1_280' title='bbox 829 2405 947 2475; x_wconf 90' lang='lat' dir='ltr'>ignora-</span> 
     </span>
     <span class='ocr_line' id='line_1_42' title="bbox 122 2491 948 2567; baseline -0.007 -14"><span class='ocrx_word' id='word_1_281' title='bbox 122 2511 187 2553; x_wconf 91' lang='lat' dir='ltr'>mus</span> <span class='ocrx_word' id='word_1_282' title='bbox 202 2496 364 2567; x_wconf 89' lang='lat' dir='ltr'>quoanimo</span> <span class='ocrx_word' id='word_1_283' title='bbox 380 2495 457 2564; x_wconf 88' lang='lat' dir='ltr'>liant,</span> <span class='ocrx_word' id='word_1_284' title='bbox 479 2493 634 2551; x_wconf 85' lang='lat' dir='ltr'>cambono</span> <span class='ocrx_word' id='word_1_285' title='bbox 654 2499 682 2551; x_wconf 90' lang='lat' dir='ltr'>et</span> <span class='ocrx_word' id='word_1_286' title='bbox 702 2493 776 2550; x_wconf 92' lang='lat' dir='ltr'>malo</span> <span class='ocrx_word' id='word_1_287' title='bbox 800 2491 861 2548; x_wconf 90' lang='lat' dir='ltr'>lieri</span> <span class='ocrx_word' id='word_1_288' title='bbox 879 2505 948 2562; x_wconf 89' lang='lat' dir='ltr'>pos-</span> 
     </span>
     <span class='ocr_line' id='line_1_43' title="bbox 122 2581 948 2657; baseline -0.005 -17"><span class='ocrx_word' id='word_1_289' title='bbox 122 2585 193 2656; x_wconf 88' lang='lat' dir='ltr'>sint,</span> <span class='ocrx_word' id='word_1_290' title='bbox 205 2585 240 2641; x_wconf 90' lang='lat' dir='ltr'>de</span> <span class='ocrx_word' id='word_1_291' title='bbox 253 2585 360 2657; x_wconf 89' lang='lat' dir='ltr'>quibus</span> <span class='ocrx_word' id='word_1_292' title='bbox 371 2583 555 2640; x_wconf 90' lang='lat' dir='ltr'>temerarium</span> <span class='ocrx_word' id='word_1_293' title='bbox 570 2587 613 2639; x_wconf 89' lang='lat' dir='ltr'>est</span> <span class='ocrx_word' id='word_1_294' title='bbox 623 2582 763 2653; x_wconf 87' lang='lat' dir='ltr'>judicare,</span> <span class='ocrx_word' id='word_1_295' title='bbox 781 2581 903 2638; x_wconf 87' lang='lat' dir='ltr'>maxime</span> <span class='ocrx_word' id='word_1_296' title='bbox 916 2586 948 2637; x_wconf 92' lang='lat' dir='ltr'>ut</span> 
     </span>
     <span class='ocr_line' id='line_1_44' title="bbox 122 2670 949 2744; baseline -0.007 -14"><span class='ocrx_word' id='word_1_297' title='bbox 122 2674 349 2730; x_wconf 88' lang='lat' dir='ltr'>condemnemus.</span> <span class='ocrx_word' id='word_1_298' title='bbox 362 2672 491 2744; x_wconf 85' lang='lat' dir='ltr'>benique</span> <span class='ocrx_word' id='word_1_299' title='bbox 501 2672 559 2728; x_wconf 89' lang='lat' dir='ltr'>duo</span> <span class='ocrx_word' id='word_1_300' title='bbox 571 2677 647 2728; x_wconf 91' lang='lat' dir='ltr'>sunt.</span> <span class='ocrx_word' id='word_1_301' title='bbox 666 2671 695 2727; x_wconf 92' lang='lat' dir='ltr'>in</span> <span class='ocrx_word' id='word_1_302' title='bbox 711 2670 818 2743; x_wconf 93' lang='lat' dir='ltr'>quibus</span> <span class='ocrx_word' id='word_1_303' title='bbox 833 2678 949 2727; x_wconf 90' lang='lat' dir='ltr'>temera·</span> 
     </span>
     <span class='ocr_line' id='line_1_45' title="bbox 122 2759 948 2832; baseline -0.002 -15"><span class='ocrx_word' id='word_1_304' title='bbox 122 2761 199 2818; x_wconf 92' lang='lat' dir='ltr'>rium</span> <span class='ocrx_word' id='word_1_305' title='bbox 212 2761 355 2832; x_wconf 76' lang='lat' dir='ltr'>iudicium</span> <span class='ocrx_word' id='word_1_306' title='bbox 372 2774 470 2818; x_wconf 85' lang='lat' dir='ltr'>cavere</span> <span class='ocrx_word' id='word_1_307' title='bbox 483 2759 619 2816; x_wconf 88' lang='lat' dir='ltr'>debemus</span> <span class='ocrx_word' id='word_1_308' title='bbox 632 2777 640 2830; x_wconf 80' lang='lat'>3</span> <span class='ocrx_word' id='word_1_309' title='bbox 655 2773 719 2815; x_wconf 90' lang='lat' dir='ltr'>cum</span> <span class='ocrx_word' id='word_1_310' title='bbox 744 2760 885 2816; x_wconf 89' lang='lat' dir='ltr'>incertum</span> <span class='ocrx_word' id='word_1_311' title='bbox 904 2762 948 2815; x_wconf 89' lang='lat' dir='ltr'>ast</span> 
     </span>
     <span class='ocr_line' id='line_1_46' title="bbox 122 2849 946 2923; baseline -0.005 -14"><span class='ocrx_word' id='word_1_312' title='bbox 122 2866 179 2923; x_wconf 95' lang='lat' dir='ltr'>quo</span> <span class='ocrx_word' id='word_1_313' title='bbox 193 2851 290 2908; x_wconf 91' lang='lat' dir='ltr'>animo</span> <span class='ocrx_word' id='word_1_314' title='bbox 304 2849 461 2922; x_wconf 89' lang='lat' dir='ltr'>quidquam</span> <span class='ocrx_word' id='word_1_315' title='bbox 475 2849 580 2907; x_wconf 85' lang='lat' dir='ltr'>iactum</span> <span class='ocrx_word' id='word_1_316' title='bbox 598 2850 646 2921; x_wconf 88' lang='lat' dir='ltr'>sit,</span> <span class='ocrx_word' id='word_1_317' title='bbox 662 2849 704 2905; x_wconf 80' lang='lat' dir='ltr'>rel</span> <span class='ocrx_word' id='word_1_318' title='bbox 722 2863 787 2905; x_wconf 87' lang='lat' dir='ltr'>cum</span> <span class='ocrx_word' id='word_1_319' title='bbox 805 2849 946 2905; x_wconf 90' lang='lat' dir='ltr'>incertum</span> 
     </span>
    </p>
   </div>
   <div class='ocr_carea' id='block_1_9' title="bbox 1005 1779 1838 2810">
    <p class='ocr_par' dir='ltr' id='par_1_9' title="bbox 1005 1779 1838 2810">
     <span class='ocr_line' id='line_1_47' title="bbox 1007 1779 1838 1855; baseline 0.012 -21"><span class='ocrx_word' id='word_1_320' title='bbox 1007 1779 1153 1836; x_wconf 84' lang='lat' dir='ltr'>catholiea</span> <span class='ocrx_word' id='word_1_321' title='bbox 1172 1786 1200 1838; x_wconf 92' lang='lat' dir='ltr'>et</span> <span class='ocrx_word' id='word_1_322' title='bbox 1223 1783 1390 1855; x_wconf 89' lang='lat' dir='ltr'>apostolica,</span> <span class='ocrx_word' id='word_1_323' title='bbox 1416 1798 1467 1854; x_wconf 91' lang='lat' dir='ltr'>pro</span> <span class='ocrx_word' id='word_1_324' title='bbox 1491 1797 1547 1854; x_wconf 90' lang='lat' dir='ltr'>qua</span> <span class='ocrx_word' id='word_1_325' title='bbox 1580 1784 1653 1841; x_wconf 88' lang='lat' dir='ltr'>hane</span> <span class='ocrx_word' id='word_1_326' title='bbox 1674 1785 1737 1843; x_wconf 85' lang='lat' dir='ltr'>lieri</span> <span class='ocrx_word' id='word_1_327' title='bbox 1758 1787 1838 1843; x_wconf 89' lang='lat' dir='ltr'>sedes</span> 
     </span>
     <span class='ocr_line' id='line_1_48' title="bbox 1007 1868 1836 1944; baseline 0.012 -21"><span class='ocrx_word' id='word_1_328' title='bbox 1007 1868 1165 1938; x_wconf 85' lang='lat' dir='ltr'>apostoliea</span> <span class='ocrx_word' id='word_1_329' title='bbox 1178 1870 1320 1944; x_wconf 86' lang='lat' dir='ltr'>delegavit</span> <span class='ocrx_word' id='word_1_330' title='bbox 1346 1871 1507 1944; x_wconf 84' lang='lat' dir='ltr'>laetamque</span> <span class='ocrx_word' id='word_1_331' title='bbox 1528 1873 1662 1930; x_wconf 88' lang='lat' dir='ltr'>iirmavit.</span> <span class='ocrx_word' id='word_1_332' title='bbox 1679 1876 1797 1935; x_wconf 77' lang='lat' dir='ltr'>Verum.</span> <span class='ocrx_word' id='word_1_333' title='bbox 1811 1876 1836 1933; x_wconf 92' lang='lat' dir='ltr'>si</span> 
     </span>
     <span class='ocr_line' id='line_1_49' title="bbox 1008 1959 1837 2036; baseline 0.01 -24"><span class='ocrx_word' id='word_1_334' title='bbox 1008 1959 1104 2013; x_wconf 88' lang='lat' dir='ltr'>omnia</span> <span class='ocrx_word' id='word_1_335' title='bbox 1119 1971 1289 2032; x_wconf 80' lang='lat' dir='ltr'>exaggerare</span> <span class='ocrx_word' id='word_1_336' title='bbox 1313 1961 1533 2033; x_wconf 78' lang='lat' dir='ltr'>volumusque</span> <span class='ocrx_word' id='word_1_337' title='bbox 1557 1963 1586 2018; x_wconf 91' lang='lat' dir='ltr'>in</span> <span class='ocrx_word' id='word_1_338' title='bbox 1608 1963 1729 2020; x_wconf 90' lang='lat' dir='ltr'>lionorii</span> <span class='ocrx_word' id='word_1_339' title='bbox 1760 1979 1837 2036; x_wconf 86' lang='lat' dir='ltr'>papae</span> 
     </span>
     <span class='ocr_line' id='line_1_50' title="bbox 1007 2046 1836 2122; baseline 0.012 -20"><span class='ocrx_word' id='word_1_340' title='bbox 1007 2046 1219 2105; x_wconf 84' lang='lat' dir='ltr'>excusationem</span> <span class='ocrx_word' id='word_1_341' title='bbox 1242 2049 1377 2121; x_wconf 89' lang='lat' dir='ltr'>colligere</span> <span class='ocrx_word' id='word_1_342' title='bbox 1405 2066 1568 2122; x_wconf 88' lang='lat' dir='ltr'>possumus,</span> <span class='ocrx_word' id='word_1_343' title='bbox 1592 2051 1711 2111; x_wconf 84' lang='lat' dir='ltr'>lucilius</span> <span class='ocrx_word' id='word_1_344' title='bbox 1737 2055 1836 2112; x_wconf 87' lang='lat' dir='ltr'>charta</span> 
     </span>
     <span class='ocr_line' id='line_1_51' title="bbox 1007 2135 1838 2214; baseline 0.011 -24"><span class='ocrx_word' id='word_1_345' title='bbox 1007 2135 1091 2191; x_wconf 91' lang='lat' dir='ltr'>nobis</span> <span class='ocrx_word' id='word_1_346' title='bbox 1106 2150 1190 2207; x_wconf 92' lang='lat' dir='ltr'>quam</span> <span class='ocrx_word' id='word_1_347' title='bbox 1206 2151 1298 2195; x_wconf 91' lang='lat' dir='ltr'>sermo</span> <span class='ocrx_word' id='word_1_348' title='bbox 1311 2139 1436 2212; x_wconf 88' lang='lat' dir='ltr'>deliciet,</span> <span class='ocrx_word' id='word_1_349' title='bbox 1452 2146 1481 2196; x_wconf 90' lang='lat' dir='ltr'>ct</span> <span class='ocrx_word' id='word_1_350' title='bbox 1505 2141 1714 2212; x_wconf 91' lang='lat' dir='ltr'>interpretandi</span> <span class='ocrx_word' id='word_1_351' title='bbox 1730 2157 1838 2214; x_wconf 89' lang='lat' dir='ltr'>propo-</span> 
     </span>
     <span class='ocr_line' id='line_1_52' title="bbox 1007 2223 1834 2302; baseline 0.008 -24"><span class='ocrx_word' id='word_1_352' title='bbox 1007 2223 1095 2280; x_wconf 91' lang='lat' dir='ltr'>situm</span> <span class='ocrx_word' id='word_1_353' title='bbox 1108 2226 1144 2280; x_wconf 88' lang='lat' dir='ltr'>ad</span> <span class='ocrx_word' id='word_1_354' title='bbox 1167 2226 1337 2284; x_wconf 87' lang='lat' dir='ltr'>dictationis</span> <span class='ocrx_word' id='word_1_355' title='bbox 1358 2226 1485 2298; x_wconf 89' lang='lat' dir='ltr'>proiecto</span> <span class='ocrx_word' id='word_1_356' title='bbox 1507 2235 1651 2286; x_wconf 81' lang='lat' dir='ltr'>vertemus</span> <span class='ocrx_word' id='word_1_357' title='bbox 1672 2231 1834 2302; x_wconf 92' lang='lat' dir='ltr'>eloquium.</span> 
     </span>
     <span class='ocr_line' id='line_1_53' title="bbox 1006 2311 1836 2390; baseline 0.012 -22"><span class='ocrx_word' id='word_1_358' title='bbox 1006 2311 1098 2370; x_wconf 88' lang='lat' dir='ltr'>Unum</span> <span class='ocrx_word' id='word_1_359' title='bbox 1122 2320 1213 2371; x_wconf 87' lang='lat' dir='ltr'>lamen</span> <span class='ocrx_word' id='word_1_360' title='bbox 1235 2315 1376 2388; x_wconf 89' lang='lat' dir='ltr'>dicemus,</span> <span class='ocrx_word' id='word_1_361' title='bbox 1403 2319 1478 2387; x_wconf 94' lang='lat' dir='ltr'>quod</span> <span class='ocrx_word' id='word_1_362' title='bbox 1503 2319 1622 2375; x_wconf 90' lang='lat' dir='ltr'>reticere</span> <span class='ocrx_word' id='word_1_363' title='bbox 1644 2321 1836 2390; x_wconf 90' lang='lat' dir='ltr'>proculdubio</span> 
     </span>
     <span class='ocr_line' id='line_1_54' title="bbox 1007 2403 1836 2482; baseline 0.012 -25"><span class='ocrx_word' id='word_1_364' title='bbox 1007 2416 1061 2459; x_wconf 92' lang='lat' dir='ltr'>non</span> <span class='ocrx_word' id='word_1_365' title='bbox 1075 2403 1220 2476; x_wconf 89' lang='lat' dir='ltr'>debemus,</span> <span class='ocrx_word' id='word_1_366' title='bbox 1238 2406 1306 2476; x_wconf 90' lang='lat' dir='ltr'>quia</span> <span class='ocrx_word' id='word_1_367' title='bbox 1325 2406 1393 2462; x_wconf 89' lang='lat' dir='ltr'>talis</span> <span class='ocrx_word' id='word_1_368' title='bbox 1408 2410 1451 2462; x_wconf 87' lang='lat' dir='ltr'>est</span> <span class='ocrx_word' id='word_1_369' title='bbox 1465 2406 1562 2464; x_wconf 89' lang='lat' dir='ltr'>dietus</span> <span class='ocrx_word' id='word_1_370' title='bbox 1584 2410 1730 2467; x_wconf 86' lang='lat' dir='ltr'>Honorius</span> <span class='ocrx_word' id='word_1_371' title='bbox 1741 2411 1836 2482; x_wconf 90' lang='lat' dir='ltr'>qualis</span> 
     </span>
     <span class='ocr_line' id='line_1_55' title="bbox 1005 2493 1836 2569; baseline 0.012 -23"><span class='ocrx_word' id='word_1_372' title='bbox 1005 2495 1048 2546; x_wconf 90' lang='lat' dir='ltr'>est</span> <span class='ocrx_word' id='word_1_373' title='bbox 1060 2496 1088 2547; x_wconf 93' lang='lat' dir='ltr'>et</span> <span class='ocrx_word' id='word_1_374' title='bbox 1101 2493 1302 2561; x_wconf 86' lang='lat' dir='ltr'>pronuntiatus</span> <span class='ocrx_word' id='word_1_375' title='bbox 1318 2513 1324 2549; x_wconf 91' lang='lat'>:</span> <span class='ocrx_word' id='word_1_376' title='bbox 1342 2496 1416 2566; x_wconf 88' lang='lat' dir='ltr'>quod</span> <span class='ocrx_word' id='word_1_377' title='bbox 1434 2495 1457 2551; x_wconf 90' lang='lat' dir='ltr'>si</span> <span class='ocrx_word' id='word_1_378' title='bbox 1483 2496 1550 2553; x_wconf 88' lang='lat' dir='ltr'>talis</span> <span class='ocrx_word' id='word_1_379' title='bbox 1572 2511 1627 2554; x_wconf 87' lang='lat' dir='ltr'>nen</span> <span class='ocrx_word' id='word_1_380' title='bbox 1644 2497 1712 2569; x_wconf 86' lang='lat' dir='ltr'>init,</span> <span class='ocrx_word' id='word_1_381' title='bbox 1729 2500 1778 2556; x_wconf 88' lang='lat' dir='ltr'>cui</span> <span class='ocrx_word' id='word_1_382' title='bbox 1798 2501 1836 2556; x_wconf 89' lang='lat' dir='ltr'>sit</span> 
     </span>
     <span class='ocr_line' id='line_1_56' title="bbox 1006 2578 1836 2656; baseline 0.013 -23"><span class='ocrx_word' id='word_1_383' title='bbox 1006 2578 1121 2649; x_wconf 87' lang='lat' dir='ltr'>praehxa</span> <span class='ocrx_word' id='word_1_384' title='bbox 1134 2582 1284 2651; x_wconf 89' lang='lat' dir='ltr'>sententia,</span> <span class='ocrx_word' id='word_1_385' title='bbox 1302 2580 1428 2652; x_wconf 89' lang='lat' dir='ltr'>proiecto</span> <span class='ocrx_word' id='word_1_386' title='bbox 1441 2598 1496 2641; x_wconf 90' lang='lat' dir='ltr'>non</span> <span class='ocrx_word' id='word_1_387' title='bbox 1511 2584 1568 2640; x_wconf 87' lang='lat' dir='ltr'>erit</span> <span class='ocrx_word' id='word_1_388' title='bbox 1584 2603 1590 2639; x_wconf 93' lang='lat'><strong>:</strong></span> <span class='ocrx_word' id='word_1_389' title='bbox 1609 2587 1748 2656; x_wconf 89' lang='lat' dir='ltr'>quoniam</span> <span class='ocrx_word' id='word_1_390' title='bbox 1761 2589 1836 2645; x_wconf 89' lang='lat' dir='ltr'>sieut</span> 
     </span>
     <span class='ocr_line' id='line_1_57' title="bbox 1006 2667 1836 2743; baseline 0.012 -21"><span class='ocrx_word' id='word_1_391' title='bbox 1006 2667 1222 2738; x_wconf 85' lang='lat' dir='ltr'>scriptumest:</span> <span class='ocrx_word' id='word_1_392' title='bbox 1242 2673 1417 2727; x_wconf 82' lang='lat' dir='ltr'>Hornocidet</span> <span class='ocrx_word' id='word_1_393' title='bbox 1439 2675 1470 2728; x_wconf 86' lang='lat' dir='ltr'>in</span> <span class='ocrx_word' id='word_1_394' title='bbox 1487 2676 1569 2743; x_wconf 76' lang='lat' dir='ltr'>facie,</span> <span class='ocrx_word' id='word_1_395' title='bbox 1591 2676 1663 2730; x_wconf 86' lang='lat' dir='ltr'>Deus</span> <span class='ocrx_word' id='word_1_396' title='bbox 1687 2681 1782 2732; x_wconf 85' lang='lat' dir='ltr'>autem</span> <span class='ocrx_word' id='word_1_397' title='bbox 1808 2679 1836 2731; x_wconf 86' lang='lat' dir='ltr'>a&#39;rt</span> 
     </span>
     <span class='ocr_line' id='line_1_58' title="bbox 1006 2757 1095 2810; baseline 0 0"><span class='ocrx_word' id='word_1_398' title='bbox 1006 2757 1095 2810; x_wconf 85' lang='lat' dir='ltr'>eorde.</span> 
     </span>
    </p>
   </div>
   <div class='ocr_carea' id='block_1_10' title="bbox 1040 2844 1833 2922">
    <p class='ocr_par' dir='ltr' id='par_1_10' title="bbox 1040 2844 1833 2922">
     <span class='ocr_line' id='line_1_59' title="bbox 1040 2844 1833 2922; baseline 0.015 -22"><span class='ocrx_word' id='word_1_399' title='bbox 1040 2844 1093 2901; x_wconf 91' lang='lat' dir='ltr'>Sed</span> <span class='ocrx_word' id='word_1_400' title='bbox 1112 2861 1186 2918; x_wconf 91' lang='lat' dir='ltr'>ecce,</span> <span class='ocrx_word' id='word_1_401' title='bbox 1208 2848 1276 2906; x_wconf 89' lang='lat' dir='ltr'>dum</span> <span class='ocrx_word' id='word_1_402' title='bbox 1305 2849 1451 2921; x_wconf 83' lang='lat' dir='ltr'>prolixius</span> <span class='ocrx_word' id='word_1_403' title='bbox 1472 2850 1601 2922; x_wconf 81' lang='lat' dir='ltr'>praelatio</span> <span class='ocrx_word' id='word_1_404' title='bbox 1625 2854 1659 2910; x_wconf 91' lang='lat' dir='ltr'>ad</span> <span class='ocrx_word' id='word_1_405' title='bbox 1688 2858 1716 2912; x_wconf 89' lang='lat' dir='ltr'>te</span> <span class='ocrx_word' id='word_1_406' title='bbox 1737 2860 1833 2914; x_wconf 92' lang='lat' dir='ltr'>nostra</span> 
     </span>
    </p>
   </div>
   <div class='ocr_carea' id='block_1_11' title="bbox 121 2932 1834 3101">
    <p class='ocr_par' dir='ltr' id='par_1_11' title="bbox 121 2932 1834 3101">
     <span class='ocr_line' id='line_1_60' title="bbox 121 2932 1834 3012; baseline 0.002 -16"><span class='ocrx_word' id='word_1_407' title='bbox 121 2938 270 3010; x_wconf 89' lang='lat' dir='ltr'>estqualis</span> <span class='ocrx_word' id='word_1_408' title='bbox 284 2938 401 2995; x_wconf 88' lang='lat' dir='ltr'>iuturus</span> <span class='ocrx_word' id='word_1_409' title='bbox 413 2938 453 2995; x_wconf 91' lang='lat' dir='ltr'>sit</span> <span class='ocrx_word' id='word_1_410' title='bbox 464 2939 515 3011; x_wconf 93' lang='lat' dir='ltr'>qui</span> <span class='ocrx_word' id='word_1_411' title='bbox 529 2953 605 2996; x_wconf 89' lang='lat' dir='ltr'>nunc</span> <span class='ocrx_word' id='word_1_412' title='bbox 621 2937 664 2994; x_wconf 86' lang='lat' dir='ltr'>vel</span> <span class='ocrx_word' id='word_1_413' title='bbox 684 2937 777 2994; x_wconf 88' lang='lat' dir='ltr'>malus</span> <span class='ocrx_word' id='word_1_414' title='bbox 792 2937 833 2994; x_wconf 88' lang='lat' dir='ltr'>vel</span> <span class='ocrx_word' id='word_1_415' title='bbox 854 2937 946 2994; x_wconf 92' lang='lat' dir='ltr'>bonus</span> <span class='ocrx_word' id='word_1_416' title='bbox 1004 2932 1154 3007; x_wconf 85' lang='lat' dir='ltr'>dirigitur,</span> <span class='ocrx_word' id='word_1_417' title='bbox 1170 2936 1206 2993; x_wconf 91' lang='lat' dir='ltr'>ab</span> <span class='ocrx_word' id='word_1_418' title='bbox 1219 2937 1427 3009; x_wconf 83' lang='lat' dir='ltr'>interpretandi</span> <span class='ocrx_word' id='word_1_419' title='bbox 1450 2941 1547 2997; x_wconf 93' lang='lat' dir='ltr'>studio</span> <span class='ocrx_word' id='word_1_420' title='bbox 1563 2943 1662 3012; x_wconf 90' lang='lat' dir='ltr'>procul</span> <span class='ocrx_word' id='word_1_421' title='bbox 1687 2943 1834 3001; x_wconf 86' lang='lat' dir='ltr'>abscessi-</span> 
     </span>
     <span class='ocr_line' id='line_1_61' title="bbox 121 3011 1833 3101; baseline 0.004 -17"><span class='ocrx_word' id='word_1_422' title='bbox 121 3033 246 3099; x_wconf 89' lang='lat' dir='ltr'>apparet.</span> <span class='ocrx_word' id='word_1_423' title='bbox 262 3030 406 3098; x_wconf 88' lang='lat' dir='ltr'>Quantum</span> <span class='ocrx_word' id='word_1_424' title='bbox 425 3033 520 3084; x_wconf 88' lang='lat' dir='ltr'>autem</span> <span class='ocrx_word' id='word_1_425' title='bbox 543 3027 726 3084; x_wconf 89' lang='lat' dir='ltr'>temerarium</span> <span class='ocrx_word' id='word_1_426' title='bbox 745 3027 784 3083; x_wconf 91' lang='lat' dir='ltr'>sit</span> <span class='ocrx_word' id='word_1_427' title='bbox 801 3025 945 3098; x_wconf 87' lang='lat' dir='ltr'>judicium</span> <span class='ocrx_word' id='word_1_428' title='bbox 963 3011 988 3075; x_wconf 84' lang='lat' dir='ltr'><strong>G</strong></span> <span class='ocrx_word' id='word_1_429' title='bbox 1006 3036 1090 3080; x_wconf 90' lang='lat' dir='ltr'>mus:</span> <span class='ocrx_word' id='word_1_430' title='bbox 1107 3026 1256 3082; x_wconf 87' lang='lat' dir='ltr'>ostendere</span> <span class='ocrx_word' id='word_1_431' title='bbox 1268 3028 1422 3100; x_wconf 89' lang='lat' dir='ltr'>gestientes</span> <span class='ocrx_word' id='word_1_432' title='bbox 1439 3030 1514 3100; x_wconf 90' lang='lat' dir='ltr'>quod</span> <span class='ocrx_word' id='word_1_433' title='bbox 1536 3030 1565 3086; x_wconf 91' lang='lat' dir='ltr'>ln</span> <span class='ocrx_word' id='word_1_434' title='bbox 1577 3030 1833 3101; x_wconf 79' lang='lat' dir='ltr'>apostolicaesedis</span> 
     </span>
    </p>
   </div>
   <div class='ocr_carea' id='block_1_12' title="bbox 111 3115 948 4347">
    <p class='ocr_par' dir='ltr' id='par_1_12' title="bbox 111 3115 948 4347">
     <span class='ocr_line' id='line_1_62' title="bbox 122 3115 948 3188; baseline -0.001 -15"><span class='ocrx_word' id='word_1_435' title='bbox 122 3117 346 3188; x_wconf 79' lang='lat' dir='ltr'>praecavendum,</span> <span class='ocrx_word' id='word_1_436' title='bbox 359 3121 456 3187; x_wconf 88' lang='lat' dir='ltr'>aperte</span> <span class='ocrx_word' id='word_1_437' title='bbox 469 3117 609 3173; x_wconf 85' lang='lat' dir='ltr'>Dominus</span> <span class='ocrx_word' id='word_1_438' title='bbox 622 3116 740 3186; x_wconf 73' lang='lat' dir='ltr'>indicat,</span> <span class='ocrx_word' id='word_1_439' title='bbox 755 3115 805 3187; x_wconf 93' lang='lat' dir='ltr'>qui</span> <span class='ocrx_word' id='word_1_440' title='bbox 818 3116 854 3172; x_wconf 94' lang='lat' dir='ltr'>de</span> <span class='ocrx_word' id='word_1_441' title='bbox 863 3115 948 3172; x_wconf 90' lang='lat' dir='ltr'>Sodo-</span> 
     </span>
     <span class='ocr_line' id='line_1_63' title="bbox 120 3205 947 3278; baseline -0.004 -14"><span class='ocrx_word' id='word_1_442' title='bbox 120 3205 202 3264; x_wconf 89' lang='lat' dir='ltr'>mitis</span> <span class='ocrx_word' id='word_1_443' title='bbox 214 3219 291 3264; x_wconf 91' lang='lat' dir='ltr'>more</span> <span class='ocrx_word' id='word_1_444' title='bbox 313 3212 411 3264; x_wconf 88' lang='lat' dir='ltr'>nostro</span> <span class='ocrx_word' id='word_1_445' title='bbox 426 3206 566 3278; x_wconf 90' lang='lat' dir='ltr'>loquitur,</span> <span class='ocrx_word' id='word_1_446' title='bbox 585 3206 707 3263; x_wconf 91' lang='lat' dir='ltr'>dicens:</span> <span class='ocrx_word' id='word_1_447' title='bbox 732 3206 907 3275; x_wconf 81' lang='lat' dir='ltr'>Descendunt,</span> <span class='ocrx_word' id='word_1_448' title='bbox 921 3210 947 3261; x_wconf 87' lang='lat' dir='ltr'>et</span> 
     </span>
     <span class='ocr_line' id='line_1_64' title="bbox 119 3295 947 3366; baseline -0.002 -15"><span class='ocrx_word' id='word_1_449' title='bbox 119 3295 213 3351; x_wconf 82' lang='lat' dir='ltr'>uidebo</span> <span class='ocrx_word' id='word_1_450' title='bbox 221 3301 314 3351; x_wconf 85' lang='lat' dir='ltr'>utrum</span> <span class='ocrx_word' id='word_1_451' title='bbox 323 3296 466 3351; x_wconf 84' lang='lat' dir='ltr'>clamorem</span> <span class='ocrx_word' id='word_1_452' title='bbox 475 3296 524 3365; x_wconf 87' lang='lat' dir='ltr'>qui</span> <span class='ocrx_word' id='word_1_453' title='bbox 534 3298 608 3351; x_wconf 85' lang='lat' dir='ltr'>uenit</span> <span class='ocrx_word' id='word_1_454' title='bbox 617 3295 656 3351; x_wconf 83' lang='lat' dir='ltr'>ad</span> <span class='ocrx_word' id='word_1_455' title='bbox 664 3311 705 3350; x_wconf 88' lang='lat' dir='ltr'>me</span> <span class='ocrx_word' id='word_1_456' title='bbox 712 3310 791 3366; x_wconf 87' lang='lat' dir='ltr'>opere</span> <span class='ocrx_word' id='word_1_457' title='bbox 803 3296 947 3366; x_wconf 82' lang='lat' dir='ltr'>complere·</span> 
     </span>
     <span class='ocr_line' id='line_1_65' title="bbox 118 3381 946 3458; baseline 0.001 -18"><span class='ocrx_word' id='word_1_458' title='bbox 118 3386 186 3449; x_wconf 87' lang='lat' dir='ltr'>rint,</span> <span class='ocrx_word' id='word_1_459' title='bbox 197 3402 235 3441; x_wconf 86' lang='lat' dir='ltr'>aa</span> <span class='ocrx_word' id='word_1_460' title='bbox 244 3387 401 3449; x_wconf 75' lang='lat' dir='ltr'>concutite,</span> <span class='ocrx_word' id='word_1_461' title='bbox 413 3390 444 3441; x_wconf 86' lang='lat' dir='ltr'>ut</span> <span class='ocrx_word' id='word_1_462' title='bbox 457 3387 541 3441; x_wconf 84' lang='lat' dir='ltr'>seiam</span> <span class='ocrx_word' id='word_1_463' title='bbox 551 3383 629 3457; x_wconf 63' lang='lat' dir='ltr'>(tien.</span> <span class='ocrx_word' id='word_1_464' title='bbox 644 3397 728 3454; x_wconf 82' lang='lat' dir='ltr'>nuru,</span> <span class='ocrx_word' id='word_1_465' title='bbox 742 3381 834 3458; x_wconf 75' lang='lat' dir='ltr'>atym</span> <span class='ocrx_word' id='word_1_466' title='bbox 844 3400 946 3441; x_wconf 89' lang='lat' dir='ltr'>rursus</span> 
     </span>
     <span class='ocr_line' id='line_1_66' title="bbox 118 3473 945 3546; baseline -0.001 -16"><span class='ocrx_word' id='word_1_467' title='bbox 118 3487 169 3546; x_wconf 88' lang='lat' dir='ltr'>per</span> <span class='ocrx_word' id='word_1_468' title='bbox 182 3474 295 3546; x_wconf 85' lang='lat' dir='ltr'>biayseu</span> <span class='ocrx_word' id='word_1_469' title='bbox 314 3491 320 3530; x_wconf 94' lang='lat'><strong>:</strong></span> <span class='ocrx_word' id='word_1_470' title='bbox 334 3475 375 3531; x_wconf 87' lang='lat' dir='ltr'>Ne</span> <span class='ocrx_word' id='word_1_471' title='bbox 386 3474 635 3538; x_wconf 83' lang='lat' dir='ltr'>maledicusaurdc,</span> <span class='ocrx_word' id='word_1_472' title='bbox 644 3473 696 3536; x_wconf 89' lang='lat' dir='ltr'>ait,</span> <span class='ocrx_word' id='word_1_473' title='bbox 712 3490 761 3529; x_wconf 86' lang='lat' dir='ltr'>nec</span> <span class='ocrx_word' id='word_1_474' title='bbox 777 3489 867 3528; x_wconf 84' lang='lat' dir='ltr'>ceram</span> <span class='ocrx_word' id='word_1_475' title='bbox 879 3490 945 3529; x_wconf 87' lang='lat' dir='ltr'>coeco</span> 
     </span>
     <span class='ocr_line' id='line_1_67' title="bbox 114 3558 944 3634; baseline 0 -16"><span class='ocrx_word' id='word_1_476' title='bbox 114 3578 204 3634; x_wconf 83' lang='lat' dir='ltr'>portus</span> <span class='ocrx_word' id='word_1_477' title='bbox 232 3563 427 3634; x_wconf 73' lang='lat' dir='ltr'>offendiculum</span> <span class='ocrx_word' id='word_1_478' title='bbox 451 3558 544 3633; x_wconf 79' lang='lat' dir='ltr'>(beuta.</span> <span class='ocrx_word' id='word_1_479' title='bbox 572 3576 633 3625; x_wconf 78' lang='lat' dir='ltr'>aar,</span> <span class='ocrx_word' id='word_1_480' title='bbox 658 3558 710 3634; x_wconf 82' lang='lat' dir='ltr'>il).</span> <span class='ocrx_word' id='word_1_481' title='bbox 736 3561 816 3630; x_wconf 90' lang='lat' dir='ltr'>Quod</span> <span class='ocrx_word' id='word_1_482' title='bbox 837 3562 944 3619; x_wconf 89' lang='lat' dir='ltr'>eisdem</span> 
     </span>
     <span class='ocr_line' id='line_1_68' title="bbox 118 3651 946 3723; baseline -0.002 -15"><span class='ocrx_word' id='word_1_483' title='bbox 118 3666 188 3723; x_wconf 88' lang='lat' dir='ltr'>pene</span> <span class='ocrx_word' id='word_1_484' title='bbox 212 3652 308 3710; x_wconf 82' lang='lat' dir='ltr'>verbis</span> <span class='ocrx_word' id='word_1_485' title='bbox 333 3651 488 3723; x_wconf 78' lang='lat' dir='ltr'>Apostolus</span> <span class='ocrx_word' id='word_1_486' title='bbox 515 3656 635 3708; x_wconf 89' lang='lat' dir='ltr'>monet:</span> <span class='ocrx_word' id='word_1_487' title='bbox 669 3651 870 3720; x_wconf 83' lang='lat' dir='ltr'>Unusquisque,</span> <span class='ocrx_word' id='word_1_488' title='bbox 895 3651 946 3706; x_wconf 93' lang='lat' dir='ltr'>in-</span> 
     </span>
     <span class='ocr_line' id='line_1_69' title="bbox 116 3738 944 3814; baseline -0.005 -16"><span class='ocrx_word' id='word_1_489' title='bbox 116 3741 230 3814; x_wconf 84' lang='lat' dir='ltr'>quiens,</span> <span class='ocrx_word' id='word_1_490' title='bbox 242 3745 363 3795; x_wconf 82' lang='lat' dir='ltr'>nostram</span> <span class='ocrx_word' id='word_1_491' title='bbox 371 3754 459 3809; x_wconf 81' lang='lat' dir='ltr'>prose</span> <span class='ocrx_word' id='word_1_492' title='bbox 469 3740 603 3793; x_wconf 85' lang='lat' dir='ltr'>rationem</span> <span class='ocrx_word' id='word_1_493' title='bbox 617 3738 711 3793; x_wconf 83' lang='lat' dir='ltr'>reddet</span> <span class='ocrx_word' id='word_1_494' title='bbox 729 3740 793 3794; x_wconf 88' lang='lat' dir='ltr'>Dec.</span> <span class='ocrx_word' id='word_1_495' title='bbox 809 3740 870 3796; x_wconf 86' lang='lat' dir='ltr'>Non</span> <span class='ocrx_word' id='word_1_496' title='bbox 882 3756 944 3809; x_wconf 82' lang='lat' dir='ltr'>erpo</span> 
     </span>
     <span class='ocr_line' id='line_1_70' title="bbox 116 3826 945 3901; baseline 0.001 -17"><span class='ocrx_word' id='word_1_497' title='bbox 116 3830 234 3901; x_wconf 68' lang='lat' dir='ltr'>suaptim</span> <span class='ocrx_word' id='word_1_498' title='bbox 246 3828 530 3896; x_wconf 70' lang='lat' dir='ltr'>invicemJudieemus,</span> <span class='ocrx_word' id='word_1_499' title='bbox 541 3827 589 3883; x_wconf 82' lang='lat' dir='ltr'>sed</span> <span class='ocrx_word' id='word_1_500' title='bbox 597 3827 646 3882; x_wconf 84' lang='lat' dir='ltr'>boc</span> <span class='ocrx_word' id='word_1_501' title='bbox 655 3826 782 3895; x_wconf 85' lang='lat' dir='ltr'>judicate</span> <span class='ocrx_word' id='word_1_502' title='bbox 795 3829 893 3897; x_wconf 77' lang='lat' dir='ltr'>magis,</span> <span class='ocrx_word' id='word_1_503' title='bbox 911 3845 945 3886; x_wconf 85' lang='lat' dir='ltr'>ne</span> 
     </span>
     <span class='ocr_line' id='line_1_71' title="bbox 111 3915 943 3991; baseline -0.001 -18"><span class='ocrx_word' id='word_1_504' title='bbox 111 3919 223 3988; x_wconf 83' lang='lat' dir='ltr'>penatis</span> <span class='ocrx_word' id='word_1_505' title='bbox 236 3917 430 3986; x_wconf 69' lang='lat' dir='ltr'>offendiculum</span> <span class='ocrx_word' id='word_1_506' title='bbox 441 3917 535 3985; x_wconf 67' lang='lat' dir='ltr'>srutm,</span> <span class='ocrx_word' id='word_1_507' title='bbox 548 3916 591 3971; x_wconf 86' lang='lat' dir='ltr'>uei</span> <span class='ocrx_word' id='word_1_508' title='bbox 602 3915 764 3972; x_wconf 84' lang='lat' dir='ltr'>scandalum</span> <span class='ocrx_word' id='word_1_509' title='bbox 780 3915 863 3988; x_wconf 82' lang='lat' dir='ltr'>(Rom.</span> <span class='ocrx_word' id='word_1_510' title='bbox 882 3932 943 3991; x_wconf 80' lang='lat' dir='ltr'>utu,</span> 
     </span>
     <span class='ocr_line' id='line_1_72' title="bbox 116 4001 944 4080; baseline 0.004 -18"><span class='ocrx_word' id='word_1_511' title='bbox 116 4003 160 4078; x_wconf 71' lang='lat' dir='ltr'>li,</span> <span class='ocrx_word' id='word_1_512' title='bbox 172 4001 222 4080; x_wconf 81' lang='lat' dir='ltr'>ta).</span> <span class='ocrx_word' id='word_1_513' title='bbox 236 4004 410 4074; x_wconf 86' lang='lat' dir='ltr'>Qulsautem</span> <span class='ocrx_word' id='word_1_514' title='bbox 422 4005 513 4077; x_wconf 89' lang='lat' dir='ltr'>magis</span> <span class='ocrx_word' id='word_1_515' title='bbox 524 4004 631 4063; x_wconf 90' lang='lat' dir='ltr'>surdus</span> <span class='ocrx_word' id='word_1_516' title='bbox 641 4005 683 4061; x_wconf 89' lang='lat' dir='ltr'>rei</span> <span class='ocrx_word' id='word_1_517' title='bbox 696 4009 793 4063; x_wconf 87' lang='lat' dir='ltr'>mutus</span> <span class='ocrx_word' id='word_1_518' title='bbox 803 4006 944 4065; x_wconf 91' lang='lat' dir='ltr'>dicendus</span> 
     </span>
     <span class='ocr_line' id='line_1_73' title="bbox 114 4092 942 4171; baseline 0.001 -18"><span class='ocrx_word' id='word_1_519' title='bbox 114 4100 158 4153; x_wconf 90' lang='lat' dir='ltr'>est</span> <span class='ocrx_word' id='word_1_520' title='bbox 169 4108 254 4171; x_wconf 80' lang='lat' dir='ltr'>quam</span> <span class='ocrx_word' id='word_1_521' title='bbox 270 4095 296 4151; x_wconf 94' lang='lat' dir='ltr'>ls</span> <span class='ocrx_word' id='word_1_522' title='bbox 308 4092 367 4164; x_wconf 90' lang='lat' dir='ltr'>eui,</span> <span class='ocrx_word' id='word_1_523' title='bbox 379 4107 444 4151; x_wconf 90' lang='lat' dir='ltr'>cum</span> <span class='ocrx_word' id='word_1_524' title='bbox 457 4093 599 4151; x_wconf 88' lang='lat' dir='ltr'>exanimis</span> <span class='ocrx_word' id='word_1_525' title='bbox 613 4098 641 4150; x_wconf 94' lang='lat' dir='ltr'>et</span> <span class='ocrx_word' id='word_1_526' title='bbox 649 4093 812 4152; x_wconf 86' lang='lat' dir='ltr'>dissolutus</span> <span class='ocrx_word' id='word_1_527' title='bbox 824 4096 900 4166; x_wconf 83' lang='lat' dir='ltr'>jacet</span> <span class='ocrx_word' id='word_1_528' title='bbox 910 4096 942 4156; x_wconf 90' lang='lat' dir='ltr'>in</span> 
     </span>
     <span class='ocr_line' id='line_1_74' title="bbox 114 4182 941 4256; baseline 0 -14"><span class='ocrx_word' id='word_1_529' title='bbox 114 4182 256 4256; x_wconf 86' lang='lat' dir='ltr'>sepulcro,</span> <span class='ocrx_word' id='word_1_530' title='bbox 272 4197 323 4241; x_wconf 92' lang='lat' dir='ltr'>nec</span> <span class='ocrx_word' id='word_1_531' title='bbox 337 4197 369 4241; x_wconf 91' lang='lat' dir='ltr'>os</span> <span class='ocrx_word' id='word_1_532' title='bbox 390 4182 520 4256; x_wconf 90' lang='lat' dir='ltr'>aperitur</span> <span class='ocrx_word' id='word_1_533' title='bbox 539 4182 573 4239; x_wconf 90' lang='lat' dir='ltr'>ad</span> <span class='ocrx_word' id='word_1_534' title='bbox 596 4182 705 4253; x_wconf 86' lang='lat' dir='ltr'>objecta</span> <span class='ocrx_word' id='word_1_535' title='bbox 728 4183 941 4242; x_wconf 85' lang='lat' dir='ltr'>rationabiliter</span> 
     </span>
     <span class='ocr_line' id='line_1_75' title="bbox 113 4272 941 4347; baseline -0.001 -16"><span class='ocrx_word' id='word_1_536' title='bbox 113 4273 301 4347; x_wconf 88' lang='lat' dir='ltr'>audiendum,</span> <span class='ocrx_word' id='word_1_537' title='bbox 315 4285 366 4330; x_wconf 91' lang='lat' dir='ltr'>uec</span> <span class='ocrx_word' id='word_1_538' title='bbox 381 4287 413 4331; x_wconf 90' lang='lat' dir='ltr'>os</span> <span class='ocrx_word' id='word_1_539' title='bbox 427 4272 599 4344; x_wconf 88' lang='lat' dir='ltr'>aperiturad</span> <span class='ocrx_word' id='word_1_540' title='bbox 613 4272 941 4342; x_wconf 86' lang='lat' dir='ltr'>objectarationabiliter</span> 
     </span>
    </p>
   </div>
   <div class='ocr_carea' id='block_1_13' title="bbox 1002 3116 1879 4352">
    <p class='ocr_par' dir='ltr' id='par_1_13' title="bbox 1002 3116 1879 4352">
     <span class='ocr_line' id='line_1_76' title="bbox 1006 3116 1834 3194; baseline 0.011 -25"><span class='ocrx_word' id='word_1_541' title='bbox 1006 3118 1095 3186; x_wconf 92' lang='lat' dir='ltr'>petra,</span> <span class='ocrx_word' id='word_1_542' title='bbox 1122 3121 1261 3186; x_wconf 89' lang='lat' dir='ltr'>quantum</span> <span class='ocrx_word' id='word_1_543' title='bbox 1285 3116 1319 3172; x_wconf 86' lang='lat' dir='ltr'>ad</span> <span class='ocrx_word' id='word_1_544' title='bbox 1343 3117 1426 3174; x_wconf 87' lang='lat' dir='ltr'>tidem</span> <span class='ocrx_word' id='word_1_545' title='bbox 1450 3119 1582 3191; x_wconf 89' lang='lat' dir='ltr'>pertinet,</span> <span class='ocrx_word' id='word_1_546' title='bbox 1607 3134 1658 3176; x_wconf 89' lang='lat' dir='ltr'>nes</span> <span class='ocrx_word' id='word_1_547' title='bbox 1677 3121 1765 3178; x_wconf 89' lang='lat' dir='ltr'>etiam</span> <span class='ocrx_word' id='word_1_548' title='bbox 1787 3137 1834 3194; x_wconf 91' lang='lat' dir='ltr'>per</span> 
     </span>
     <span class='ocr_line' id='line_1_77' title="bbox 1004 3203 1833 3282; baseline 0.008 -21"><span class='ocrx_word' id='word_1_549' title='bbox 1004 3203 1161 3261; x_wconf 85' lang='lat' dir='ltr'>Honorium</span> <span class='ocrx_word' id='word_1_550' title='bbox 1183 3204 1329 3262; x_wconf 87' lang='lat' dir='ltr'>inventum</span> <span class='ocrx_word' id='word_1_551' title='bbox 1354 3206 1393 3262; x_wconf 89' lang='lat' dir='ltr'>sit</span> <span class='ocrx_word' id='word_1_552' title='bbox 1415 3221 1541 3278; x_wconf 91' lang='lat' dir='ltr'>unquam</span> <span class='ocrx_word' id='word_1_553' title='bbox 1565 3211 1719 3282; x_wconf 84' lang='lat' dir='ltr'>serpentis,</span> <span class='ocrx_word' id='word_1_554' title='bbox 1740 3210 1770 3267; x_wconf 94' lang='lat' dir='ltr'>id</span> <span class='ocrx_word' id='word_1_555' title='bbox 1792 3217 1833 3268; x_wconf 90' lang='lat' dir='ltr'>est</span> 
     </span>
     <span class='ocr_line' id='line_1_78' title="bbox 1004 3290 1834 3370; baseline 0.013 -23"><span class='ocrx_word' id='word_1_556' title='bbox 1004 3290 1249 3349; x_wconf 84' lang='lat' dir='ltr'>virulentaesectae</span> <span class='ocrx_word' id='word_1_557' title='bbox 1260 3294 1424 3366; x_wconf 82' lang='lat' dir='ltr'>vestigium.</span> <span class='ocrx_word' id='word_1_558' title='bbox 1440 3295 1524 3353; x_wconf 91' lang='lat' dir='ltr'>Sume</span> <span class='ocrx_word' id='word_1_559' title='bbox 1541 3296 1633 3370; x_wconf 89' lang='lat' dir='ltr'>igitur</span> <span class='ocrx_word' id='word_1_560' title='bbox 1648 3299 1709 3368; x_wconf 82' lang='lat' dir='ltr'>jam</span> <span class='ocrx_word' id='word_1_561' title='bbox 1725 3313 1834 3358; x_wconf 89' lang='lat' dir='ltr'>memo-</span> 
     </span>
     <span class='ocr_line' id='line_1_79' title="bbox 1005 3382 1833 3460; baseline 0.01 -24"><span class='ocrx_word' id='word_1_562' title='bbox 1005 3382 1223 3439; x_wconf 83' lang='lat' dir='ltr'>ratamloannis</span> <span class='ocrx_word' id='word_1_563' title='bbox 1236 3395 1314 3453; x_wconf 76' lang='lat' dir='ltr'>papae</span> <span class='ocrx_word' id='word_1_564' title='bbox 1335 3397 1387 3452; x_wconf 91' lang='lat' dir='ltr'>pro</span> <span class='ocrx_word' id='word_1_565' title='bbox 1408 3385 1534 3442; x_wconf 85' lang='lat' dir='ltr'>Honorio</span> <span class='ocrx_word' id='word_1_566' title='bbox 1552 3385 1739 3460; x_wconf 76' lang='lat' dir='ltr'>Apologiam:</span> <span class='ocrx_word' id='word_1_567' title='bbox 1754 3402 1833 3447; x_wconf 90' lang='lat' dir='ltr'>sume</span> 
     </span>
     <span class='ocr_line' id='line_1_80' title="bbox 1004 3469 1833 3548; baseline 0.008 -23"><span class='ocrx_word' id='word_1_568' title='bbox 1004 3469 1090 3527; x_wconf 89' lang='lat' dir='ltr'>etlam</span> <span class='ocrx_word' id='word_1_569' title='bbox 1114 3475 1142 3526; x_wconf 91' lang='lat' dir='ltr'>et</span> <span class='ocrx_word' id='word_1_570' title='bbox 1166 3485 1217 3541; x_wconf 88' lang='lat' dir='ltr'>pro</span> <span class='ocrx_word' id='word_1_571' title='bbox 1240 3473 1337 3529; x_wconf 91' lang='lat' dir='ltr'>eodem</span> <span class='ocrx_word' id='word_1_572' title='bbox 1363 3473 1426 3544; x_wconf 90' lang='lat' dir='ltr'>ipso</span> <span class='ocrx_word' id='word_1_573' title='bbox 1456 3472 1623 3547; x_wconf 71' lang='lat' dir='ltr'>apologiam</span> <span class='ocrx_word' id='word_1_574' title='bbox 1651 3491 1688 3532; x_wconf 79' lang='lat' dir='ltr'>es</span> <span class='ocrx_word' id='word_1_575' title='bbox 1712 3478 1833 3548; x_wconf 88' lang='lat' dir='ltr'>epistola</span> 
     </span>
     <span class='ocr_line' id='line_1_81' title="bbox 1004 3559 1832 3638; baseline 0.011 -23"><span class='ocrx_word' id='word_1_576' title='bbox 1004 3559 1121 3615; x_wconf 81' lang='lat' dir='ltr'>hiaximi</span> <span class='ocrx_word' id='word_1_577' title='bbox 1133 3560 1312 3633; x_wconf 83' lang='lat' dir='ltr'>Monaehi,et</span> <span class='ocrx_word' id='word_1_578' title='bbox 1322 3576 1352 3618; x_wconf 94' lang='lat' dir='ltr'>re</span> <span class='ocrx_word' id='word_1_579' title='bbox 1360 3576 1425 3618; x_wconf 84' lang='lat' dir='ltr'>nera</span> <span class='ocrx_word' id='word_1_580' title='bbox 1435 3561 1774 3638; x_wconf 85' lang='lat' dir='ltr'>philosophichristique</span> <span class='ocrx_word' id='word_1_581' title='bbox 1783 3567 1832 3623; x_wconf 86' lang='lat' dir='ltr'>Dei</span> 
     </span>
     <span class='ocr_line' id='line_1_82' title="bbox 1004 3648 1835 3728; baseline 0.014 -26"><span class='ocrx_word' id='word_1_582' title='bbox 1004 3648 1095 3704; x_wconf 90' lang='lat' dir='ltr'>nostri</span> <span class='ocrx_word' id='word_1_583' title='bbox 1107 3649 1251 3721; x_wconf 89' lang='lat' dir='ltr'>martyris,</span> <span class='ocrx_word' id='word_1_584' title='bbox 1270 3651 1357 3708; x_wconf 90' lang='lat' dir='ltr'>missa</span> <span class='ocrx_word' id='word_1_585' title='bbox 1373 3652 1483 3710; x_wconf 87' lang='lat' dir='ltr'>hiarino</span> <span class='ocrx_word' id='word_1_586' title='bbox 1500 3653 1678 3728; x_wconf 88' lang='lat' dir='ltr'>presbytero,</span> <span class='ocrx_word' id='word_1_587' title='bbox 1700 3655 1835 3714; x_wconf 85' lang='lat' dir='ltr'>diiilora-</span> 
     </span>
     <span class='ocr_line' id='line_1_83' title="bbox 1005 3736 1833 3813; baseline 0.014 -23"><span class='ocrx_word' id='word_1_588' title='bbox 1005 3739 1071 3790; x_wconf 90' lang='lat' dir='ltr'>tam.</span> <span class='ocrx_word' id='word_1_589' title='bbox 1087 3737 1148 3806; x_wconf 91' lang='lat' dir='ltr'>lpse</span> <span class='ocrx_word' id='word_1_590' title='bbox 1163 3736 1270 3808; x_wconf 91' lang='lat' dir='ltr'>quippe</span> <span class='ocrx_word' id='word_1_591' title='bbox 1285 3737 1471 3797; x_wconf 89' lang='lat' dir='ltr'>beatissimus</span> <span class='ocrx_word' id='word_1_592' title='bbox 1491 3741 1643 3813; x_wconf 83' lang='lat' dir='ltr'>Maximus,</span> <span class='ocrx_word' id='word_1_593' title='bbox 1667 3758 1726 3801; x_wconf 95' lang='lat' dir='ltr'>non</span> <span class='ocrx_word' id='word_1_594' title='bbox 1741 3746 1833 3804; x_wconf 91' lang='lat' dir='ltr'>solum</span> 
     </span>
     <span class='ocr_line' id='line_1_84' title="bbox 1004 3823 1841 3903; baseline 0.013 -23"><span class='ocrx_word' id='word_1_595' title='bbox 1004 3823 1034 3880; x_wconf 93' lang='lat' dir='ltr'>in</span> <span class='ocrx_word' id='word_1_596' title='bbox 1047 3825 1104 3896; x_wconf 86' lang='lat' dir='ltr'>jam</span> <span class='ocrx_word' id='word_1_597' title='bbox 1120 3826 1208 3899; x_wconf 87' lang='lat' dir='ltr'>dicta,</span> <span class='ocrx_word' id='word_1_598' title='bbox 1224 3828 1272 3884; x_wconf 89' lang='lat' dir='ltr'>sed</span> <span class='ocrx_word' id='word_1_599' title='bbox 1288 3833 1317 3885; x_wconf 90' lang='lat' dir='ltr'>et</span> <span class='ocrx_word' id='word_1_600' title='bbox 1328 3829 1357 3885; x_wconf 93' lang='lat' dir='ltr'>in</span> <span class='ocrx_word' id='word_1_601' title='bbox 1374 3844 1407 3887; x_wconf 88' lang='lat' dir='ltr'>ea</span> <span class='ocrx_word' id='word_1_602' title='bbox 1423 3845 1508 3902; x_wconf 93' lang='lat' dir='ltr'>quam</span> <span class='ocrx_word' id='word_1_603' title='bbox 1523 3833 1688 3903; x_wconf 90' lang='lat' dir='ltr'>scripsitad</span> <span class='ocrx_word' id='word_1_604' title='bbox 1704 3834 1841 3893; x_wconf 85' lang='lat' dir='ltr'>abbatem</span> 
     </span>
     <span class='ocr_line' id='line_1_85' title="bbox 1002 3913 1844 3990; baseline 0.014 -20"><span class='ocrx_word' id='word_1_605' title='bbox 1002 3913 1182 3972; x_wconf 87' lang='lat' dir='ltr'>Thalassium</span> <span class='ocrx_word' id='word_1_606' title='bbox 1197 3916 1328 3990; x_wconf 88' lang='lat' dir='ltr'>epistola,</span> <span class='ocrx_word' id='word_1_607' title='bbox 1342 3918 1402 3989; x_wconf 84' lang='lat' dir='ltr'>jam</span> <span class='ocrx_word' id='word_1_608' title='bbox 1427 3921 1604 3978; x_wconf 90' lang='lat' dir='ltr'>nominatum</span> <span class='ocrx_word' id='word_1_609' title='bbox 1623 3920 1756 3981; x_wconf 89' lang='lat' dir='ltr'>delendit</span> <span class='ocrx_word' id='word_1_610' title='bbox 1774 3926 1844 3982; x_wconf 64' lang='lat' dir='ltr'>llo«</span> 
     </span>
     <span class='ocr_line' id='line_1_86' title="bbox 1004 4003 1877 4087; baseline 0.015 -28"><span class='ocrx_word' id='word_1_611' title='bbox 1004 4003 1129 4076; x_wconf 90' lang='lat' dir='ltr'>norium,</span> <span class='ocrx_word' id='word_1_612' title='bbox 1149 4020 1245 4062; x_wconf 89' lang='lat' dir='ltr'>rerum</span> <span class='ocrx_word' id='word_1_613' title='bbox 1274 4007 1371 4079; x_wconf 88' lang='lat' dir='ltr'>etiam,</span> <span class='ocrx_word' id='word_1_614' title='bbox 1400 4008 1430 4065; x_wconf 90' lang='lat' dir='ltr'>in</span> <span class='ocrx_word' id='word_1_615' title='bbox 1452 4009 1574 4081; x_wconf 91' lang='lat' dir='ltr'>epistola</span> <span class='ocrx_word' id='word_1_616' title='bbox 1595 4025 1648 4068; x_wconf 87' lang='lat' dir='ltr'>sua</span> <span class='ocrx_word' id='word_1_617' title='bbox 1672 4013 1877 4087; x_wconf 66' lang='lat' dir='ltr'>dogmatica.</span> 
     </span>
     <span class='ocr_line' id='line_1_87' title="bbox 1002 4095 1879 4175; baseline 0.01 -24"><span class='ocrx_word' id='word_1_618' title='bbox 1002 4108 1087 4166; x_wconf 91' lang='lat' dir='ltr'>quam</span> <span class='ocrx_word' id='word_1_619' title='bbox 1099 4095 1133 4152; x_wconf 92' lang='lat' dir='ltr'>ad</span> <span class='ocrx_word' id='word_1_620' title='bbox 1147 4096 1263 4152; x_wconf 90' lang='lat' dir='ltr'>Patrum</span> <span class='ocrx_word' id='word_1_621' title='bbox 1280 4096 1399 4167; x_wconf 88' lang='lat' dir='ltr'>scripsit</span> <span class='ocrx_word' id='word_1_622' title='bbox 1422 4098 1577 4172; x_wconf 90' lang='lat' dir='ltr'>illustrem,</span> <span class='ocrx_word' id='word_1_623' title='bbox 1601 4114 1737 4175; x_wconf 82' lang='lat' dir='ltr'>magnum</span> <span class='ocrx_word' id='word_1_624' title='bbox 1759 4102 1879 4160; x_wconf 51' lang='lat' dir='ltr'>hun&amp;</span> 
     </span>
     <span class='ocr_line' id='line_1_88' title="bbox 1002 4183 1879 4260; baseline 0.013 -21"><span class='ocrx_word' id='word_1_625' title='bbox 1002 4188 1031 4240; x_wconf 90' lang='lat' dir='ltr'>et</span> <span class='ocrx_word' id='word_1_626' title='bbox 1043 4183 1174 4241; x_wconf 83' lang='lat' dir='ltr'>divinum</span> <span class='ocrx_word' id='word_1_627' title='bbox 1187 4184 1321 4257; x_wconf 89' lang='lat' dir='ltr'>appellat.</span> <span class='ocrx_word' id='word_1_628' title='bbox 1337 4186 1377 4242; x_wconf 84' lang='lat' dir='ltr'>Ex</span> <span class='ocrx_word' id='word_1_629' title='bbox 1391 4201 1447 4257; x_wconf 91' lang='lat' dir='ltr'>qua</span> <span class='ocrx_word' id='word_1_630' title='bbox 1468 4188 1580 4246; x_wconf 81' lang='lat' dir='ltr'>scilicet</span> <span class='ocrx_word' id='word_1_631' title='bbox 1599 4188 1724 4260; x_wconf 89' lang='lat' dir='ltr'>epistola</span> <span class='ocrx_word' id='word_1_632' title='bbox 1736 4192 1773 4250; x_wconf 89' lang='lat' dir='ltr'>dc</span> <span class='ocrx_word' id='word_1_633' title='bbox 1785 4206 1879 4249; x_wconf 45' lang='grc' dir='ltr'>ουκ</span> 
     </span>
     <span class='ocr_line' id='line_1_89' title="bbox 1006 4272 1879 4352; baseline 0.013 -24"><span class='ocrx_word' id='word_1_634' title='bbox 1006 4272 1070 4328; x_wconf 94' lang='lat' dir='ltr'>dem</span> <span class='ocrx_word' id='word_1_635' title='bbox 1089 4286 1160 4344; x_wconf 91' lang='lat' dir='ltr'>papa</span> <span class='ocrx_word' id='word_1_636' title='bbox 1180 4274 1315 4347; x_wconf 83' lang='lat' dir='ltr'>lionoris,</span> <span class='ocrx_word' id='word_1_637' title='bbox 1337 4282 1366 4332; x_wconf 87' lang='lat' dir='ltr'>et</span> <span class='ocrx_word' id='word_1_638' title='bbox 1385 4276 1644 4349; x_wconf 85' lang='lat' dir='ltr'>hierosolymitano</span> <span class='ocrx_word' id='word_1_639' title='bbox 1671 4279 1879 4352; x_wconf 72' lang='lat' dir='ltr'>sophrona-</span> 
     </span>
    </p>
   </div>
   <div class='ocr_carea' id='block_1_14' title="bbox 113 4360 1879 4438">
    <p class='ocr_par' dir='ltr' id='par_1_14' title="bbox 113 4360 1879 4438">
     <span class='ocr_line' id='line_1_90' title="bbox 113 4360 1879 4438; baseline 0.005 -17"><span class='ocrx_word' id='word_1_640' title='bbox 113 4363 432 4423; x_wconf 84' lang='lat' dir='ltr'>reieliendum‘lllerum</span> <span class='ocrx_word' id='word_1_641' title='bbox 443 4364 478 4420; x_wconf 89' lang='lat' dir='ltr'>de</span> <span class='ocrx_word' id='word_1_642' title='bbox 487 4361 653 4433; x_wconf 90' lang='lat' dir='ltr'>hujusmodi</span> <span class='ocrx_word' id='word_1_643' title='bbox 660 4360 783 4431; x_wconf 86' lang='lat' dir='ltr'>judiciis</span> <span class='ocrx_word' id='word_1_644' title='bbox 793 4361 941 4420; x_wconf 83' lang='lat' dir='ltr'>subiciunt</span> <span class='ocrx_word' id='word_1_645' title='bbox 964 4361 991 4423; x_wconf 91' lang='lat' dir='ltr'>D</span> <span class='ocrx_word' id='word_1_646' title='bbox 1006 4361 1041 4417; x_wconf 90' lang='lat' dir='ltr'>de</span> <span class='ocrx_word' id='word_1_647' title='bbox 1052 4376 1109 4433; x_wconf 93' lang='lat' dir='ltr'>quo</span> <span class='ocrx_word' id='word_1_648' title='bbox 1122 4363 1152 4418; x_wconf 94' lang='lat' dir='ltr'>in</span> <span class='ocrx_word' id='word_1_649' title='bbox 1164 4362 1314 4420; x_wconf 85' lang='lat' dir='ltr'>translatis</span> <span class='ocrx_word' id='word_1_650' title='bbox 1327 4377 1343 4420; x_wconf 91' lang='lat' dir='ltr'>a</span> <span class='ocrx_word' id='word_1_651' title='bbox 1355 4364 1439 4423; x_wconf 91' lang='lat' dir='ltr'>nobis</span> <span class='ocrx_word' id='word_1_652' title='bbox 1451 4366 1570 4438; x_wconf 89' lang='lat' dir='ltr'>scriptis</span> <span class='ocrx_word' id='word_1_653' title='bbox 1580 4382 1654 4438; x_wconf 86' lang='lat' dir='ltr'>saepe</span> <span class='ocrx_word' id='word_1_654' title='bbox 1666 4371 1879 4429; x_wconf 57' lang='lat' dir='ltr'>memoriam*</span> 
     </span>
    </p>
   </div>
   <div class='ocr_carea' id='block_1_15' title="bbox 111 4450 944 5595">
    <p class='ocr_par' dir='ltr' id='par_1_15' title="bbox 111 4450 944 5595">
     <span class='ocr_line' id='line_1_91' title="bbox 112 4450 940 4527; baseline -0.002 -15"><span class='ocrx_word' id='word_1_655' title='bbox 112 4450 784 4527; x_wconf 80' lang='lat' dir='ltr'>qnanenembhlshnastasiusapostolicaeSedis</span> <span class='ocrx_word' id='word_1_656' title='bbox 793 4452 896 4523; x_wconf 84' lang='lat' dir='ltr'>prasul</span> <span class='ocrx_word' id='word_1_657' title='bbox 905 4453 940 4510; x_wconf 89' lang='lat' dir='ltr'>ad</span> 
     </span>
     <span class='ocr_line' id='line_1_92' title="bbox 112 4538 942 4612; baseline 0 -15"><span class='ocrx_word' id='word_1_658' title='bbox 112 4540 296 4600; x_wconf 76' lang='lat' dir='ltr'>Anastaslum</span> <span class='ocrx_word' id='word_1_659' title='bbox 312 4542 511 4612; x_wconf 88' lang='lat' dir='ltr'>imperatorem</span> <span class='ocrx_word' id='word_1_660' title='bbox 527 4538 668 4610; x_wconf 87' lang='lat' dir='ltr'>scribens,</span> <span class='ocrx_word' id='word_1_661' title='bbox 684 4550 771 4596; x_wconf 81' lang='lat' dir='ltr'>sacrae</span> <span class='ocrx_word' id='word_1_662' title='bbox 786 4540 942 4611; x_wconf 78' lang='lat' dir='ltr'>Scriptura</span> 
     </span>
     <span class='ocr_line' id='line_1_93' title="bbox 112 4626 943 4702; baseline -0.002 -14"><span class='ocrx_word' id='word_1_663' title='bbox 112 4630 296 4689; x_wconf 87' lang='lat' dir='ltr'>auctoritatis</span> <span class='ocrx_word' id='word_1_664' title='bbox 310 4630 433 4702; x_wconf 90' lang='lat' dir='ltr'>pondere</span> <span class='ocrx_word' id='word_1_665' title='bbox 444 4626 561 4701; x_wconf 86' lang='lat' dir='ltr'>gravida</span> <span class='ocrx_word' id='word_1_666' title='bbox 572 4627 665 4684; x_wconf 87' lang='lat' dir='ltr'>docet.</span> <span class='ocrx_word' id='word_1_667' title='bbox 679 4627 732 4686; x_wconf 91' lang='lat' dir='ltr'>Sed</span> <span class='ocrx_word' id='word_1_668' title='bbox 747 4642 782 4685; x_wconf 92' lang='lat' dir='ltr'>ne</span> <span class='ocrx_word' id='word_1_669' title='bbox 794 4629 943 4689; x_wconf 87' lang='lat' dir='ltr'>videamur</span> 
     </span>
     <span class='ocr_line' id='line_1_94' title="bbox 113 4717 944 4790; baseline 0.001 -14"><span class='ocrx_word' id='word_1_670' title='bbox 113 4725 170 4777; x_wconf 89' lang='lat' dir='ltr'>tam</span> <span class='ocrx_word' id='word_1_671' title='bbox 195 4725 320 4778; x_wconf 88' lang='lat' dir='ltr'>sanctam</span> <span class='ocrx_word' id='word_1_672' title='bbox 343 4723 459 4789; x_wconf 71' lang='lat' dir='ltr'>umque</span> <span class='ocrx_word' id='word_1_673' title='bbox 481 4717 662 4775; x_wconf 83' lang='lat' dir='ltr'>reverendam</span> <span class='ocrx_word' id='word_1_674' title='bbox 688 4719 830 4790; x_wconf 91' lang='lat' dir='ltr'>synodum</span> <span class='ocrx_word' id='word_1_675' title='bbox 853 4734 944 4777; x_wconf 85' lang='lat' dir='ltr'>accu-</span> 
     </span>
     <span class='ocr_line' id='line_1_95' title="bbox 111 4805 944 4880; baseline -0.001 -15"><span class='ocrx_word' id='word_1_676' title='bbox 111 4821 185 4880; x_wconf 89' lang='lat' dir='ltr'>sare,</span> <span class='ocrx_word' id='word_1_677' title='bbox 198 4807 241 4865; x_wconf 84' lang='lat' dir='ltr'>rel</span> <span class='ocrx_word' id='word_1_678' title='bbox 257 4810 361 4864; x_wconf 70' lang='lat' dir='ltr'>umere</span> <span class='ocrx_word' id='word_1_679' title='bbox 379 4805 595 4878; x_wconf 83' lang='lat' dir='ltr'>reprehendere,</span> <span class='ocrx_word' id='word_1_680' title='bbox 622 4805 709 4864; x_wconf 88' lang='lat' dir='ltr'>licere</span> <span class='ocrx_word' id='word_1_681' title='bbox 731 4806 816 4864; x_wconf 90' lang='lat' dir='ltr'>uobis</span> <span class='ocrx_word' id='word_1_682' title='bbox 836 4807 944 4879; x_wconf 90' lang='lat' dir='ltr'>opina-</span> 
     </span>
     <span class='ocr_line' id='line_1_96' title="bbox 112 4895 942 4968; baseline 0 -16"><span class='ocrx_word' id='word_1_683' title='bbox 112 4896 224 4953; x_wconf 89' lang='lat' dir='ltr'>murde</span> <span class='ocrx_word' id='word_1_684' title='bbox 236 4895 287 4951; x_wconf 91' lang='lat' dir='ltr'>illa</span> <span class='ocrx_word' id='word_1_685' title='bbox 302 4896 419 4962; x_wconf 88' lang='lat' dir='ltr'>sentire,</span> <span class='ocrx_word' id='word_1_686' title='bbox 445 4909 509 4967; x_wconf 79' lang='lat' dir='ltr'>qum</span> <span class='ocrx_word' id='word_1_687' title='bbox 529 4903 644 4953; x_wconf 90' lang='lat' dir='ltr'>sanctos</span> <span class='ocrx_word' id='word_1_688' title='bbox 665 4900 760 4968; x_wconf 91' lang='lat' dir='ltr'>patres</span> <span class='ocrx_word' id='word_1_689' title='bbox 780 4900 894 4953; x_wconf 91' lang='lat' dir='ltr'>nostros</span> <span class='ocrx_word' id='word_1_690' title='bbox 906 4896 942 4954; x_wconf 92' lang='lat' dir='ltr'>de</span> 
     </span>
     <span class='ocr_line' id='line_1_97' title="bbox 111 4984 942 5058; baseline 0.001 -17"><span class='ocrx_word' id='word_1_691' title='bbox 111 4984 333 5041; x_wconf 85' lang='lat' dir='ltr'>chalcedonensi</span> <span class='ocrx_word' id='word_1_692' title='bbox 351 4997 451 5058; x_wconf 85' lang='lat' dir='ltr'>magna</span> <span class='ocrx_word' id='word_1_693' title='bbox 466 4985 575 5057; x_wconf 89' lang='lat' dir='ltr'>synodo</span> <span class='ocrx_word' id='word_1_694' title='bbox 598 4985 724 5041; x_wconf 87' lang='lat' dir='ltr'>sensisse</span> <span class='ocrx_word' id='word_1_695' title='bbox 746 4998 801 5041; x_wconf 91' lang='lat' dir='ltr'>non</span> <span class='ocrx_word' id='word_1_696' title='bbox 823 4985 942 5058; x_wconf 91' lang='lat' dir='ltr'>ignora-</span> 
     </span>
     <span class='ocr_line' id='line_1_98' title="bbox 113 5073 943 5147; baseline 0.002 -17"><span class='ocrx_word' id='word_1_697' title='bbox 113 5088 187 5130; x_wconf 91' lang='lat' dir='ltr'>mus.</span> <span class='ocrx_word' id='word_1_698' title='bbox 200 5075 327 5143; x_wconf 88' lang='lat' dir='ltr'>Quorum</span> <span class='ocrx_word' id='word_1_699' title='bbox 350 5088 436 5146; x_wconf 91' lang='lat' dir='ltr'>uuus,</span> <span class='ocrx_word' id='word_1_700' title='bbox 460 5081 576 5131; x_wconf 91' lang='lat' dir='ltr'>sauctus</span> <span class='ocrx_word' id='word_1_701' title='bbox 600 5073 736 5130; x_wconf 82' lang='lat' dir='ltr'>videlicet</span> <span class='ocrx_word' id='word_1_702' title='bbox 748 5087 819 5144; x_wconf 91' lang='lat' dir='ltr'>papa</span> <span class='ocrx_word' id='word_1_703' title='bbox 831 5074 943 5147; x_wconf 86' lang='lat' dir='ltr'>Grego-</span> 
     </span>
     <span class='ocr_line' id='line_1_99' title="bbox 113 5161 940 5236; baseline 0.004 -16"><span class='ocrx_word' id='word_1_704' title='bbox 113 5163 187 5236; x_wconf 88' lang='lat' dir='ltr'>rius,</span> <span class='ocrx_word' id='word_1_705' title='bbox 201 5176 292 5235; x_wconf 90' lang='lat' dir='ltr'>usque</span> <span class='ocrx_word' id='word_1_706' title='bbox 306 5163 341 5220; x_wconf 88' lang='lat' dir='ltr'>ad</span> <span class='ocrx_word' id='word_1_707' title='bbox 365 5163 553 5235; x_wconf 90' lang='lat' dir='ltr'>prolationem</span> <span class='ocrx_word' id='word_1_708' title='bbox 578 5161 775 5219; x_wconf 87' lang='lat' dir='ltr'>tantummodo</span> <span class='ocrx_word' id='word_1_709' title='bbox 799 5177 940 5223; x_wconf 89' lang='lat' dir='ltr'>canonum</span> 
     </span>
     <span class='ocr_line' id='line_1_100' title="bbox 113 5251 940 5327; baseline 0.002 -17"><span class='ocrx_word' id='word_1_710' title='bbox 113 5252 186 5310; x_wconf 90' lang='lat' dir='ltr'>hauc</span> <span class='ocrx_word' id='word_1_711' title='bbox 208 5252 421 5326; x_wconf 86' lang='lat' dir='ltr'>suscipiendam</span> <span class='ocrx_word' id='word_1_712' title='bbox 442 5251 502 5309; x_wconf 87' lang='lat' dir='ltr'>iore</span> <span class='ocrx_word' id='word_1_713' title='bbox 531 5251 664 5324; x_wconf 86' lang='lat' dir='ltr'>signavit.</span> <span class='ocrx_word' id='word_1_714' title='bbox 697 5251 799 5309; x_wconf 85' lang='lat' dir='ltr'>Beatus</span> <span class='ocrx_word' id='word_1_715' title='bbox 827 5268 940 5327; x_wconf 93' lang='lat' dir='ltr'>quoque</span> 
     </span>
     <span class='ocr_line' id='line_1_101' title="bbox 112 5339 938 5415; baseline 0.002 -17"><span class='ocrx_word' id='word_1_716' title='bbox 112 5355 192 5414; x_wconf 83' lang='lat' dir='ltr'>aeque</span> <span class='ocrx_word' id='word_1_717' title='bbox 206 5356 277 5414; x_wconf 87' lang='lat' dir='ltr'>papa</span> <span class='ocrx_word' id='word_1_718' title='bbox 290 5341 423 5399; x_wconf 88' lang='lat' dir='ltr'>Gelasius</span> <span class='ocrx_word' id='word_1_719' title='bbox 439 5341 468 5396; x_wconf 92' lang='lat' dir='ltr'>ln</span> <span class='ocrx_word' id='word_1_720' title='bbox 479 5346 556 5397; x_wconf 84' lang='lat' dir='ltr'>tomo</span> <span class='ocrx_word' id='word_1_721' title='bbox 567 5340 602 5396; x_wconf 91' lang='lat' dir='ltr'>de</span> <span class='ocrx_word' id='word_1_722' title='bbox 612 5339 803 5397; x_wconf 89' lang='lat' dir='ltr'>anathematis</span> <span class='ocrx_word' id='word_1_723' title='bbox 812 5343 938 5415; x_wconf 84' lang='lat' dir='ltr'>vinculo,</span> 
     </span>
     <span class='ocr_line' id='line_1_102' title="bbox 113 5428 939 5508; baseline 0 -19"><span class='ocrx_word' id='word_1_724' title='bbox 113 5431 240 5508; x_wconf 90' lang='lat' dir='ltr'>qualiier</span> <span class='ocrx_word' id='word_1_725' title='bbox 257 5431 353 5488; x_wconf 90' lang='lat' dir='ltr'>eadem</span> <span class='ocrx_word' id='word_1_726' title='bbox 379 5429 506 5501; x_wconf 88' lang='lat' dir='ltr'>synodus</span> <span class='ocrx_word' id='word_1_727' title='bbox 527 5428 691 5499; x_wconf 90' lang='lat' dir='ltr'>recipienda</span> <span class='ocrx_word' id='word_1_728' title='bbox 710 5429 760 5502; x_wconf 90' lang='lat' dir='ltr'>sit,</span> <span class='ocrx_word' id='word_1_729' title='bbox 783 5430 939 5489; x_wconf 90' lang='lat' dir='ltr'>luculentis</span> 
     </span>
     <span class='ocr_line' id='line_1_103' title="bbox 112 5516 937 5595; baseline -0.002 -15"><span class='ocrx_word' id='word_1_730' title='bbox 112 5520 252 5595; x_wconf 87' lang='lat' dir='ltr'>exemplis</span> <span class='ocrx_word' id='word_1_731' title='bbox 261 5518 446 5580; x_wconf 89' lang='lat' dir='ltr'>etuonuuliis</span> <span class='ocrx_word' id='word_1_732' title='bbox 456 5517 565 5576; x_wconf 80' lang='lat' dir='ltr'>diuinis</span> <span class='ocrx_word' id='word_1_733' title='bbox 577 5516 752 5578; x_wconf 88' lang='lat' dir='ltr'>testimoniis</span> <span class='ocrx_word' id='word_1_734' title='bbox 765 5520 873 5594; x_wconf 87' lang='lat' dir='ltr'>innuit,</span> <span class='ocrx_word' id='word_1_735' title='bbox 886 5521 937 5578; x_wconf 93' lang='lat' dir='ltr'>ubi</span> 
     </span>
    </p>
   </div>
   <div class='ocr_carea' id='block_1_16' title="bbox 997 4448 1879 5593">
    <p class='ocr_par' dir='ltr' id='par_1_16' title="bbox 1000 4448 1879 4967">
     <span class='ocr_line' id='line_1_104' title="bbox 1004 4448 1879 4528; baseline 0.015 -23"><span class='ocrx_word' id='word_1_736' title='bbox 1004 4448 1136 4524; x_wconf 82' lang='lat' dir='ltr'>fecimus,</span> <span class='ocrx_word' id='word_1_737' title='bbox 1152 4452 1283 4523; x_wconf 90' lang='lat' dir='ltr'>atquede</span> <span class='ocrx_word' id='word_1_738' title='bbox 1295 4454 1403 4525; x_wconf 87' lang='lat' dir='ltr'>Pyrrho</span> <span class='ocrx_word' id='word_1_739' title='bbox 1426 4455 1750 4528; x_wconf 82' lang='lat' dir='ltr'>Constantinopolitano</span> <span class='ocrx_word' id='word_1_740' title='bbox 1775 4461 1879 4517; x_wconf 49' lang='lat' dir='ltr'>bar</span> 
     </span>
     <span class='ocr_line' id='line_1_105' title="bbox 1003 4539 1879 4618; baseline 0.014 -24"><span class='ocrx_word' id='word_1_741' title='bbox 1003 4539 1092 4596; x_wconf 86' lang='lat' dir='ltr'>retica</span> <span class='ocrx_word' id='word_1_742' title='bbox 1108 4540 1284 4615; x_wconf 85' lang='lat' dir='ltr'>Patriarcha,</span> <span class='ocrx_word' id='word_1_743' title='bbox 1295 4541 1443 4601; x_wconf 80' lang='lat' dir='ltr'>deflorata</span> <span class='ocrx_word' id='word_1_744' title='bbox 1455 4545 1583 4616; x_wconf 72' lang='lat' dir='ltr'>quaedam</span> <span class='ocrx_word' id='word_1_745' title='bbox 1593 4550 1682 4618; x_wconf 89' lang='lat' dir='ltr'>atquc</span> <span class='ocrx_word' id='word_1_746' title='bbox 1694 4549 1879 4608; x_wconf 61' lang='lat' dir='ltr'>translatffi</span> 
     </span>
     <span class='ocr_line' id='line_1_106' title="bbox 1001 4625 1879 4706; baseline 0.015 -23"><span class='ocrx_word' id='word_1_747' title='bbox 1001 4625 1032 4684; x_wconf 93' lang='lat' dir='ltr'>in</span> <span class='ocrx_word' id='word_1_748' title='bbox 1049 4627 1103 4684; x_wconf 89' lang='lat' dir='ltr'>tibi</span> <span class='ocrx_word' id='word_1_749' title='bbox 1126 4627 1282 4687; x_wconf 90' lang='lat' dir='ltr'>alierimus.</span> <span class='ocrx_word' id='word_1_750' title='bbox 1308 4633 1446 4690; x_wconf 86' lang='lat' dir='ltr'>Praeterea</span> <span class='ocrx_word' id='word_1_751' title='bbox 1468 4634 1649 4706; x_wconf 89' lang='lat' dir='ltr'>interpretati</span> <span class='ocrx_word' id='word_1_752' title='bbox 1672 4652 1779 4696; x_wconf 92' lang='lat' dir='ltr'>sumus</span> <span class='ocrx_word' id='word_1_753' title='bbox 1801 4640 1879 4695; x_wconf 57' lang='lat' dir='ltr'>a!</span> 
     </span>
     <span class='ocr_line' id='line_1_107' title="bbox 1000 4716 1879 4799; baseline 0.016 -26"><span class='ocrx_word' id='word_1_754' title='bbox 1000 4716 1122 4787; x_wconf 88' lang='lat' dir='ltr'>epistola</span> <span class='ocrx_word' id='word_1_755' title='bbox 1134 4718 1262 4788; x_wconf 88' lang='lat' dir='ltr'>ejusdem</span> <span class='ocrx_word' id='word_1_756' title='bbox 1282 4721 1374 4777; x_wconf 91' lang='lat' dir='ltr'>sancti</span> <span class='ocrx_word' id='word_1_757' title='bbox 1389 4721 1506 4779; x_wconf 80' lang='lat' dir='ltr'>blaximi</span> <span class='ocrx_word' id='word_1_758' title='bbox 1519 4723 1553 4780; x_wconf 89' lang='lat' dir='ltr'>ad</span> <span class='ocrx_word' id='word_1_759' title='bbox 1568 4723 1714 4782; x_wconf 89' lang='lat' dir='ltr'>hiariuum</span> <span class='ocrx_word' id='word_1_760' title='bbox 1725 4728 1879 4799; x_wconf 60' lang='lat' dir='ltr'>scripta</span> 
     </span>
     <span class='ocr_line' id='line_1_108' title="bbox 1001 4806 1879 4889; baseline 0.016 -28"><span class='ocrx_word' id='word_1_761' title='bbox 1001 4806 1196 4877; x_wconf 90' lang='lat' dir='ltr'>presbyterum</span> <span class='ocrx_word' id='word_1_762' title='bbox 1212 4807 1458 4867; x_wconf 87' lang='lat' dir='ltr'>circumstantiam</span> <span class='ocrx_word' id='word_1_763' title='bbox 1474 4811 1509 4868; x_wconf 91' lang='lat' dir='ltr'>de</span> <span class='ocrx_word' id='word_1_764' title='bbox 1518 4812 1646 4883; x_wconf 89' lang='lat' dir='ltr'>Spiritus</span> <span class='ocrx_word' id='word_1_765' title='bbox 1657 4817 1754 4873; x_wconf 87' lang='lat' dir='ltr'>sancti</span> <span class='ocrx_word' id='word_1_766' title='bbox 1767 4831 1879 4889; x_wconf 53' lang='lat' dir='ltr'>pror·</span> 
     </span>
     <span class='ocr_line' id='line_1_109' title="bbox 1000 4895 1855 4967; baseline 0.014 -16"><span class='ocrx_word' id='word_1_767' title='bbox 1000 4895 1139 4967; x_wconf 89' lang='lat' dir='ltr'>cessione,</span> <span class='ocrx_word' id='word_1_768' title='bbox 1166 4896 1217 4953; x_wconf 91' lang='lat' dir='ltr'>ubi</span> <span class='ocrx_word' id='word_1_769' title='bbox 1244 4897 1352 4956; x_wconf 82' lang='lat' dir='ltr'>trustra</span> <span class='ocrx_word' id='word_1_770' title='bbox 1380 4901 1494 4957; x_wconf 88' lang='lat' dir='ltr'>causari</span> <span class='ocrx_word' id='word_1_771' title='bbox 1528 4905 1626 4958; x_wconf 89' lang='lat' dir='ltr'>contra</span> <span class='ocrx_word' id='word_1_772' title='bbox 1658 4917 1712 4962; x_wconf 90' lang='lat' dir='ltr'>nos</span> <span class='ocrx_word' id='word_1_773' title='bbox 1737 4905 1855 4964; x_wconf 55' lang='lat' dir='ltr'>ianuis</span> 
     </span>
    </p>

    <p class='ocr_par' dir='ltr' id='par_1_17' title="bbox 997 4984 1879 5593">
     <span class='ocr_line' id='line_1_110' title="bbox 1000 4984 1879 5061; baseline 0.013 -21"><span class='ocrx_word' id='word_1_774' title='bbox 1000 4984 1124 5057; x_wconf 81' lang='lat' dir='ltr'>Graues,</span> <span class='ocrx_word' id='word_1_775' title='bbox 1138 5000 1203 5042; x_wconf 87' lang='lat' dir='ltr'>cum</span> <span class='ocrx_word' id='word_1_776' title='bbox 1217 5000 1268 5044; x_wconf 94' lang='lat' dir='ltr'>nos</span> <span class='ocrx_word' id='word_1_777' title='bbox 1282 5001 1338 5044; x_wconf 90' lang='lat' dir='ltr'>non</span> <span class='ocrx_word' id='word_1_778' title='bbox 1350 5002 1464 5046; x_wconf 91' lang='lat' dir='ltr'>causam</span> <span class='ocrx_word' id='word_1_779' title='bbox 1477 4989 1520 5047; x_wconf 86' lang='lat' dir='ltr'>vel</span> <span class='ocrx_word' id='word_1_780' title='bbox 1535 4991 1715 5061; x_wconf 91' lang='lat' dir='ltr'>principium</span> <span class='ocrx_word' id='word_1_781' title='bbox 1723 4995 1879 5053; x_wconf 63' lang='lat' dir='ltr'>Filium!</span> 
     </span>
     <span class='ocr_line' id='line_1_111' title="bbox 1000 5074 1879 5151; baseline 0.013 -20"><span class='ocrx_word' id='word_1_782' title='bbox 1000 5075 1132 5131; x_wconf 92' lang='lat' dir='ltr'>dicamus</span> <span class='ocrx_word' id='word_1_783' title='bbox 1147 5074 1274 5145; x_wconf 87' lang='lat' dir='ltr'>Spiritus</span> <span class='ocrx_word' id='word_1_784' title='bbox 1286 5078 1390 5151; x_wconf 90' lang='lat' dir='ltr'>saneti,</span> <span class='ocrx_word' id='word_1_785' title='bbox 1407 5083 1438 5135; x_wconf 90' lang='lat' dir='ltr'>ut</span> <span class='ocrx_word' id='word_1_786' title='bbox 1449 5084 1615 5150; x_wconf 70' lang='lat' dir='ltr'>autumant,</span> <span class='ocrx_word' id='word_1_787' title='bbox 1627 5082 1677 5138; x_wconf 87' lang='lat' dir='ltr'>sed</span> <span class='ocrx_word' id='word_1_788' title='bbox 1692 5084 1879 5141; x_wconf 59' lang='lat' dir='ltr'>uanitatetfl</span> 
     </span>
     <span class='ocr_line' id='line_1_112' title="bbox 1000 5164 1879 5248; baseline 0.011 -26"><span class='ocrx_word' id='word_1_789' title='bbox 1000 5164 1169 5222; x_wconf 81' lang='lat' dir='ltr'>substantiae</span> <span class='ocrx_word' id='word_1_790' title='bbox 1182 5165 1276 5222; x_wconf 86' lang='lat' dir='ltr'>Patris</span> <span class='ocrx_word' id='word_1_791' title='bbox 1286 5180 1320 5223; x_wconf 90' lang='lat' dir='ltr'>ac</span> <span class='ocrx_word' id='word_1_792' title='bbox 1332 5167 1400 5224; x_wconf 83' lang='lat' dir='ltr'>Filii</span> <span class='ocrx_word' id='word_1_793' title='bbox 1412 5182 1468 5226; x_wconf 90' lang='lat' dir='ltr'>non</span> <span class='ocrx_word' id='word_1_794' title='bbox 1484 5170 1656 5242; x_wconf 91' lang='lat' dir='ltr'>nescientes,</span> <span class='ocrx_word' id='word_1_795' title='bbox 1670 5171 1752 5231; x_wconf 90' lang='lat' dir='ltr'>sicut</span> <span class='ocrx_word' id='word_1_796' title='bbox 1765 5185 1879 5248; x_wconf 52' lang='lat' dir='ltr'>pros</span> 
     </span>
     <span class='ocr_line' id='line_1_113' title="bbox 999 5253 1879 5327; baseline 0.013 -18"><span class='ocrx_word' id='word_1_797' title='bbox 999 5253 1076 5309; x_wconf 89' lang='lat' dir='ltr'>cedit</span> <span class='ocrx_word' id='word_1_798' title='bbox 1089 5267 1124 5309; x_wconf 83' lang='lat' dir='ltr'>ex</span> <span class='ocrx_word' id='word_1_799' title='bbox 1138 5253 1229 5326; x_wconf 80' lang='lat' dir='ltr'>Patre,</span> <span class='ocrx_word' id='word_1_800' title='bbox 1245 5255 1285 5312; x_wconf 94' lang='lat' dir='ltr'>ita</span> <span class='ocrx_word' id='word_1_801' title='bbox 1310 5270 1374 5313; x_wconf 92' lang='lat' dir='ltr'>eum</span> <span class='ocrx_word' id='word_1_802' title='bbox 1397 5257 1548 5327; x_wconf 88' lang='lat' dir='ltr'>procedere</span> <span class='ocrx_word' id='word_1_803' title='bbox 1569 5256 1714 5318; x_wconf 78' lang='lat' dir='ltr'>fateamur</span> <span class='ocrx_word' id='word_1_804' title='bbox 1728 5277 1765 5319; x_wconf 85' lang='lat' dir='ltr'>ex</span> <span class='ocrx_word' id='word_1_805' title='bbox 1784 5262 1879 5319; x_wconf 55' lang='lat' dir='ltr'>Fi‘</span> 
     </span>
     <span class='ocr_line' id='line_1_114' title="bbox 1000 5341 1872 5424; baseline 0.014 -27"><span class='ocrx_word' id='word_1_806' title='bbox 1000 5341 1050 5414; x_wconf 88' lang='lat' dir='ltr'>lio,</span> <span class='ocrx_word' id='word_1_807' title='bbox 1067 5342 1234 5400; x_wconf 92' lang='lat' dir='ltr'>missionem</span> <span class='ocrx_word' id='word_1_808' title='bbox 1247 5343 1385 5401; x_wconf 91' lang='lat' dir='ltr'>nimirum</span> <span class='ocrx_word' id='word_1_809' title='bbox 1399 5347 1609 5417; x_wconf 88' lang='lat' dir='ltr'>processionem</span> <span class='ocrx_word' id='word_1_810' title='bbox 1622 5347 1872 5424; x_wconf 47' lang='lat' dir='ltr'>intelligente?</span> 
     </span>
     <span class='ocr_line' id='line_1_115' title="bbox 1000 5431 1879 5512; baseline 0.015 -27"><span class='ocrx_word' id='word_1_811' title='bbox 1000 5431 1046 5501; x_wconf 94' lang='lat' dir='ltr'>pie</span> <span class='ocrx_word' id='word_1_812' title='bbox 1060 5431 1260 5505; x_wconf 85' lang='lat' dir='ltr'>interpretans,</span> <span class='ocrx_word' id='word_1_813' title='bbox 1273 5434 1425 5506; x_wconf 88' lang='lat' dir='ltr'>utriusque</span> <span class='ocrx_word' id='word_1_814' title='bbox 1441 5435 1547 5508; x_wconf 84' lang='lat' dir='ltr'>linguae</span> <span class='ocrx_word' id='word_1_815' title='bbox 1560 5452 1669 5509; x_wconf 91' lang='lat' dir='ltr'>guaros</span> <span class='ocrx_word' id='word_1_816' title='bbox 1682 5441 1718 5496; x_wconf 91' lang='lat' dir='ltr'>ad</span> <span class='ocrx_word' id='word_1_817' title='bbox 1734 5434 1879 5512; x_wconf 59' lang='lat' dir='ltr'>pacerffl</span> 
     </span>
     <span class='ocr_line' id='line_1_116' title="bbox 997 5520 1872 5593; baseline 0.016 -17"><span class='ocrx_word' id='word_1_818' title='bbox 997 5520 1143 5593; x_wconf 91' lang='lat' dir='ltr'>erudiens,</span> <span class='ocrx_word' id='word_1_819' title='bbox 1176 5521 1245 5581; x_wconf 91' lang='lat' dir='ltr'>dum</span> <span class='ocrx_word' id='word_1_820' title='bbox 1269 5522 1366 5581; x_wconf 89' lang='lat' dir='ltr'>silicet</span> <span class='ocrx_word' id='word_1_821' title='bbox 1400 5529 1428 5582; x_wconf 90' lang='lat' dir='ltr'>et</span> <span class='ocrx_word' id='word_1_822' title='bbox 1451 5535 1503 5582; x_wconf 88' lang='lat' dir='ltr'>uos</span> <span class='ocrx_word' id='word_1_823' title='bbox 1537 5531 1565 5582; x_wconf 88' lang='lat' dir='ltr'>at</span> <span class='ocrx_word' id='word_1_824' title='bbox 1602 5525 1720 5588; x_wconf 80' lang='lat' dir='ltr'>Gracos</span> <span class='ocrx_word' id='word_1_825' title='bbox 1745 5527 1872 5588; x_wconf 59' lang='lat' dir='ltr'>edoce</span> 
     </span>
    </p>
   </div>
   <div class='ocr_carea' id='block_1_17' title="bbox 0 0 1942 6087">
    <p class='ocr_par' dir='ltr' id='par_1_18' title="bbox 0 0 1942 6087">
     <span class='ocr_line' id='line_1_117' title="bbox 0 0 1942 6087; baseline 0 0"><span class='ocrx_word' id='word_1_826' title='bbox 0 0 1942 6087; x_wconf 95' lang='lat' dir='ltr'> </span> 
     </span>
    </p>
   </div>
  </div>
 </body>
</html>
