3876 6090
163 266 193 325 ap
482 254 753 314 INTERPRETATIO
773 255 897 313 SYNODl
916 258 976 315 lilii
994 259 1196 316 GENEiihLlS.
1210 290 1247 301 -
1261 260 1361 318 ACTIO
1379 264 1413 318 ll.
1743 266 1779 325 do

162 403 212 448 cum
227 382 308 442 libelis
332 380 400 452 quid
427 380 541 437 ridetur
562 379 668 436 vobis?
688 383 825 451 expetunt
848 382 925 437 enim
938 385 967 443 A
979 388 1008 439 et
1019 384 1112 453 ipsius
1122 385 1314 442 comministri
1330 387 1512 473 estiseiiecti,
1526 391 1594 461 quia
1607 393 1782 464 incompara-

163 474 250 550 ingrodi
270 475 391 526 sanctam
416 470 488 525 hanc
512 473 540 525 et
562 469 751 526 universalem
773 471 920 541 synodum.

163 559 306 625 Sanctissimi
329 558 430 614 vicarii
454 558 577 615 senioris
591 560 684 614 Romae
705 562 734 614 et
745 559 882 629 Orientis,
897 565 925 615 et

164 653 330 713 onnissancta
352 647 584 718 synodusdinit:
600 639 811 718 ingrediantur.
830 649 864 704 Et
883 648 925 704 in-

162 741 229 817 gressi
239 742 295 795 sunt
305 737 434 807 praedicti
446 735 583 806 episcopi,
603 734 783 806 preferentes
794 736 922 793 libellum

163 835 184 888 in
196 825 417 895 manibussuis,et
429 825 581 881 adorantes
591 825 736 895 proposita
756 826 923 881 intemerata

159 919 243 991 judicia
254 915 433 986 prociderunt
443 917 547 970 sanetae
568 913 683 984 synodo.
696 913 923 970 Sanctissimiri·

156 1004 334 1072 vrariisenioris
349 1004 442 1060 Romae
462 1003 617 1059 dixerunt:
638 1001 692 1070 Qui
710 1002 780 1058 estis
798 1016 848 1058 ros
870 1002 920 1073 qui

161 1094 260 1152 intrastis
279 1092 332 1148 huc
347 1091 485 1161 episcopi,
499 1096 555 1146 eta
578 1105 634 1161 quo
655 1091 812 1147 consecrati
828 1090 923 1146 estis?

159 1179 920 1251 TheodorusmetropolitaCariaedixit:Adominonostro

160 1271 304 1327 arctissimo
315 1269 478 1339 patriarcha
488 1268 598 1340 lgnatio
606 1273 634 1323 et
644 1266 921 1325 beatissimoilatho

159 1358 368 1416 diosanctissimi
381 1357 613 1413 vicariiscnioris
623 1356 717 1412 liomae
727 1357 876 1414 dixerunt:
885 1359 920 1413 Et

158 1440 724 1518 quotestis‘lTheodorusrererendissimris
739 1446 918 1516 metropolita

156 1536 222 1590 daria
231 1534 299 1590 dixit
309 1551 315 1587 ι
325 1535 479 1589 Numerum
487 1534 638 1591 nescimus.
651 1534 918 1590 Sanctissimirioa-

157 1625 186 1679 rii
202 1623 305 1678 senioris
319 1624 413 1677 iiomae
430 1623 587 1678 deserunt:
610 1620 683 1690 Quid
699 1622 800 1678 dicitis
810 1622 824 1676 ‘l
845 1623 915 1693 quid

980 470 1049 527 bilis
1059 478 1119 528 crat
1135 474 1165 529 iu
1175 475 1382 547 sacerdotibus,
1394 476 1451 532 vita
1466 482 1494 532 et
1509 492 1638 536 sermone
1656 483 1781 552 resplen-

979 562 1059 630 dens,
1071 577 1154 632 quem
1169 576 1238 633 pene
1254 577 1305 619 neo
1322 565 1431 620 macula
1446 566 1559 639 tetigit:
1577 568 1624 623 sod
1643 569 1780 628 hicinta-

979 649 1033 706 lem
1051 657 1079 706 et
1096 657 1206 708 tantum
1231 653 1325 709 virum
1348 668 1403 711 uon
1426 655 1523 727 segnis
1543 657 1655 713 exstitit
1674 658 1778 731 lingere

979 744 1072 795 mente
1091 739 1291 798 infelicissima
1305 742 1437 799 (letemus
1448 742 1539 815 (quem
1561 759 1616 802 nou
1627 746 1711 818 vidit,
1727 762 1778 804 neo

977 829 1119 901 cognorit)
1128 830 1266 885 maculam
1278 830 1440 900 plurimam,
1451 832 1778 893 innumerametcoacer·

977 922 1082 972 vatam:
1100 922 1128 973 et
1152 923 1215 988 post
1231 919 1444 976 multitudinem
1460 921 1557 992 etiam,
1578 923 1777 995 magnitudine

977 1005 1127 1074 praevaluit
1142 1006 1171 1060 in
1187 1007 1311 1063 uanitate
1322 1022 1388 1064 sua:
1407 1013 1435 1064 et
1449 1009 1474 1065 si
1492 1011 1776 1071 mendacesattamen

975 1095 1011 1150 de
1029 1093 1144 1150 Oriente
1167 1108 1200 1150 ex
1225 1096 1358 1152 omnibus
1384 1098 1557 1167 patriarchis
1571 1101 1775 1169 apocrisiarios

976 1183 1058 1252 quasi
1081 1184 1295 1254 concordantes,
1315 1192 1343 1240 et
1361 1187 1517 1242 certissimi
1540 1203 1635 1258 quaen
1657 1202 1686 1245 se
1700 1190 1776 1246 ‹iice-

975 1270 1080 1327 bantur
1088 1278 1244 1341 noscentes,
1256 1274 1345 1330 multo
1354 1275 1450 1331 studio
1460 1276 1555 1347 duxit,
1567 1282 1598 1333 ut
1607 1278 1772 1348 hujusmodi

973 1359 1067 1415 virum
1082 1361 1255 1431 depositioni
1272 1362 1467 1419 submitteret:
1492 1369 1520 1420 et
1537 1365 1643 1422 babens
1657 1380 1774 1423 consen·

973 1449 1263 1520 taneostestesialsos,
1272 1452 1604 1521 transmisitcommenta,
1614 1456 1770 1525 mendacia,

972 1541 1000 1592 et
1022 1537 1100 1594 viros
1121 1538 1263 1610 deceptos,
1285 1545 1313 1595 et
1342 1540 1493 1596 veniebant
1514 1542 1547 1597 ad
1571 1543 1770 1613 complendum

972 1639 1035 1696 quae
1046 1625 1102 1681 sibi
1118 1626 1179 1683 risa
1194 1628 1371 1685 exstiterant.
1386 1630 1420 1684 Et
1434 1630 1492 1686 uisi
1507 1632 1583 1687 Deus
1596 1645 1694 1687 omnes
1708 1647 1771 1703 ope

158 1712 261 1767 habetis‘.>
271 1711 337 1782 quid
351 1710 464 1767 vultis?
476 1711 608 1782 Episcopi
621 1711 775 1767 dixerunt:
791 1711 916 1767 Procidi-
932 1699 958 1762 Β
973 1714 1054 1770 ribus
1066 1728 1200 1770 manuum
1211 1729 1327 1772 suarum
1336 1716 1644 1790 compeditosligasset,
1656 1721 1770 1776 nosuti·

155 1815 202 1855 mus
211 1805 298 1855 sanctae
308 1806 335 1855 et
346 1798 501 1856 universali
515 1799 704 1871 huicsynodo,
718 1800 914 1870 paonitentiam

154 1894 289 1958 eruentes.
301 1888 721 1944 Sanctissimivicariiseuioris
730 1889 824 1943 Rornae
838 1887 915 1943 dixe

155 1975 286 2045 runt:Quid
300 1982 342 2033 est
353 1977 405 2032 hoc
416 1977 491 2048 quod
504 1975 605 2032 lortisi
618 1978 748 2048 Episcopi
757 1977 911 2033 dixerunt:

154 2065 249 2122 libellus
259 2064 456 2136 consessionis,
474 2080 559 2136 super
572 2064 679 2137 quibus
691 2067 868 2135 peccavimus
883 2067 913 2121 in

152 2154 265 2210 dominum
273 2161 401 2211 nostrum
413 2155 627 2211 sanctissimum
639 2155 829 2225 patriarcham
837 2158 913 2227 lgna-

151 2241 204 2296 tiun
218 2242 388 2298 sanctissimi
401 2243 501 2298 vicarii
515 2243 639 2300 senioris
651 2244 745 2300 liomae
760 2244 909 2300 dixerunt:

148 2329 294 2386 tollemini
316 2346 366 2387 ros
390 2332 561 2401 peccassein
575 2332 627 2388 hac
648 2332 757 2388 causa‘l
778 2331 911 2402 Episcopi

147 2417 265 2474 dixerunt:
278 2420 762 2476 Coniitemur.Sanctissimivicarii
788 2420 912 2476 senioris

147 2505 217 2561 Roma
227 2509 373 2564 dixerunt:
390 2511 421 2564 ln
438 2509 536 2565 libello
547 2509 587 2564 ita
604 2509 687 2565 habet
702 2514 734 2566 ut
753 2523 801 2565 ore
818 2514 910 2565 restro

145 2594 373 2666 dicitisiEpiscopi
384 2597 533 2654 dixerunt:
547 2600 667 2669 Legatur
677 2597 803 2668 libellus,
816 2603 910 2654 ettum

148 2695 174 2736 ea
191 2698 239 2754 qna
261 2687 296 2741 de
318 2685 402 2742 nobis
432 2692 501 2743 sunt
528 2687 688 2743 certissime
717 2687 907 2757 comperietis.

144 2771 402 2830 Sanclissimiricarii
414 2775 537 2831 senioris
553 2777 645 2831 Roma
661 2775 797 2832 dixerunt
813 2777 847 2832 ad
859 2775 909 2831 Dei

144 2859 369 2919 cultoresricarios
379 2862 521 2919 Orientis:
539 2864 641 2934 hptum
652 2864 911 2935 apparetrobis,ac

143 2951 202 3003 omni
215 2959 310 3007 sanctae
320 2953 437 3023 synodo,
455 2957 487 3008 ut
495 2953 672 3023 suscipiatur
690 2953 806 3010 libellus
818 2953 911 3009 conii-

970 1815 1025 1872 que
1040 1816 1104 1858 oum
1120 1803 1284 1871 hujusmodi
1301 1806 1481 1877 caderemus;
1499 1807 1636 1863 nimirum
1650 1808 1700 1877 qui
1718 1823 1768 1879 pro

969 1896 1081 1960 pastore
1097 1891 1183 1960 lupus
1196 1905 1258 1947 esse
1272 1892 1431 1948 videbatur.
1448 1895 1580 1951 Diximus
1594 1895 1629 1950 dc
1650 1895 1767 1954 Nicolao

969 1991 1078 2047 purum.
1097 1981 1158 2035 Non
1178 1981 1270 2036 solum
1286 1986 1380 2036 autom
1392 1981 1460 2037 huic
1476 1983 1544 2038 talia
1559 1988 1693 2053 operatus
1711 1990 1764 2054 est,

968 2066 1016 2121 sed
1032 2067 1156 2136 etipsum
1167 2060 1381 2124 sanctissimum
1397 2071 1569 2126 sacerdotem
1582 2085 1614 2127 ac
1626 2078 1765 2142 pastorem

968 2159 1107 2226 nostrum,
1117 2156 1167 2226 qui
1184 2169 1236 2211 nos
1252 2157 1435 2227 impositione
1450 2164 1612 2215 sanctarum
1629 2173 1764 2216 manuum

967 2256 1095 2314 suarum,
1110 2257 1176 2300 cum
1190 2249 1264 2300 osset
1278 2258 1407 2302 summus
1420 2246 1549 2317 antistes,
1564 2247 1763 2318 saucdmartt,

968 2331 1069 2387 multis
1088 2333 1170 2402 prius
1193 2334 1309 2404 studiis,
1321 2348 1385 2390 cum
1409 2334 1650 2408 saeculariscsset,
1665 2336 1765 2406 impu-

967 2421 1451 2492 gnans,etinuosinspiranspostea
1466 2424 1650 2495 hypocrisim,
1661 2431 1764 2481 cuncta

966 2509 1089 2580 negarit,
1105 2513 1133 2564 et
1147 2510 1489 2568 omnibusconsentaneis
1502 2513 1574 2581 suis,
1591 2512 1634 2568 vel
1645 2513 1694 2583 qui
1710 2512 1763 2568 sub

966 2597 1029 2666 ipso
1043 2611 1166 2669 eramus,
1183 2599 1276 2655 suasit
1292 2606 1322 2655 ut
1333 2615 1362 2656 se
1370 2600 1571 2673 chirographis
1581 2600 1763 2657 terribilibus

966 2686 1278 2755 profiterentureumse
1288 2688 1765 2760 habiturospotriarchampatriar-

965 2774 1094 2845 charum,
1107 2781 1135 2830 et
1144 2790 1287 2833 summum
1302 2778 1659 2835 sacerdotemsummorum
1673 2792 1763 2835 sacer·

965 2863 1078 2934 dotum,
1090 2869 1118 2919 et
1128 2866 1317 2936 tuncquidem
1329 2866 1496 2923 innobisita
1507 2866 1636 2924 iaciebat.
1648 2869 1762 2925 Postera

965 2966 1031 3008 vero
1045 2952 1093 3007 die
1108 2951 1222 3010 fraudes
1236 2954 1392 3011 consuebat
1406 2956 1542 3012 adversus
1556 2970 1631 3027 eum,
1647 2962 1675 3013 et
1688 2971 1763 3016 men-

142 3038 234 3095 tentium
244 3055 272 3096 se
283 3041 729 3111 peccasseiSanotissimivicarii
739 3042 866 3098 Orientis
883 3045 911 3097 ei
925 3039 950 3102 G
964 3041 1262 3099 dacioruminilnitam
1271 3043 1496 3116 multitudinem,
1507 3045 1590 3116 quasi
1605 3046 1761 3104 criminum

142 3131 911 3201 ronnnousynodusdinoruut:Siplaceasanotiasuves

141 3220 219 3283 trano
229 3219 454 3276 honoralissimo
465 3221 634 3291 patriarchae
648 3220 759 3292 ignatio
776 3226 804 3276 et
825 3219 909 3276 nobis

141 3300 218 3360 munna
227 3307 797 3378 rideturutsuscipiaturetinconspectu
806 3309 907 3378 synodi

140 3388 234 3461 legatur.
249 3396 430 3451 sanctissimi
448 3396 550 3452 vicarii
574 3398 698 3453 senioris
714 3397 808 3452 Romae
824 3397 910 3451 dine-

136 3487 199 3535 runt:
208 3485 277 3555 Ergo
288 3485 424 3555 quoniam
436 3485 571 3541 omnibus
582 3486 683 3557 placet,
694 3484 873 3554 suscipiatur
881 3486 910 3538 et

136 3565 231 3639 legatur.
246 3574 282 3628 Et
302 3573 448 3642 accipiens
464 3573 625 3644 Stephanus
639 3576 696 3629 Deo
712 3573 909 3629 amicissimus

135 3655 428 3718 diaconusetnotarius
445 3669 550 3718 sanctae
571 3662 909 3732 Constantinopolitano-

133 3750 361 3808 runEoclesiaede
377 3751 573 3822 manibusjam
584 3752 818 3809 denuntiatorum
836 3753 909 3823 epis·

130 3850 253 3911 soporum,
265 3841 337 3913 legit
351 3855 452 3913 magna
461 3856 527 3899 voce
539 3843 568 3898 in
579 3841 756 3898 audientiam
767 3842 905 3899 omnium.

428 4032 596 4088 LIBELLUS.

152 4187 906 4264 Siquidemessentignotainseniorilioma,quaedira

127 4279 315 4351 contigerunta
333 4281 426 4337 Photii
449 4287 539 4336 mente
553 4291 574 4351 ²,
590 4282 799 4352 impugnatoris
814 4285 906 4341 Eccle-

965 3130 1112 3186 muteriam
1135 3129 1312 3201 habentium,
1329 3133 1568 3203 quemadmodum
1583 3140 1610 3189 et
1624 3135 1762 3193 adversus

964 3217 1162 3275 beatissimum
1182 3220 1331 3277 Nicolaum
1351 3222 1457 3293 gessit:
1482 3236 1545 3293 quaa
1559 3227 1587 3278 et
1601 3223 1713 3279 volebat
1729 3225 1760 3281 in

964 3308 1060 3363 omnia
1076 3309 1250 3378 patriarchia
1266 3311 1479 3383 transmittere3
1496 3316 1527 3368 ut
1540 3311 1687 3383 sicutipse
1698 3319 1761 3384 post

963 3396 1760 3466 modicumdepositionemacanathematismumineum

963 3482 1040 3554 iecit,
1054 3484 1164 3539 utolim
1180 3485 1281 3554 voluit,
1299 3486 1340 3541 ita
1353 3490 1381 3540 et
1395 3487 1490 3541 caeteri
1506 3488 1676 3555 patriarche
1690 3488 1762 3545 iace·

962 3576 1036 3629 rent.
1051 3564 1103 3627 Sed
1121 3571 1208 3642 hujus
1223 3569 1351 3628 fraudem
1364 3586 1419 3628 non
1434 3572 1538 3629 celarit
1553 3576 1628 3630 Deus
1642 3576 1690 3631 scd
1704 3590 1761 3632 om-

963 3660 1050 3717 nihus
1065 3658 1216 3731 patefecit,
1231 3665 1259 3717 et
1274 3660 1303 3716 hi
1315 3661 1366 3731 qui
1378 3661 1476 3717 dolum
1492 3660 1674 3719 manifestum
1691 3662 1761 3720 iece-

963 3755 1041 3821 runt,
1056 3750 1171 3806 exsiliis
1184 3755 1212 3806 et
1228 3750 1498 3822 proscriptionibus,
1509 3765 1542 3807 ac
1558 3751 1664 3824 tlagris,
1675 3757 1762 3823 atque

963 3838 1063 3895 multis
1079 3838 1174 3895 taedits
1184 3839 1321 3896 submissi
1337 3844 1405 3896 sunt
1416 3857 1422 3894 :
1435 3840 1482 3896 sed
1499 3854 1549 3896 uec
1564 3841 1606 3896 sic
1625 3841 1716 3898 voluit
1730 3857 1761 3898 se

962 3929 1126 3999 reprimere,
1138 3929 1186 3984 sed
1198 3928 1434 3999 quomadmodum
1446 3930 1583 4000 impeturn
1595 3930 1696 3988 habuit
1711 3931 1763 3986 mi·

949 4017 1758 4093 ¹senivotisui‚depositiouemetanathematismumiecit,

960 4111 989 4163 et
1004 4107 1034 4162 in
1052 4121 1127 4176 eum,
1144 4107 1191 4162 his
1207 4105 1302 4178 iactis,
1322 4107 1390 4177 qnid
1408 4107 1547 4164 malorum
1566 4108 1596 4163 in
1615 4108 1710 4178 ipsum
1724 4123 1760 4165 ex

960 4200 1029 4252 tuno
1044 4209 1100 4251 non
1113 4196 1193 4267 egit?
1207 4196 1411 4251 Nonnedentes
1421 4198 1483 4266 ejus
1494 4196 1634 4254 radicitus
1642 4198 1757 4269 evulsit,

951 4264 1067 4342 'iaciens
1081 4301 1145 4343 eum
1158 4288 1186 4342 in
1197 4285 1268 4342 iacie
1279 4286 1388 4356 percuti
1397 4286 1517 4343 ‘lNonne
1529 4288 1612 4356 pedes
1621 4287 1684 4356 eius
1699 4285 1760 4342 ier-

127 4363 170 4436 sia,
184 4376 323 4437 oporteret
334 4370 526 4425 humilitatem
539 4375 664 4426 nostram
678 4370 799 4426 multum
810 4379 903 4430 texere
917 4357 944 4417 D
960 4376 1016 4431 reis
1026 4376 1153 4432 vinculis
1163 4375 1409 4431 munivitiNonne
1422 4389 1487 4430 cum
1504 4373 1569 4447 iuga
1577 4374 1675 4444 lapsis,
1683 4373 1759 4431 etiu-

126 4466 272 4525 sermonem,
298 4459 476 4514 roborantem
493 4474 556 4530 quaa
576 4460 651 4514 circa
669 4475 720 4516 nos
745 4469 902 4532 perpetrata

127 4550 184 4614 sunt,
200 4554 225 4601 et
242 4546 350 4618 quibus
366 4554 395 4603 ct
409 4554 478 4617 ‹puot
491 4549 526 4604 ad
543 4549 606 4618 ipso
624 4552 825 4607 atrocitatibus
840 4552 903 4607 sub

127 4633 306 4692 nisisumus:
326 4637 394 4706 quia
415 4644 475 4692 erat
491 4638 598 4694 viralia
611 4639 726 4709 quidem
737 4641 864 4711 loquens,
874 4647 902 4697 et

124 4720 166 4778 alia
178 4726 313 4797 cogitans,
330 4731 358 4780 et
378 4740 492 4796 operam
510 4728 582 4783 dans
600 4729 764 4785 mendacio:
787 4745 821 4785 sa
841 4736 902 4787 arte

124 4814 252 4880 gentilium
264 4829 376 4885 semper
387 4816 560 4886 proponebat
570 4817 653 4889 bonu,
667 4818 902 4876 devieniebatau-

121 4902 162 4955 ten
176 4903 202 4958 in
214 4903 298 4962 mala.
315 4909 413 4961 eterat
429 4907 570 4974 potensad
583 4908 773 4975 superandum
788 4915 814 4965 et
827 4910 902 4966 deci-

120 4988 246 5064 piendum,
260 4998 292 5048 ut
302 5007 357 5050 non
367 4998 411 5049 est
421 4992 522 5062 iaetus,
537 4995 642 5051 nechea
654 4996 897 5054 ullushominum.

118 5075 181 5135 t'ndo
194 5096 258 5138 cum
276 5083 344 5137 talis
353 5089 437 5152 essct,
455 5086 651 5154 supplantavit
666 5100 726 5157 nos,
738 5088 785 5142 sed
798 5102 901 5143 sermo·

116 5180 167 5223 uem
177 5171 320 5239 prolixum
328 5188 414 5241 supra
425 5173 637 5229 modumiucero
647 5175 789 5247 nolumus,
799 5176 901 5231 haben-

113 5262 375 5331 tesroseorumquar
385 5262 623 5318 dicunturtestes.
632 5265 700 5318 Nam
711 5265 900 5335 scitisutique

111 5361 160 5418 tos,
179 5350 229 5419 qui
254 5351 402 5406 meruistis
424 5350 616 5408 obsecundare
626 5354 808 5410 sanctissimo
824 5369 901 5424 papae

109 5437 226 5508 Nicolao,
238 5439 363 5495 lucernae
373 5440 511 5510 ecclesiae,
520 5453 553 5495 ac
563 5440 700 5497 luminari
714 5444 803 5500 totius
811 5444 899 5500 orbis.

958 4465 1076 4536 gacibus
1092 4465 1191 4533 servis,
1207 4465 1237 4520 in
1250 4462 1401 4520 ioetoribus
1416 4467 1444 4519 et
1463 4463 1597 4519 sordibus
1612 4464 1759 4519 damnavit

957 4566 1032 4623 cum,
1049 4559 1080 4610 ut
1094 4558 1252 4609 moraretur
1264 4559 1389 4622 ternpore
1402 4567 1457 4608 non
1472 4552 1585 4622 pauco‘l
1598 4554 1696 4608 Nonne
1711 4553 1759 4608 de·

958 4642 1334 4713 nudanseumrestimentis,
1351 4656 1413 4712 quaa
1432 4641 1567 4697 induebat
1577 4641 1685 4712 absque
1702 4641 1758 4711 pri-

958 4744 1001 4786 ma
1009 4732 1240 4802 parrulatunica,
1258 4732 1345 4801 hujus
1359 4744 1442 4786 crura
1454 4730 1551 4802 scidit,
1567 4736 1594 4786 et
1610 4731 1641 4785 in
1665 4730 1758 4801 sepul·

956 4834 1015 4891 oro,
1027 4820 1103 4890 quod
1116 4821 1146 4875 in
1158 4821 1271 4876 modum
1280 4818 1453 4892 rogiiactum
1464 4819 1654 4891 est,delusum
1667 4819 1755 4875 locari

956 4907 1034 4977 iecit,
1049 4896 1181 4965 candelas
1202 4907 1323 4966 lundens
1340 4923 1402 4979 quaa
1416 4909 1522 4965 ibidem
1537 4908 1696 4978 elucebant,
1711 4923 1756 4980 ne,

955 4999 1107 5070 aquameis
1118 4998 1299 5069 habentibus,
1314 5013 1378 5054 cum
1393 4999 1441 5054 siti
1451 5004 1588 5069 uteretur,
1603 4997 1758 5054 adreiooil-

955 5090 1089 5147 lationem
1104 5094 1248 5158 potaretur
1266 5102 1300 5143 ex
1314 5087 1398 5143 illisi
1419 5090 1516 5143 Nonne
1534 5089 1609 5144 hunc
1630 5093 1755 5143 ereetum

955 5184 1030 5237 staro
1056 5177 1201 5249 iacientes,
1225 5178 1353 5234 tulerunt
1375 5178 1493 5249 virgam,
1509 5191 1593 5248 quam
1607 5182 1707 5232 tenens
1724 5176 1754 5230 iu

956 5268 1089 5324 manibus
1096 5266 1277 5337 fulciebatur,
1289 5267 1445 5323 senectutis
1453 5267 1679 5321 imbecillitatem
1690 5278 1758 5320 con-

956 5356 1072 5413 solaus‘?
1083 5358 1180 5412 Nonne
1189 5357 1252 5412 sine
1262 5357 1326 5412 cibo
1339 5371 1371 5411 ac
1385 5360 1454 5426 potu
1465 5356 1564 5412 maritis
1575 5368 1638 5410 eum
1651 5352 1753 5409 diebus

956 5445 1116 5517 transigere
1126 5443 1273 5501 iecerunt?
1280 5445 1509 5501 Nonncexsulem
1521 5444 1602 5499 illurn
1610 5441 1686 5508 iecit,
1702 5439 1752 5494 ubi

136 5547 219 5602 *ion
236 5545 320 5602 illins
343 5546 435 5603 libelii
456 5548 550 5603 solum
572 5549 606 5605 ad
622 5551 763 5607 Romanos
781 5553 905 5610 vicarios
924 5553 1050 5610 induem
1065 5551 1330 5624 usquedirigietur.
