3876 6090
189 221 258 284 lati
596 221 741 282 mamm.
757 220 804 281 tn
817 219 901 280 SAEC.
914 219 964 278 tx.
981 249 1016 263 -
1033 216 1212 279 abeloitas
1229 218 1317 279 tum
1333 218 1481 280 moduli.
1826 218 1886 284 itit

188 348 347 421 audierint,
359 347 410 407 ubi
424 347 512 407 nullae
523 347 821 407 sacularlumldonea
834 356 960 417 ριιιιιιιι
971 342 1052 402 tull
1101 343 1372 418 tigeslmosecundo
1388 345 1521 417 sancivit,
1544 349 1587 419 ut,
1601 346 1627 403 sl
1644 342 1798 418 quispiam
1817 357 1885 402 rom-

189 441 353 512 veniantur,
370 454 405 498 ne
420 441 526 497 veritas
537 439 709 510 occultetur,
723 442 751 494 et
766 436 859 493 malus
874 438 906 492 ut
919 432 1012 490 bonus
1067 432 1204 503 probatus
1217 435 1342 506 invasor,
1357 435 1436 493 dicat
1451 450 1502 507 pro
1517 439 1599 508 parte
1611 434 1750 492 ecclesiae
1762 447 1794 490 se
1807 434 1885 507 spese

189 529 382 602 existimetur,
396 530 427 587 in
439 529 617 600 providentia
629 526 859 598 sltepiscopi,nt
873 536 966 582 eoram
983 536 1013 580 se
1066 522 1101 579 de
1120 523 1231 593 privata
1246 524 1302 580 sibi
1327 537 1358 581 re
1378 525 1546 595 pertinente,
1567 523 1604 581 ab
1625 524 1693 594 ipso
1710 536 1824 595 suoque
1836 524 1885 580 ba-

188 624 217 677 et
226 619 614 691 competentibusjudioibus
628 618 701 675 hano
708 615 795 673 aliter
804 615 952 672 veritatem
965 612 1013 670 llo
1067 612 1133 668 rede
1155 613 1334 685 persolvatur
1351 614 1474 672 invasio.
1495 613 1636 671 Sacerdos
1650 613 1783 684 denique
1802 612 1830 668 in
1843 615 1884 671 tali

191 709 310 767 noridce
321 710 463 767 attollant.
1066 700 1152 773 culpa
1167 715 1274 774 pauper
1287 703 1429 776 inventus,
1442 703 1587 775 aproprio
1596 702 1743 760 canonice
1751 701 1886 774 judicetur

224 799 454 869 Quartodecimo,
466 802 498 854 ut
508 797 651 862 sacerdos,
662 800 713 854 aut
722 794 876 868 quisalius
886 793 917 850 in
927 792 1015 849 eccle·
1066 791 1210 863 episeopo,
1224 793 1376 864 episcopus
1393 805 1410 850 a
1424 792 1647 864 metropolitano
1663 795 1697 848 ut
1710 803 1771 847 non
1781 791 1886 850 omissis

190 887 307 946 siastioo
320 890 421 947 ordine
434 893 593 960 provectus,
606 886 630 944 si
645 886 675 943 in
687 900 720 944 eo
730 886 835 943 scelere
849 883 1014 940 inveniatur
1067 879 1125 936 sibi
1140 883 1292 939 commissa
1304 883 1439 941 damnum
1453 882 1596 939 sustineat
1609 882 1648 938 de
1663 880 1827 938 invasione.

190 991 247 1049 quo
261 978 443 1048 adjiciendus
458 978 506 1049 sit,
521 977 670 1048 depositus
688 974 866 1047 providentia
883 971 1011 1042 episcopi
1103 969 1345 1042 Vigesimotertlo,
1359 973 1395 1029 de
1407 972 1594 1030 monasteriis
1605 968 1887 1042 monachorumsirs

189 1064 260 1122 bene
274 1067 388 1136 proviso
409 1068 472 1124 loco
482 1066 687 1134 constituatur,
701 1063 751 1122 ubi
778 1066 891 1135 peccata
905 1061 1011 1133 lugeat,
1068 1059 1330 1129 sanctimonalium,
1359 1066 1388 1118 et
1402 1062 1437 1119 de
1451 1061 1587 1119 omnibus
1607 1060 1680 1118 aliis
1699 1074 1754 1131 pro
1776 1060 1886 1118 diverds

190 1158 218 1211 et
231 1155 355 1213 ulterius
367 1170 421 1212 nnn
433 1156 603 1213 committat.
1068 1148 1331 1206 necessitatibusad
1348 1150 1553 1222 eleemosynam
1563 1149 1743 1208 constitutis
1758 1151 1886 1221 praecepit,

225 1243 454 1314 Quintodecimo,
480 1249 522 1317 ut,
551 1245 575 1301 si
600 1245 753 1316 episcopus
771 1239 848 1314 (dist.
870 1237 915 1297 8t.
934 1253 960 1294 c.
983 1238 1014 1295 si
1068 1240 1101 1293 ut
1114 1250 1163 1306 per
1175 1239 1372 1310 episcoporum
1386 1239 1626 1310 sollicitudinem,
1640 1239 1671 1295 in
1685 1238 1888 1310 quorumdio-

191 1332 347 1403 quispiam),
370 1332 526 1404 presbyter,
548 1334 698 1403 diaconus,
714 1331 755 1388 vel
772 1330 967 1388 subdiaconus
979 1327 1014 1383 de
1068 1325 1125 1380 cesi
1141 1326 1200 1382 llaec
1214 1328 1352 1400 existunt,
1365 1329 1537 1388 ordinentur
1550 1328 1585 1385 ad
1602 1327 1724 1385 ιιιιιιω
1750 1327 1887 1392 utilitates,

191 1432 363 1492 quacunque
371 1420 477 1479 lomina
492 1423 615 1479 crimine
623 1420 826 1479 fornicationis
837 1419 1012 1489 suspicatus,
1069 1413 1175 1485 quibus
1190 1417 1348 1474 constituta
1369 1422 1446 1476 sunt.

192 1513 255 1578 post
270 1510 390 1578 primam
408 1517 436 1567 et
450 1512 602 1569 secundam
618 1517 646 1569 et
660 1512 773 1569 tertiam
788 1508 1013 1566 admonitionem
1104 1504 1363 1577 vigesimoquarto,
1374 1507 1520 1577 disposuit
1528 1506 1563 1563 de
1574 1505 1726 1577 ecclesiis,
1741 1506 1890 1578 quarindi·

191 1599 416 1670 metropolitani,
439 1600 482 1656 vel
504 1600 625 1657 alterius
645 1601 784 1672 episcopi,
807 1603 857 1656 aut
881 1598 944 1668 ejus
965 1595 1013 1652 oui
1068 1594 1160 1650 versis
1178 1595 1346 1668 regionibus
1368 1596 1566 1654 sacerdotibus
1585 1600 1615 1653 ιι
1630 1595 1798 1654 solitudine
1808 1596 1891 1653 dasti-

190 1686 338 1756 subjacere
360 1688 486 1761 videtur,
502 1689 665 1747 inveniatur
680 1688 804 1746 labulari
819 1701 884 1745 cnm
899 1699 941 1758 ea,
955 1684 1053 1766 ali-B
1069 1687 1149 1756 tuta,
1164 1685 1245 1742 nullo
1263 1686 1360 1742 debito
1381 1684 1473 1743 obicio
1486 1690 1635 1755 resonant,
1647 1690 1684 1742 ut
1697 1685 1856 1757 episcopus,
1869 1687 1891 1742 si

191 1787 281 1845 quove
296 1775 378 1832 modo
401 1778 574 1847 conversari,
599 1778 736 1834 canonice
757 1777 920 1847 judicetur:
946 1773 1015 1844 quia
1071 1773 1186 1843 proprio
1199 1775 1259 1844 juri
1273 1775 1401 1832 ecclesiae
1415 1780 1483 1833 sunt
1494 1775 1642 1847 sublectae,
1657 1773 1772 1831 ibidem
1780 1775 1842 1832 sine
1850 1777 1893 1832 in-

190 1865 238 1922 oui
257 1867 402 1936 propriam
429 1866 533 1925 babere
555 1881 671 1925 uxorem
694 1879 750 1923 non
775 1864 962 1936 permittitur,
979 1860 1015 1918 ab
1069 1862 1253 1920 termissione
1266 1864 1461 1936 presbyterum
1471 1865 1652 1922 constituat:
1665 1869 1712 1935 ut,
1728 1864 1755 1921 si
1771 1864 1802 1921 in
1818 1879 1894 1923 snou-

190 1956 269 2011 omni
285 1953 390 2011 lomina
402 1956 485 2014 debet
499 1971 529 2014 so
543 1957 696 2016 abstinere.
1070 1949 1176 2008 larium
1187 1953 1336 2011 homiuum
1352 1960 1420 2012 sunt
1431 1956 1496 2025 jure
1519 1955 1703 2024 constitutas,
1722 1953 1894 2026 abepiscopo

226 2044 432 2118 sextodecimo,
464 2051 497 2103 ut
527 2048 600 2105 nulli
625 2048 825 2119 opiscoporum
857 2044 942 2100 liceat
970 2054 1016 2098 res
1069 2040 1287 2108 admoneantur,
1313 2048 1341 2100 et
1371 2044 1407 2114 si,
1433 2043 1587 2116 admoniti,
1611 2042 1801 2115 presbyteros
1828 2043 1893 2100 inira

192 2132 355 2214 immobiles
364 2135 399 2191 de
413 2135 552 2206 subjectis
562 2136 694 2208 plebibus
703 2136 829 2206 aliisque
843 2132 901 2204 piis
916 2131 1016 2188 tollere
1070 2131 1159 2188 trium
1173 2132 1314 2189 mensium
1330 2133 1455 2203 spatium
1467 2133 1573 2189 ibidem
1588 2133 1894 2206 neglexeruntconsu-

192 2221 275 2294 locis,
293 2237 327 2280 ne
339 2224 368 2280 in
383 2223 435 2281 tali
450 2224 524 2283 lacto
541 2239 680 2298 pauperes
694 2225 900 2292 inveniantur,
916 2224 1015 2278 contra
1070 2219 1266 2291 tuereabsque
1275 2221 1404 2294 neglectu
1417 2221 1569 2294 principis,
1578 2225 1688 2295 urgeat
1697 2221 1894 2295 episcopum

191 2325 278 2386 agens
289 2314 427 2371 canonica
441 2316 612 2373 auctoritate
627 2315 815 2372 coarctandus
826 2311 941 2368 existat.
1069 2306 1133 2377 ejus
1155 2309 1296 2366 sententia
1321 2310 1495 2367 emendetur.

227 2402 476 2476 septimodecimo,
493 2410 525 2461 ut
543 2405 700 2478 presbyteri
713 2402 886 2461 omniumad
902 2413 932 2456 se
944 2413 1015 2456 cur-
1105 2397 1364 2470 vtgestmoqntnto,
1390 2404 1423 2456 ut
1436 2399 1564 2457 ecclesiae
1590 2398 1894 2472 quaelibetdestrncu

192 2495 317 2550 rentium
333 2493 362 2550 iu
378 2494 599 2568 quibuscunque
616 2495 707 2551 sacris
721 2493 794 2550 loois
808 2491 968 2548 oblationes
979 2488 1014 2544 ad
1070 2485 1187 2556 proprio
1198 2487 1342 2557 stipendio
1355 2491 1574 2557 restaurentur3
1591 2501 1651 2546 non
1668 2487 1894 2548 subicientevero

192 2583 345 2639 missarum
360 2584 501 2641 solemnia
516 2585 674 2655 recipiant:
700 2583 847 2654 quiscum
860 2580 911 2637 Dei
925 2584 954 2635 et
968 2577 1017 2633 bo
1071 2575 1272 2646 necessarius
1292 2576 1397 2646 populo
1419 2577 1511 2648 plebis
1524 2577 1725 2636 auxilientur.

194 2671 304 2727 minum
321 2673 492 2730 mediatores
513 2674 648 2744 existant,
663 2673 693 2728 iu
710 2668 875 2728 exercendis
888 2667 973 2738 votis,
987 2671 1016 2723 et
1104 2663 1342 2734 vigesimoseato,
1357 2665 1473 2723 utnulli
1486 2667 1695 2738 episcoporum
1708 2667 1801 2724 liceat
1812 2680 1829 2723 a
1841 2667 1896 2725 sub

193 2759 356 2817 relaxandis
372 2762 504 2832 peccatis.
531 2761 725 2833 largissimam
739 2758 843 2816 debent
856 2756 1013 2814 orationem
1066 2751 1142 2822 lecto
1157 2753 1313 2823 sacerdote,
1330 2754 1373 2811 vel
1383 2754 1441 2812 alio
1452 2754 1753 2827 quolibetolericoex
1764 2756 1824 2829 piis
1836 2757 1896 2815 locis

192 2860 334 2919 peragere.
1069 2841 1239 2899 donationes
1254 2842 1330 2900 ultra
1345 2846 1453 2901 statuta
1467 2845 1584 2902 Patrum
1600 2846 1734 2919 exigere,
1751 2852 1896 2919 autsuper-

227 2934 453 3006 Ootavodeoimo,
483 2941 514 2993 ut
536 2938 689 3008 episcopus
703 2935 759 2994 sibl
776 2934 905 3006 subjecto
918 2947 1016 2991 sacer-
1071 2930 1206 3001 imposita
1222 2926 1424 3008 [superposita]
1439 2933 1469 2990 iu
1493 2934 1625 3006 angariis
1639 2922 1766 2993 inferre.

192 3023 264 3093 doti,
278 3024 321 3082 vel
336 3025 388 3081 alii
405 3025 521 3097 clerico,
537 3027 595 3085 nlsl
608 3027 644 3083 ab
658 3026 717 3084 alio
732 3023 904 3098 postulatus,
917 3022 1016 3079 dimis
1030 3049 1055 3113 c
1106 3019 1387 3095 vigesimoseptimo,
1403 3027 1437 3079 ut
1451 3021 1569 3081 abbatas
1579 3023 1657 3082 tales
1671 3026 1892 3093 constituantur,

193 3113 287 3170 sorias
301 3128 357 3171 non
368 3114 472 3172 iaciat:
494 3122 521 3173 et
535 3129 569 3172 ne
583 3114 662 3171 laisa
680 3119 712 3172 ut
726 3127 797 3171 vcrae
809 3114 972 3181 creduntur,
987 3105 1031 3167 ιι
1072 3110 1121 3181 qui
1148 3111 1193 3167 sui
1212 3111 1344 3168 vocabuli
1362 3113 1558 3171 ministerium
1577 3115 1638 3172 beo
1652 3116 1775 3186 possint
1790 3115 1896 3172 indubi-

191 3215 264 3258 verae
288 3209 321 3260 ut
342 3202 421 3261 lalsae
441 3205 636 3276 suspicentur,
661 3203 835 3262 universalis
858 3200 1014 3273 pontidcis,
1072 3202 1164 3255 tanter
1183 3200 1334 3271 supplere:
1354 3201 1396 3258 ita
1413 3201 1503 3274 docti,
1517 3206 1550 3260 ut
1571 3217 1766 3278 quaecunque
1790 3203 1895 3262 issum

191 3290 235 3347 vel
250 3291 404 3365 imperiali,
428 3294 471 3350 vel
488 3293 701 3366 metropolitani
718 3292 798 3350 bulla
823 3305 871 3348 eas
886 3288 1015 3348 roborari
1072 3288 1246 3360 negligentia
1263 3289 1431 3362 acciderint,
1448 3291 1566 3349 oumlno
1592 3305 1779 3366 cognoscere
1789 3294 1895 3367 possim,

191 3387 310 3451 oportet.
1071 3381 1100 3433 et
1113 3378 1272 3434 emendare.

226 3470 430 3542 Nonodecimo,
445 3476 476 3528 ut
489 3472 628 3543 episcopi,
647 3471 835 3542 universique
845 3468 1016 3537 sacerdotes,
1107 3467 1362 3541 Vigesimoootavo,
1382 3476 1414 3526 ut
1428 3471 1626 3542 episcopusin
1640 3486 1697 3531 sua
1713 3473 1896 3532 dloecesidili

192 3558 262 3628 quia
285 3559 320 3615 ad
344 3561 433 3617 solam
455 3561 505 3617 Dei
535 3561 658 3629 laudem,
683 3560 880 3629 bonorumque
899 3567 1015 3626 operum
1073 3561 1171 3628 genter
1191 3562 1387 3628 perscrutetur
1404 3559 1481 3632 illos,
1495 3560 1546 3632 qui
1568 3561 1634 3618 solo
1654 3562 1766 3621 babitu
1780 3562 1894 3623 monachi

191 3647 332 3704 actionem
346 3649 575 3720 constituuntur,
587 3649 774 3707 debeanttam
784 3660 834 3718 pro
846 3643 1020 3703 ecclesiasti·
1072 3645 1211 3716 esistunt,
1235 3647 1319 3704 etad
1344 3647 1492 3718 proprium
1508 3650 1729 3708 monasterium
1756 3652 1895 3710 redimens

191 3735 245 3806 cis,
262 3750 347 3809 quam
363 3751 413 3807 pro
426 3739 554 3809 propriis
568 3739 631 3795 suis
645 3736 820 3805 actionibus,
836 3737 956 3804 excepto
968 3747 1017 3803 pu·
1071 3739 1163 3806 cogat,
1179 3740 1230 3791 aut
1259 3743 1411 3807 prospectu
1436 3750 1565 3810 congruo
1590 3737 1623 3794 in
1640 3738 1730 3799 aliud
1758 3741 1858 3813 mittat,
1870 3745 1894 3797 ot

192 3820 270 3879 blico
293 3825 425 3894 crimine,
451 3824 555 3881 babere
576 3824 743 3881 advocatum
770 3835 826 3879 non
842 3821 922 3877 mala
935 3820 1017 3878 lamae
1072 3823 1230 3896 regularem
1244 3825 1331 3881 vitam
1344 3831 1466 3882 servent.

193 3916 368 3982 suspectum,
394 3911 441 3967 sed
459 3911 539 3968 bonu
554 3911 712 3983 opinionis,
727 3917 755 3967 et
775 3909 932 3968 laudabilis
944 3910 1017 3966 artis
1106 3912 1338 3985 vigesimonono,
1354 3920 1386 3972 ιιι
1408 3911 1521 3973 leminae'
1534 3930 1599 3988 quae
1622 3915 1769 3978 babitum
1791 3918 1892 3992 religio-

193 3997 351 4070 inventum,
368 4013 411 4069 ne,
425 3998 494 4055 dum
506 4001 629 4055 bumana
640 3999 720 4057 lucra
736 4000 898 4070 intendunt,
912 4003 1016 4055 aeterna
1071 4015 1145 4074 sum,
1165 4006 1217 4059 aut
1239 4003 1366 4060 velamen
1381 4003 1500 4061 obtentu
1525 4004 1687 4079 religionis
1709 4011 1890 4081 susceperuut

193 4088 310 4158 prumia
338 4087 467 4159 perdant.
726 4159 729 4164 ¹
1071 4091 1206 4162 (ιιιιιιιρι
1221 4092 1283 4149 viro
1307 4093 1412 4150 sociari
1428 4107 1484 4151 non
1509 4095 1748 4172 permittantur,
1774 4096 1891 4172 promri-

229 4176 383 4250 Vigesimo,
401 4184 442 4250 ut,
470 4178 495 4235 si
519 4178 664 4251 quispiam
684 4180 860 4237 sacerdotum
883 4179 1017 4235 inventus
1071 4184 1260 4251 calceantem,
1285 4182 1320 4239 ad
1337 4183 1534 4253 poeniunttam
1556 4194 1769 4246 coerceantur.

193 4264 293 4338 luerit,
303 4267 354 4337 qui
365 4268 533 4326 advocatum
545 4269 696 4340 injudicio
706 4267 834 4341 prolerre
844 4280 900 4324 non
914 4267 1016 4342 valeat,
1107 4269 1275 4341 Trigesimo,
1290 4278 1322 4326 ut
1341 4271 1548 4329 dionomioioo
1564 4273 1672 4332 nullus
1684 4277 1797 4335 audeat
1808 4287 1889 4334 meme

192 4368 287 4412 ooram
304 4356 384 4427 plebe
399 4358 514 4429 propria
526 4373 598 4415 suns
609 4359 762 4428 episcopus
773 4357 867 4427 ipsum
881 4357 1017 4413 sacerdo-
1072 4356 1176 4429 tiones,
1192 4358 1249 4414 nisi
1270 4359 1301 4415 in
1315 4359 1436 4417 cibariis
1459 4359 1555 4431 rebus,
1571 4369 1627 4419 aut
1638 4365 1787 4435 quaelibet
1802 4366 1889 4423 rustica

193 4452 249 4502 tem
263 4446 414 4517 discutiat,
431 4447 456 4503 si
472 4447 553 4505 bonae
567 4461 604 4504 an
621 4446 701 4503 malae
712 4445 940 4502 conversationis
950 4445 1017 4501 esi·
1071 4460 1156 4518 opera
1175 4446 1285 4518 lacere3
1299 4447 1443 4520 alioquin,
1472 4453 1504 4505 ut
1518 4453 1739 4527 transgressor,
1762 4453 1798 4511 ad
1813 4451 1889 4526 puni

193 4539 259 4604 stat,
276 4542 327 4592 aut
349 4537 434 4606 cujus
456 4537 497 4592 rei
513 4548 598 4593 causa
612 4534 709 4591 debite
722 4533 890 4591 advocatum
912 4532 1016 4591 habere
1072 4537 1190 4593 tentiam
1212 4537 1368 4608 redigatur.

195 4636 251 4679 non
264 4625 372 4695 possit:
392 4626 465 4682 male
477 4638 543 4682 vero
558 4625 700 4695 inventus,
712 4638 763 4695 pro
773 4624 911 4696 qualitate
924 4624 1016 4695 culpae
1105 4625 1370 4698 trigesimoprimo,
1387 4630 1420 4683 ut
1432 4626 1583 4684 Dominioo
1599 4628 1652 4688 dle
1667 4644 1825 4702 personam
1838 4644 1889 4688 aas·

194 4712 351 4769 secundnm
370 4727 506 4770 canonem
523 4727 651 4770 normam
672 4714 818 4770 emendari
834 4721 960 4771 curetur.
1072 4719 1181 4786 pectam
1196 4719 1224 4771 et
1236 4718 1316 4771 reatu
1343 4713 1488 4786 inlamem,
1510 4721 1561 4773 aut
1574 4719 1694 4789 optima
1710 4719 1889 4779 satisfactione

230 4799 481 4874 Vigesimoprimo,
504 4807 536 4860 ut
552 4805 768 4875 monasterium,
782 4802 825 4859 vel
845 4802 1014 4872 oratorium,
1071 4805 1192 4873 solvant,
1205 4808 1257 4860 aut
1267 4804 1297 4860 in
1310 4804 1453 4861 custodiis
1463 4805 1658 4877 constituant,
1672 4814 1732 4867 aut
1744 4808 1889 4868 licitisdls-

111 4927 114 4932 ·
194 4891 330 4948 canonice
351 4896 548 4950 constructum
572 4907 589 4950 a
603 4894 735 4951 dominio
748 4890 968 4963 constructoris,
982 4904 1016 4948 eo
1070 4892 1280 4964 busludicetur
1291 4911 1299 4961 3
1312 4905 1376 4949 nam
1393 4892 1505 4967 legibus
1516 4893 1889 4970 inlrmasurtudtclrnbc

195 4979 297 5051 invito,
312 4994 369 5038 non
388 4981 559 5053 auleratur;
584 4983 727 5055 liceatque
740 4983 784 5039 illi
801 4982 876 5041 idem
894 4981 1016 5053 presby·
1070 4984 1177 5041 minlco
1197 4983 1245 5040 die
1258 4984 1467 5054 depromptum.

193 5074 264 5139 tero,
281 5070 329 5126 cui
340 5071 474 5144 voluerit,
491 5087 542 5144 pro
557 5087 639 5131 sacro
649 5073 742 5131 oldcio
756 5072 1013 5143 illiusdioeceseos,
1104 5071 1401 5146 trigesimosecundo,
1418 5077 1452 5128 ut
1465 5071 1540 5130 nulli
1556 5072 1710 5135 laicorum
1732 5077 1889 5136 lineatinro

193 5161 222 5214 et
239 5157 320 5214 bonae
332 5159 524 5231 auctoritatis,
538 5160 704 5220 dimissoria
719 5176 784 5218 cum
797 5175 938 5219 consensu
949 5161 1016 5232 epi·
1071 5163 1143 5233 loco,
1156 5162 1206 5220 ubi
1223 5161 1379 5235 presbyteri
1396 5168 1425 5219 et
1445 5162 1542 5220 oaetmi
1555 5161 1659 5222 clerici
1671 5163 1894 5239 existuntqrod

193 5247 284 5317 scopi,
308 5260 343 5304 ne
373 5247 466 5304 malus
488 5250 611 5322 existat3
637 5250 842 5314 commendare,
861 5250 902 5307 lta
924 5256 957 5308 ut
980 5251 1015 5308 ad
1071 5252 1278 5324 presbyterium
1292 5257 1486 5325 nuncupatur,
1500 5251 1889 5325 quandomtssacetebrrur.

195 5337 328 5409 placitam
342 5342 372 5395 et
383 5339 490 5408 justam
507 5341 692 5396 reverentiam
708 5339 792 5396 illius
804 5340 932 5411 episcopi
945 5341 1016 5398 obe-
1070 5343 1244 5399 consistere:
1262 5342 1341 5414 quia,
1362 5341 1449 5399 sicuti
1464 5341 1495 5398 ln
1509 5339 1635 5400 ecclesia
1649 5343 1776 5420 singula
1787 5343 1891 5404 locari-

193 5426 305 5484 dienter
319 5427 452 5485 sacerdos
464 5433 603 5498 moursat,
618 5428 750 5499 alioquin
760 5429 909 5487 canonicis
923 5432 1017 5489 ultio-
1071 5433 1176 5490 dentur
1192 5431 1332 5504 exposita,
1348 5431 1388 5488 ita
1400 5431 1528 5489 virorum
1538 5437 1648 5503 parcet
1667 5435 1827 5496 muliera·
1840 5447 1890 5507 ott·

194 5516 281 5574 nibus
292 5516 446 5588 subjaceat.
1071 5520 1151 5579 tibus
1168 5521 1231 5578 suis
1250 5519 1333 5576 debet
1351 5534 1413 5578 esse
1430 5523 1572 5579 contenta.
