3876 6090
113 160 168 220 tao

804 153 972 212 STEPHANI
990 152 1129 208 PAPAEV

1764 115 1819 206 reo

113 285 224 343 illibate
237 283 273 341 ab
288 283 431 356 omnibus,
448 284 498 355 qui
510 283 674 341 Christiano
688 281 804 338 nomine
817 292 934 337 censen·
944 277 974 338 Α
988 283 1080 334 strum
1098 280 1193 334 lesum
1215 277 1361 332 Christum
1380 279 1489 332 tentare
1508 288 1565 331 non
1583 273 1741 333 dubitavit
1757 274 1821 328 blec

112 379 171 445 tur,
184 373 238 430 sub
249 371 414 430 defensioue
426 377 530 429 sanctae
542 363 792 441 sedisapostolicae
806 369 934 426 babebu-

112 467 161 520 tur
173 467 200 518 et
215 460 410 530 observentur,
428 463 463 517 ad
484 462 595 517 laudem
610 461 661 517 Dei
677 459 893 530 omnipotentis,
907 464 935 514 et

112 552 189 609 sedis
204 549 367 621 apostolice
382 550 578 617 reverentiam,
592 553 620 605 et
639 548 771 604 stabilem
786 547 872 602 etiam
888 546 937 602 vi-

112 653 217 712 gorem,
229 644 257 695 et
269 640 374 695 statum
389 639 630 711 augmentandum
646 636 829 708 profuturnm
842 634 937 691 eccle-

84 719 87 725 ’
112 729 172 785 sira.
187 727 298 798 Siquis
316 730 422 798 nutem,
444 727 521 798 quod
543 740 599 782 non
622 731 763 796 optamus,
784 723 936 780 temerario

110 830 184 873 ausu
207 821 306 872 contra
328 816 380 871 boc
404 820 508 871 nostrae
529 814 714 871 auctoritatis
730 818 758 869 et
771 810 937 883 apostolice

112 903 340 962 confirmationis
351 903 535 975 privilegium
545 904 590 975 pie
600 917 616 958 a
627 902 711 959 nobis
720 915 886 959 concessum
898 901 936 956 iri

111 1006 251 1066 agereque
282 992 506 1063 presumpserit,
534 997 562 1047 et
585 991 616 1047 in
642 996 701 1047 toto
726 991 769 1046 vel
795 1004 830 1045 ex
859 993 938 1059 parte

113 1081 274 1153 transgredi
298 1085 418 1137 conatus
444 1079 541 1150 inerit,
562 1085 591 1135 et
615 1093 726 1136 omnem
751 1078 937 1135 reverentiam

114 1173 219 1227 sancta
230 1169 308 1226 sedis
322 1167 487 1240 apostolice
501 1182 558 1225 non
573 1167 776 1237 observaverit,
790 1167 863 1223 sciat
877 1181 908 1222 se
922 1178 938 1222 a

112 1258 170 1313 Deo
190 1258 271 1312 Patre
291 1256 496 1327 omnipotente,
512 1260 541 1312 et
556 1256 642 1326 Filio,
666 1261 695 1310 et
709 1260 807 1311 sancto
826 1253 938 1324 Spiritu

114 1345 401 1414 excommunicatum,
417 1353 445 1400 et
458 1345 515 1400 uisi
532 1345 692 1413 resipiscat,
712 1348 846 1413 perpetuo
866 1355 940 1397 ann-

116 1431 238 1488 tbemate
253 1431 481 1489 condemnatum.
498 1432 552 1501 Qui
568 1446 633 1488 vero
649 1437 747 1487 custos
759 1436 787 1486 et
802 1430 940 1486 observa-

117 1526 162 1575 tor
175 1520 329 1590 exstiterit,
345 1525 373 1576 et
388 1515 617 1577 benedictionem
634 1525 663 1575 et
675 1519 796 1592 gratiam
812 1519 940 1574 alienet

989 367 1080 438 igitur
1098 366 1202 421 mirum
1219 366 1244 421 si
1261 365 1393 421 Pbotium
1409 366 1481 420 satis
1499 377 1618 420 exosum
1633 361 1670 417 ab
1688 362 1818 418 Ecclesia

989 454 1155 510 damnatum
1169 454 1305 524 ejecistis,
1319 453 1369 524 qui
1382 451 1560 508 salutiferam
1573 450 1690 507 Domini
1706 463 1818 506 crucem

991 543 1031 599 ita
1045 543 1164 611 delusit,
1183 557 1233 612 per
1249 556 1334 613 quam
1350 541 1486 597 videlicet
1500 540 1691 615 venerandam
1706 552 1819 595 crucem

990 631 1087 687 omnin
1101 631 1176 687 dona
1190 630 1376 687 sacerdotalis
1392 628 1550 685 ministerii
1573 628 1778 699 perficiuntur,
1793 633 1820 684 et

991 720 1082 775 sancti
1095 720 1276 789 baptismatis
1286 719 1429 775 lavacrum
1440 718 1648 774 sanctificatur.
1662 717 1820 773 Prndictus

993 808 1089 878 itaque
1100 808 1219 864 Photius
1230 808 1322 864 laicus
1333 808 1427 879 bomo,
1440 807 1465 862 si
1476 808 1581 878 regiam
1591 806 1669 861 viam
1681 804 1819 863 ambulas

992 901 1036 952 set
1056 902 1084 952 et
1107 896 1230 953 decretis
1254 901 1416 953 sauctorum
1442 897 1556 952 Patrum
1583 894 1763 967 inhaesisset,
1785 896 1818 952 ad

992 990 1099 1042 tautam
1121 986 1264 1042 insanium
1283 999 1429 1056 nunquam
1449 983 1621 1040 devenisset.
1641 984 1820 1054 Quapropter

992 1072 1818 1147 quiCbristibumilitatem,venerandamscilicetcrucem,

992 1169 1188 1234 contemnunt,
1216 1163 1345 1234 percussi
1369 1166 1438 1219 sunt
1459 1168 1593 1233 tanquam
1626 1162 1818 1234 primogenita

993 1253 1104 1325 AEgypti
1119 1272 1125 1307 ε
1143 1258 1212 1308 tunc
1231 1252 1306 1308 enim
1322 1251 1517 1308 israelitarum
1540 1250 1744 1323 primogeniti,
1758 1264 1819 1309 cun

993 1348 1089 1401 esseni
1104 1342 1221 1414 signati,
1235 1341 1339 1397 servati
1356 1345 1424 1397 suut
1438 1354 1470 1396 ac
1485 1338 1626 1396 custoditi
1639 1339 1744 1409 (Enod.
1762 1339 1818 1410 xri).

993 1432 1047 1502 Qui
1064 1445 1129 1488 vero
1144 1437 1205 1487 erat
1221 1431 1270 1488 iile
1287 1431 1406 1502 sanguis
1423 1430 1490 1502 agni
1505 1430 1533 1484 in
1553 1428 1658 1485 limine
1676 1429 1819 1485 israelita-

995 1535 1068 1593 rum,
1086 1522 1143 1577 uisi
1164 1535 1234 1576 crux
1256 1520 1399 1590 passionis
1420 1518 1529 1574 Cbristi
1550 1532 1614 1588 qurc
1628 1518 1659 1573 in
1679 1516 1819 1574 ircutibm

115 1609 236 1665 Domino
250 1612 347 1665 nostro
366 1609 503 1681 consequi
525 1615 675 1666 mereatur.
951 1597 978 1657 Β
995 1611 1122 1668 bdelium
1146 1609 1325 1680 imprimitur
1337 1608 1352 1662 ‘l
1364 1609 1534 1678 Quicunque
1554 1606 1647 1679 igitur
1669 1605 1819 1663 salutarem

151 1697 295 1766 Scriptum
316 1711 365 1766 per
383 1710 498 1754 manum
516 1698 648 1769 Gregorii
671 1695 818 1754 scriniarii
837 1700 941 1751 sancire
995 1714 1108 1758 crucem
1121 1699 1304 1770 parvipendit
1314 1695 1476 1769 evangelico
1489 1709 1556 1752 ense
1567 1695 1818 1752 interimitur.Sed

117 1786 249 1842 Romanae
263 1785 396 1842 Ecclesiae
409 1785 439 1842 in
451 1799 546 1843 meuse
558 1787 642 1853 binio,
658 1785 816 1841 indictione
827 1785 939 1856 quinta.
996 1789 1031 1845 de
1055 1790 1157 1845 Pbotio
1189 1788 1303 1858 quidem
1325 1787 1366 1842 ita
1389 1800 1440 1842 vos
1464 1785 1650 1856 scripsistis:
1670 1784 1739 1840 illas
1761 1798 1819 1840 vero

23 1920 27 1939 .
117 1873 222 1931 valete.
239 1875 342 1931 batum
359 1888 391 1929 ιιι
407 1874 524 1930 Kalend·
539 1874 620 1931 lunii
641 1887 691 1944 per
712 1886 828 1929 manum
840 1871 943 1928 Leonis
998 1878 1180 1948 imperatoris
1190 1875 1301 1931 litteras
1309 1889 1374 1931 cum
1385 1874 1561 1946 legissemus,
1573 1873 1820 1929 ermemirestrts

117 1961 261 2019 sacellarii
285 1968 390 2019 sanctae
414 1963 491 2019 sedis
509 1963 684 2034 apostolicae,
705 1959 943 2049 impendomino
997 1967 1095 2039 procul
1111 1967 1211 2022 abesse
1226 1968 1434 2033 comperimus.
1452 1965 1494 2019 lta
1509 1963 1590 2018 enim
1610 1975 1641 2018 se
1658 1960 1816 2018 habebant:

118 2050 252 2121 piissimo
272 2052 402 2122 principe
420 2052 521 2109 carolo
537 2052 667 2124 Augusto
686 2055 821 2108 coronato
841 2063 944 2121 magno
998 2058 1074 2130 quod
1090 2056 1210 2113 Pontius
1232 2054 1358 2125 quietam
1379 2053 1464 2109 vitam
1480 2051 1575 2123 elegit.
1597 2049 1780 2121 Quapropter
1794 2050 1818 2106 in

119 2140 223 2212 imper,
245 2153 321 2196 anno
340 2144 430 2211 sexto,
452 2145 481 2197 er
501 2139 765 2212 postconsulatum
785 2139 849 2209 eius
868 2150 944 2194 anno
997 2146 1178 2203 dubiumne
1192 2155 1349 2200 versamur.
1370 2141 1492 2197 muttum
1507 2140 1583 2196 enim
1605 2139 1820 2196 interessetis

118 2234 209 2302 sexto,
229 2226 391 2287 indictione
411 2230 522 2301 quinta.

513 2336 557 2392 iv.

261 2438 390 2482 eetsrota
406 2439 442 2481 nn
460 2437 603 2480 episcopos
623 2435 802 2480 obtetrices

442 2514 535 2586 (Anno
548 2512 625 2585 888.)

119 2620 191 2688 Ipsis
201 2633 255 2688 pro
268 2619 441 2674 ordinatione
460 2619 592 2690 Stephani
602 2618 770 2690 patriarche
785 2617 945 2672 Constanti-

999 2236 1148 2293 nnntiasse
1162 2238 1189 2289 et
1201 2232 1352 2303 expulsum
1367 2243 1439 2286 esse.
1453 2231 1511 2286 Nos
1520 2229 1614 2302 igitur
1625 2228 1739 2300 absque
1753 2227 1820 2284 diii-

999 2324 1076 2397 geuti
1098 2321 1289 2395 inquisitione
1309 2320 1508 2392 qualecunque
1525 2318 1675 2389 judicium
1699 2316 1821 2388 proierre

1000 2428 1055 2471 non
1072 2410 1426 2491 possumus3Qunpropter
1438 2421 1515 2465 nuuc
1533 2407 1707 2464 senteutiam
1724 2420 1822 2477 proro-

999 2503 1144 2575 gavimus:
1153 2505 1181 2556 et
1193 2503 1315 2570 opusest
1325 2497 1477 2567 utriusque
1486 2497 1576 2567 partis
1587 2494 1821 2568 religiosissimos

999 2591 1149 2662 episcopos
1168 2588 1256 2658 mitti,
1276 2592 1319 2658 ut,
1342 2598 1479 2658 perpensa
1497 2585 1573 2641 omni
1597 2582 1785 2641 dubitatione
1799 2589 1822 2639 et

154 2691 308 2760 riopolitani
334 2691 564 2760 dispensationem
586 2690 754 2761 petentibus,
779 2703 809 2743 eo
834 2688 908 2758 quod
927 2702 945 2741 a
998 2680 1127 2744 veritate,
1147 2678 1294 2748 utrimque
1313 2672 1464 2732 manifesta
1479 2675 1574 2731 dicere
1588 2674 1738 2744 possimus
1752 2673 1821 2744 quod

154 2761 249 2816 ΡΜῖῑθ
277 2761 409 2815 diffiniti
442 2761 585 2816 Mindius
611 2763 720 2831 suisset,
750 2760 892 2829 1181101181(
920 2763 946 2814 ei
998 2772 1074 2826 Deus
1085 2767 1217 2824 voluerit.
1234 2766 1359 2822 Romana
1374 2766 1450 2821 euim
1465 2764 1591 2822 Ecclesia
1607 2764 1702 2820 instar
1716 2761 1822 2833 speculi

156 2832 313 2888 ulteriorem
331 2833 550 2900 informationem
565 2834 646 2902 petit.

999 2861 1027 2914 et
1048 2855 1221 2925 exemplaris
1250 2854 1373 2924 reliquis
1403 2853 1541 2909 Emlesiis
1563 2851 1767 2908 constituitur.
1793 2851 1823 2905 lit

155 2928 317 2986 STEPHANUS
334 2930 496 3001 0185601118
518 2944 618 2986 Sirius
636 2943 784 2987 5611011118
795 2930 859 3002 bet,
873 2930 946 2986 ¹¹¹¹i-
959 2922 984 2986 C
999 2944 1191 3018 quodeunque
1202 2943 1349 2999 deduierit
1360 2944 1392 3007 in
1403 2943 1608 3013 sempiternum
1624 2944 1723 2997 manet
1737 2940 1824 2996 incor-

121 3017 213 3074 versis
234 3017 378 3089 episcopis
395 3023 424 3075 et
442 3018 565 3088 reliquis
584 3018 710 3092 clericis,
728 3024 802 3075 etc!

1000 3040 1127 3106 ruptum,
1150 3040 1178 3089 et
1199 3033 1252 3089 buc
1271 3032 1307 3088 de
1332 3045 1419 3089 causa
1446 3029 1605 3088 sententias
1632 3043 1737 3103 magun
1761 3041 1822 3085 cum

155 3106 302 3163 catholica
320 3107 429 3164 Cbristi
448 3111 476 3164 et
494 3109 544 3164 bei
565 3107 656 3165 nostri
679 3107 806 3165 Ecclesia
826 3107 944 3164 tundata
1000 3125 1193 3197 inquisitione
1212 3121 1286 3178 sem
1303 3122 1392 3178 decet,

121 3209 208 3267 super
224 3195 333 3252 firmam
352 3201 471 3268 petram,
489 3201 572 3267 apost
591 3197 612 3253 li
630 3197 765 3253 videlicet
782 3197 858 3254 Petri
873 3210 946 3253 con·
1395 3212 1417 3266 v

121 3281 285 3357 sessionem,
301 3285 369 3342 licei
384 3285 520 3356 plurimis
534 3286 758 3357 tempestatibus·
766 3292 794 3342 ei
808 3286 947 3344 fluctibus
1000 3307 1016 3338 a
1027 3309 1062 3352 gp
1078 3306 1220 3351 pggcoqng
1239 3305 1407 3348 gggggqsgq
1423 3304 1657 3347 gpggquqsgopgq
1671 3304 1725 3346 prro
1739 3302 1824 3345 τευτ-

120 3372 256 3445 agitetur,
282 3373 474 3431 nibilominus
491 3374 678 3432 confirmatur
698 3381 727 3431 et
740 3380 872 3446 augetur.
891 3377 947 3432 Nec
1206 3376 1617 3419 B⁰L⁰⁰L1N00issii81ssplsfl⁰i⁰·

123 3461 229 3519 mirum
248 3462 274 3519 si
292 3462 411 3520 humani
430 3465 544 3535 generis
561 3464 654 3520 bostis
674 3464 799 3519 membra
814 3464 948 3521 Ecclesiae
1186 3465 1386 3530 Fragmentum.
1402 3491 1439 3502 —
1456 3461 1549 3531 (Annio
1562 3457 1639 3530 889.)

124 3557 232 3609 tentare
245 3553 423 3625 aggreditur,
440 3552 490 3624 qui
506 3558 592 3622 caput
610 3552 704 3622 ipsum
725 3552 877 3608 Dominum
894 3567 950 3609 uo-
1038 3555 1095 3610 Nos
1108 3557 1203 3609 autem
1218 3551 1268 3621 qui
1284 3551 1413 3607 omnium
1427 3549 1618 3606 Ecclesiarum
1634 3549 1664 3603 in
1676 3547 1762 3603 beato
1773 3546 1826 3600 Pe-

158 3670 174 3703 ·
194 3660 286 3728 liujus
305 3658 434 3728 epistolae
453 3664 584 3713 contenta
603 3671 752 3714 recensens
773 3658 949 3716 Fiodoardus
1003 3660 1079 3718 suito
1094 3664 1285 3729 presumeret.
1301 3656 1451 3727 Simulque
1463 3662 1491 3712 et
1504 3656 1663 3712 Oiravvuum
1677 3654 1722 3725 (d)
1735 3652 1825 3709 Seno-

123 3730 142 3786 1.
156 3743 195 3798 rv,
206 3730 278 3785 liist.
291 3728 470 3798 libemeusis,
481 3729 536 3785 ista
547 3729 650 3785 scribit
661 3747 667 3783 :
680 3749 693 3780 α
705 3729 867 3799 Stephanus
878 3744 948 3800 papa
1004 3731 1169 3805 galliensem
1185 3729 1350 3799 episcopum
1366 3741 1447 3784 asuo
1460 3726 1547 3783 latere
1559 3727 1702 3782 direxerit
1714 3737 1828 3780 exsecu-

121 3801 158 3856 ad
169 3799 320 3856 Fulconem
331 3798 516 3854 Rbemeusem
529 3799 949 3871 archiepiscopumscribitpro
1004 3810 1103 3859 torem.
1118 3801 1206 3871 Quem
1223 3800 1362 3856 deludens
1380 3799 1554 3855 Aurelianus
1570 3796 1605 3853 ad
1619 3798 1826 3868 Pingonensem

123 3868 280 3925 Teutboldo
306 3868 478 3940 Lingoneusi
503 3869 647 3940 episcopo,
670 3870 838 3941 significans
859 3872 894 3927 ad
920 3886 950 3928 se
1005 3872 1176 3945 praemiserit
1187 3870 1296 3941 urbem,
1310 3870 1497 3940 pollicitusse
1508 3868 1650 3926 citissime
1660 3866 1829 3924 subsecutu-

123 3940 212 4009 buius
232 3940 422 4064 [ἰηξὲηειιείε
437 3938 570 3997 Ecclesiae
587 3940 795 4012 querimoniam
810 3943 950 4011 pervenis
1005 3959 1079 4001 rum.
1095 3944 1157 4014 Quo
1172 3957 1237 3999 curn
1252 3942 1304 3999 diu
1321 3947 1542 4011 exspectaretur,
1560 3952 1610 3996 uec
1627 3940 1690 4010 ipse
1702 3939 1828 3994 advene-

123 4023 163 4080 se,
176 4010 284 4080 qundo
322 4010 680 4082 untelssacmiepiscopo,
696 4013 859 4070 inconsulto
873 4015 950 4071 clero
1006 4017 1055 4086 rit,
1074 4029 1126 4071 nec
1148 4028 1233 4070 more
1259 4028 1318 4069 suae
1337 4026 1449 4068 causam
1476 4013 1662 4081 innotescere,
1685 4008 1730 4065 vel
1752 4021 1829 4079 pupae

126 4085 154 4138 et
167 4079 283 4151 populo,
296 4078 443 4163 Egnilonem
456 4082 496 4152 (b)
511 4084 661 4166 quemdam
674 4083 843 4140 monachum
860 4099 951 4157 nuper
1006 4087 1171 4143 remandare
1193 4085 1363 4156 praeviderit.
1385 4084 1447 4153 Quo
1468 4083 1544 4138 circa
1565 4083 1667 4138 iterato
1689 4080 1788 4136 clerus
1802 4083 1830 4134 et

125 4150 436 4208 deseculovenrentem
447 4153 475 4207 in
485 4166 648 4225 episcopum
659 4155 832 4211 Aurelianus
841 4157 951 4229 Ludgu-
1006 4157 1131 4229 populns
1145 4170 1209 4212 cum
1223 4157 1335 4211 decreto
1350 4168 1434 4210 manu
1444 4155 1572 4210 omnium
1588 4153 1722 4209 roborato
1734 4148 1831 4221 prela

128 4222 225 4305 nensis
244 4223 431 4289 ordinaverit,
447 4224 546 4296 eisque
558 4227 585 4281 vi
603 4225 683 4280 illata
700 4226 888 4296 preposuerit
903 4242 950 4284 no·
965 4265 993 4329 D
1007 4238 1068 4286 tum
1081 4227 1202 4284 electum
1223 4228 1339 4281 Romam
1356 4226 1519 4280 remiserint
1537 4224 1641 4280 obnixe
1657 4223 1778 4279 sibimet
1791 4221 1830 4276 il-

127 4292 263 4377 lentibus,
271 4294 949 4369 quodivinavocationehominumexcedeutem),
1008 4301 1068 4357 lum
1084 4297 1244 4354 consecrari
1261 4303 1407 4367 petentes:
1422 4298 1470 4352 sed
1488 4309 1537 4351 uec
1553 4304 1620 4351 tuuc
1636 4296 1665 4350 id
1682 4307 1768 4364 agere
1780 4306 1832 4348 ao-

126 4379 162 4421 uo
177 4378 207 4421 m
220 4366 346 4435 rdrpsum
369 4365 559 4436 incurrerent,
580 4367 715 4423 concordi
731 4372 795 4423 voto
812 4368 907 4426 clerus
921 4377 949 4426 et
1008 4369 1149 4443 quieverit
1160 4369 1256 4424 volens
1271 4368 1454 4440 Lugduneusi
1464 4367 1598 4423 Ecclesire
1612 4365 1752 4421 collatum
1768 4362 1832 4433 pri-

126 4436 251 4508 populus
264 4436 453 4494 'i'eutboldum
470 4438 565 4508 ipsius
579 4437 713 4494 Ecclesiae
725 4437 878 4494 diaconum
891 4439 951 4496 eli·
1007 4443 1143 4513 vilegium
1155 4438 1360 4495 immutilatum
1372 4439 1543 4495 consistere:
1555 4437 1744 4507 ideoquejam
1754 4436 1831 4492 dicto

127 4514 234 4581 gentes,
253 4507 289 4564 ab
306 4508 369 4579 ipso
385 4522 418 4578 pa
440 4522 455 4564 a
479 4509 596 4564 sibimet
616 4508 645 4562 iu
660 4509 826 4578 episcopum
847 4523 951 4567 conse-
1006 4513 1161 4569 Aureliano
1178 4511 1279 4565 iterato
1304 4510 1464 4566 rescribens
1491 4509 1677 4575 mandaverit,
1704 4514 1738 4562 ut
1763 4505 1831 4577 quia

126 4579 201 4635 erari
216 4580 368 4651 petierint:
384 4594 398 4635 s
446 4579 496 4634 ille
509 4579 738 4650 uuiuscujusque
750 4580 882 4637 Ecclesiae
893 4583 949 4652 pri·
1006 4583 1141 4641 concordi
1161 4585 1225 4637 violo
1240 4581 1335 4638 clerus
1349 4586 1377 4636 et
1392 4582 1517 4652 populus
1530 4579 1713 4651 jamdictum
1728 4577 1832 4633 diaco-

126 4649 263 4721 vilegium
277 4651 479 4707 inconcussum
491 4663 602 4706 servare
612 4650 718 4720 voleus,
731 4651 952 4722 idageredistu·
1007 4670 1070 4711 nem
1087 4652 1244 4724 expetebat,
1260 4659 1311 4707 aut
1326 4653 1420 4722 ipsum
1441 4656 1630 4716 consecraret,
1646 4654 1698 4706 aut
1714 4649 1792 4720 quid
1802 4648 1832 4703 in

128 4719 206 4790 ierit,
220 4734 342 4802 eumque
355 4720 472 4791 praelato
483 4720 639 4778 Aureliano
651 4722 799 4778 direxerit.
816 4724 951 4781 Scribens
1006 4741 1039 4782 eo
1056 4723 1281 4795 reprehensibile
1306 4723 1459 4793 judiearet,
1481 4722 1637 4778 rescribere
1662 4726 1831 4788 maturaret,

104 4826 109 4833 -
127 4791 161 4847 ad
175 4804 250 4854 eum,
263 4796 295 4846 ut
306 4805 331 4846 ει
345 4792 415 4847 cieri
428 4792 584 4862 populique
595 4799 660 4850 vota
675 4793 705 4849 in
720 4807 784 4849 eum
799 4796 951 4852 concorda·
1005 4798 1058 4854 Sed
1078 4798 1103 4853 is
1119 4796 1209 4866 priori
1230 4794 1432 4851 inobedientiae
1452 4794 1661 4851 contumaciam
1678 4791 1832 4862 adjiciens,

127 4867 201 4931 rent,
225 4868 253 4917 et
275 4862 349 4918 sacri
374 4875 495 4918 canones
518 4864 563 4920 iili
589 4877 644 4920 uon
669 4864 816 4920 obviarent
850 4879 952 4924 manus
1007 4883 1062 4926 non
1082 4868 1175 4924 solum
1191 4865 1318 4922 oblatum
1340 4878 1516 4934 consecrare,
1536 4864 1672 4935 seuquid
1690 4864 1722 4919 iu
1737 4875 1835 4919 eore-

129 4932 197 5015 buic
218 4932 363 5018 imponere
384 4947 562 5017 nequaquam
587 4934 724 4991 differret.
746 4907 827 5004 Queri
844 4936 906 4993 fleri
925 4939 950 4994 si
1007 4937 1201 5011 prehensibiie
1211 4937 1355 5006 judicaret
1371 4937 1428 4992 sibi
1446 4936 1601 4993 rescribere
1615 4932 1834 5005 contempserit,

128 5008 203 5059 ratio
214 5005 386 5074 prohiberet,
396 5011 424 5061 et
434 5005 561 5076 idipsum
572 5006 628 5063 sibi
644 5006 822 5076 rescriberet,
836 5007 950 5065 interim
1006 5025 1102 5068 verum
1116 5010 1201 5065 etiam
1210 5015 1309 5064 contra
1321 5008 1473 5064 interdicta
1486 5013 1514 5062 et
1526 5021 1675 5063 sacrorum
1688 5017 1834 5062 canonum

129 5077 222 5131 tamen
237 5074 359 5131 alterum
376 5076 451 5131 inibi
466 5078 601 5134 ordinare
614 5078 693 5134 nullo
707 5078 789 5134 modo
802 5092 833 5134 se
846 5079 953 5136 incon·
1006 5085 1122 5152 statuta,
1137 5081 1287 5167 quemdam
1300 5081 1336 5150 (e)
1353 5085 1530 5146 extraneum,
1546 5083 1575 5134 et
1588 5080 1681 5135 eidem
1698 5075 1835 5204 Ecclesiae

1702 5159 1834 5222 ignoum

159 5216 196 5342 §23
211 5217 287 5266 ¹buno
305 5218 406 5268 circitor
423 5219 477 5267 8811.

1006 5237 1100 5274 nenses
1117 5225 1142 5270 et
1158 5222 1335 5270 Dabononses.

212 5280 338 5339 Robcrto,
354 5280 568 5337 Sammarihauis,
589 5282 715 5341 Vignerio
729 5286 827 5341 nostro,
842 5283 951 5346 aliisque
1049 5285 1070 5347 e)
1086 5284 1161 5335 Circa
1178 5285 1255 5332 finem
1273 5285 1332 5332 anni
1349 5283 1403 5331 888.

129 5342 223 5416 dicitur
238 5342 313 5392 Geilo
328 5356 374 5390 eeu
389 5342 476 5400 Gcrlo,
492 5357 570 5416 quom
584 5345 656 5392 aiunt
671 5344 835 5393 nominarim
848 5344 953 5395 Cbartu-
1048 5346 1240 5408 rr)0i1·nnnum.

127 5404 268 5455 inmodste
288 5404 348 5454 haui
356 5405 520 5453 Divionensrs
530 5419 597 5453 auno
606 5408 632 5455 i.
647 5404 810 5455 Carlomnnni
821 5407 862 5455 dic
874 5408 952 5458 Luuae
1048 5409 1071 5471 e)
1084 5409 1109 5456 ls
1121 5409 1189 5456 hund
1200 5409 1276 5457 dubie
1287 5408 1419 5470 Algrimus
1430 5410 1483 5458 sive
1498 5409 1634 5470 Argrimus
1647 5421 1727 5471 quern
1738 5407 1775 5456 nii
1784 5405 1832 5454 vt-

127 5480 191 5542 ιιιιι.Ι
199 5466 260 5516 Idus
269 5419 355 5516 iulias
367 5481 435 5518 anuo
446 5467 500 5526 8811,
514 5471 539 5515 et
549 5481 610 5519 nuri.
627 5468 682 5527 881,
695 5467 840 5517 interfuisse
853 5471 952 5532 synodo
1008 5471 1112 5533 gueriue
1120 5470 1218 5520 in‘cbr.
1230 5470 1388 5530 Lingonensi
1399 5472 1502 5521 dedisse
1512 5469 1689 5520 Bezuousibus
1697 5469 1835 5524 monacbis

128 5527 295 5580 Cabilouensi
307 5544 343 5580 xv
357 5529 464 5579 Kalend.
476 5530 491 5578 J
495 5543 533 5578 nr.
546 5532 572 5578 et
583 5543 660 5579 xvnr.
675 5530 786 5580 Kalend.
803 5531 870 5582 Febr
883 5532 952 5583 obii·
1007 5532 1174 5597 privilegium
1190 5532 1254 5595 Apr.
1269 5545 1337 5581 nnnc
1353 5534 1408 5583 889.

128 5591 954 5657 nmmeondmtiouemjmbcudendaemonetaeapudiingo
