3876 6090
703 272 884 331 nnnsnnsn
908 272 1178 333 nmmonnncllnn

787 494 1095 691 cusan

235 784 479 968 lllllll
530 782 605 965 ll
660 782 1042 968 lllllllllll
1098 783 1347 968 ollllll
1404 786 1641 986 llllll

897 1054 976 1123 Qum

521 1205 924 1270 CONSTANTINOPOLI
948 1206 1240 1271 CONGREGATA
1262 1210 1351 1273 EST.

798 1467 924 1539 bello
951 1468 1096 1538 Pblblll.

147 1764 198 1818 Ilei
215 1762 375 1833 principale
390 1761 524 1831 verbum,
542 1761 615 1832 quod
648 1761 708 1829 ipsa
724 1759 836 1814 Veritas
863 1750 958 1828 est,A
975 1762 1070 1827 postea
1091 1758 1302 1827 poenituerunt:
1326 1760 1372 1816 sed
1389 1759 1613 1833 etiugienduset
1627 1763 1769 1818 odiendus

111 1852 244 1908 Cbristus
267 1851 402 1907 videlieet
434 1851 561 1906 omnium
588 1856 715 1906 nostrum
742 1849 870 1904 Salvator
890 1852 918 1902 et
973 1848 1107 1904 omnibus
1123 1867 1130 1919 ς
1148 1848 1263 1919 quibus,
1281 1851 1372 1921 quiin
1391 1850 1457 1905 orbe
1470 1857 1565 1906 nostro
1576 1855 1652 1919 sunt,
1671 1852 1728 1920 piis
1742 1858 1768 1906 ei

111 1942 260 2013 Dominus,
292 1941 398 1997 babens
425 1941 561 1995 nimirum
592 1940 789 1996 universorum
822 1952 918 1994 smen-
973 1938 1127 1994 industriis
1142 1939 1225 1995 etiam
1244 1940 1767 2011 magiseiicetnsest,maximeautem

113 2030 205 2087 lorum
223 2032 252 2085 in
282 2045 312 2086 se
342 2031 486 2085 notionem
515 2034 543 2084 et
573 2028 855 2097 circumplexionem,
889 2034 917 2081 et
971 2028 1771 2099 etpraeipuemiserieordissimaprincipalietlieipro-

114 2120 209 2176 omnia
225 2120 319 2175 sciens
334 2124 485 2189 antequam
498 2124 601 2179 essent,
632 2118 783 2173 consulens
812 2120 915 2172 saneim
971 2117 1097 2173 videntia
1109 2124 1212 2173 sanem
1223 2120 1585 2175 Romanorumlieeleslaet
1598 2120 1771 2189 patriarcba-

114 2207 262 2264 eatbolieae
286 2212 314 2263 et
328 2208 492 2278 apostolieae
521 2207 654 2262 Ecclesia
666 2221 735 2276 sum,
758 2206 830 2261 male
855 2220 917 2274 ope
971 2206 1049 2263 libus
1059 2208 1171 2263 tbronis
1183 2208 1399 2278 quiinOriente
1409 2215 1486 2278 sunl,
1508 2207 1688 2265 manifestum
1704 2224 1768 2264 eum

112 2298 238 2354 rantium
268 2298 409 2352 versutias
449 2297 641 2366 praestruam,
683 2296 723 2351 ita
749 2295 850 2350 dicens
886 2295 914 2350 iu
972 2293 1092 2351 iaciente
1108 2310 1157 2366 per
1172 2298 1475 2368 pessimospravosqne
1488 2297 1609 2365 fruetus,
1626 2314 1696 2369 quos
1712 2314 1771 2367 ger-

111 2386 273 2456 Evangeliis
289 2405 295 2439 :
313 2387 453 2440 Amendae
465 2403 482 2439 a
494 2387 574 2453 falsis
585 2386 733 2455 propians.
748 2387 916 2453 quiveniunt
971 2386 1101 2440 minavit.
1117 2387 1189 2441 lline
1204 2387 1464 2458 ergozelatorDens
1475 2387 1653 2443 etultiouum
1669 2389 1771 2443 bomi-

111 2477 149 2530 od
160 2492 206 2530 uos
218 2478 247 2529 in
259 2478 423 2530 vestimentis
435 2478 533 2539 optram,
557 2478 719 2529 iratrinseeus
743 2479 831 2528 uectem
853 2479 917 2527 slent
972 2489 1036 2543 nus,
1054 2475 1103 2545 uiri
1120 2476 1298 2530 adversarios
1314 2490 1381 2531 suos
1396 2482 1425 2530 et
1438 2480 1646 2545 contemptores
1661 2476 1768 2532 auferri

85 2602 90 2613 .
113 2566 172 2635 lupi
192 2581 304 2633 ropnecs
328 2584 337 2618 .·
361 2583 377 2618 u
401 2566 536 2632 praelibas
561 2581 653 2618 cortem.
675 2565 835 2630 eopnoseetis
873 2579 915 2616 cos
971 2564 1217 2635 divinanjnstitia,
1230 2565 1317 2620 veluti
1330 2564 1450 2621 alterum
1464 2565 1553 2620 liliam
1567 2565 1677 2620 Zelolen
1695 2580 1770 2634 repe-

112 2652 206 2726 (moto.
228 2654 300 2724 ru),
326 2668 375 2724 per
399 2669 472 2725 quos
496 2654 628 2709 videlieet
653 2651 802 2708 manifeste
830 2658 916 2708 nota·
971 2654 1059 2716 riens,
1076 2652 1273 2709 beatissimum
1301 2668 1399 2724 papam
1416 2654 1563 2710 Nicolaum
1588 2654 1724 2708 excitarit
1740 2656 1767 2708 in

111 2742 287 2799 vitiormam
304 2743 494 2813 malignitatis
512 2748 540 2799 et
565 2743 723 2812 pravitatis,
753 2756 816 2813 quar
846 2741 915 2797 abs·
969 2743 1770 2813 auxiliumveritatis:qniinSpiriiusanetoetlupipel-

112 2845 197 2887 consa
212 2839 255 2888 est
271 2833 300 2887 in
319 2833 451 2888 interiori
468 2832 584 2887 bomine
600 2850 605 2885 :
624 2831 686 2902 oiri·
697 2832 819 2901 speciem
845 2830 916 2900 qui·
969 2831 1024 2887 lem
1036 2847 1085 2902 per
1098 2846 1131 2888 ea
1145 2848 1208 2904 quse
1224 2833 1350 2903 scripsit,
1367 2832 1598 2902 erebrodirupit,
1616 2838 1643 2886 et
1655 2833 1770 2887 interio

111 2921 174 2978 dem
189 2928 217 2976 et
232 2920 348 2978 turmam
366 2923 481 2992 pietatis
495 2923 699 2990 demonstrant,
713 2921 915 2976 actionesvero
970 2935 1026 2976 rem
1040 2923 1179 2978 insaniam
1191 2926 1218 2977 et
1236 2923 1342 2978 rabiem
1358 2922 1524 2992 publicarit,
1540 2925 1568 2976 et
1584 2921 1672 2990 palam
1693 2922 1772 2976 enbi-

112 3011 223 3070 similes
243 3012 376 3081 pessimis
386 3012 595 3080 aiiretionibus,
608 3025 671 3082 quae
699 3011 775 3066 eirea
788 3010 912 3065 animam
968 3010 1042 3080 buit,
1055 3012 1161 3081 Deique
1176 3025 1342 3072 sermonem.
1355 3012 1404 3081 qui
1420 3014 1462 3067 est
1472 3011 1612 3065 diseretor
1623 3010 1771 3080 cogitatio-

112 3105 188 3173 suni,
212 3107 374 3171 operantur.
391 3103 539 3171 Propterea
556 3115 620 3156 mox
633 3100 734 3155 intulit
752 3117 758 3153 ι
781 3080 953 3167 Nataqutdss
969 3115 1047 3168 uum,
1063 3106 1092 3154 et
1105 3101 1230 3171 gladium
1247 3100 1369 3170 spiritus
1391 3113 1545 3169 opponens,
1571 3098 1721 3153 confestim
1737 3114 1770 3153 ae

113 3193 242 3257 collipunt
253 3191 286 3245 dc
295 3193 383 3260 spinis
392 3207 482 3254 acuero,
495 3195 544 3244 nat
565 3191 598 3244 dc
619 3191 728 3243 tribulis
749 3193 815 3258 fieus
836 3192 850 3242 ?
869 3191 912 3242 lte
967 3189 1064 3244 statim
1080 3189 1208 3245 arborem
1225 3189 1365 3244 radicitus
1380 3189 1538 3258 amputavit
1559 3188 1687 3257 ,quippe
1707 3204 1770 3257 qum

112 3279 912 3347 omnisorborironorruetrcsbonosloeitmalnuutemorlror
967 3291 1057 3349 neque
1072 3272 1142 3333 bene
1157 3278 1282 3348 plantata
1303 3276 1405 3345 iuerat,
1432 3290 1522 3346 neque
1545 3274 1656 3331 fruetus
1680 3276 1770 3331 bonnis

111 3371 384 3437 poctrcsmolospnm
398 3367 557 3439 (liutmun).
567 3368 842 3436 litostendensouod
853 3367 912 3421 im·
965 3368 1116 3423 emiserat:
1129 3374 1214 3437 atque
1226 3373 1375 3436 raptorem,
1388 3373 1415 3421 et
1426 3366 1535 3436 lnpmm,
1547 3370 1768 3436 etgrassatorem

113 3456 250 3529 possibile
260 3459 340 3512 silea
351 3458 544 3527 <primulianus
554 3456 742 3527 suntgeneris
753 3455 780 3510 in
790 3455 911 3510 alterius
964 3457 1135 3524 animarum,
1150 3461 1281 3525 tanquam
1295 3454 1432 3509 latronem
1444 3453 1568 3510 etiurem
1585 3454 1769 3525 interiecit,ot

112 3547 297 3604 transmutari
316 3551 456 3614 naturam,
471 3546 609 3601 continuo
624 3544 910 3613 intulit:Nonpolcst
964 3544 1144 3601 contusionis
1160 3545 1329 3613 sacerdotes,
1347 3544 1395 3614 qui
1413 3557 1477 3598 eum
1498 3557 1530 3599 eo
1545 3548 1635 3614 erant,
1663 3545 1770 3612 pariter·

111 3636 193 3690 orbor
206 3637 274 3688 bono
296 3637 403 3702 nanctus
414 3635 498 3686 mulos
511 3636 609 3701 soemo,
633 3648 718 3701 neque
735 3632 817 3685 uvrbor
836 3634 910 3685 merlo
965 3633 1567 3705 luteremlemaglsautemquemadmodum
1580 3633 1767 3705 alterPetrrm,

111 3728 218 3794 paetus
228 3722 663 3790 lronosfoerre:omrrisorbornon
676 3725 798 3789 puellam
813 3722 910 3775 bonurn
963 3723 1084 3779 alterum
1099 3721 1237 3777 Ananiam
1259 3721 1358 3778 lurtim
1378 3722 1550 3777 auferentem
1562 3723 1771 3791 alienaetspi-

111 3814 215 3881 sumens
227 3811 375 3871 occidetur,
389 3812 554 3877 minionem
564 3812 694 3864 mittetur.
708 3812 803 3879 ltaque
815 3827 833 3864 e
844 3812 911 3878 trec-
965 3811 1036 3868 ritui
1053 3817 1150 3867 saneto
1166 3812 1358 3881 mentientem,
1375 3825 1492 3868 suorum
1514 3812 1654 3866 sententia
1673 3811 1771 3866 verilo-

112 3901 199 3955 etibrm
220 3915 309 3952 corum
324 3901 484 3966 eopnosectis
508 3914 550 3951 eos
569 3897 669 3971 (told).
688 3900 808 3955 Plrotins
821 3900 911 3972 igitur
965 3916 1027 3957 rum
1043 3900 1150 3956 oceidit
1160 3898 1237 3971 (art.
1250 3900 1287 3972 n),
1301 3900 1482 3955 ministrante
1493 3900 1626 3956 videlieet
1641 3906 1669 3955 et
1683 3900 1769 3955 obse-

110 3994 152 4044 est
167 3989 252 4042 etiam
269 3987 445 4058 temporibus
458 3988 565 4043 nostris
578 3989 623 4043 vir
635 3989 813 4059 malignitate
824 4002 855 4043 ae
867 4002 912 4043 ne·
965 3989 1542 4061 quentedivinaevuluntatiatquedeereto,
1553 3989 1660 4044 Cbristi
1675 3990 1768 4043 amico

112 4090 196 4148 quam
212 4090 296 4146 opere
311 4077 424 4147 plenum
442 4077 606 4133 interiorem
629 4078 771 4133 bominem
793 4077 908 4148 babens,
963 4083 992 4135 et
1005 4079 1148 4134 divinitus
1162 4078 1328 4150 gubernato,
1344 4091 1377 4133 ac
1393 4093 1488 4134 seeum
1499 4077 1606 4134 ferente
1626 4093 1726 4133 nomen
1742 4095 1767 4131 c.

112 4166 162 4237 qui
177 4170 291 4235 propter
302 4165 440 4221 ambitum
454 4171 612 4222 clamorem
624 4167 731 4239 gloriae,
749 4171 777 4221 et
788 4170 819 4222 nt
833 4179 911 4221 voea-
964 4168 1070 4223 Basilio
1080 4166 1323 4223 beoamieissimo
1334 4167 1504 4236 imperatore
1515 4171 1622 4236 nostro,
1639 4167 1689 4236 qui
1706 4167 1768 4220 uni-

42 4320 44 4324 ·
112 4257 191 4311 retur
205 4254 306 4326 Rabbi,
322 4254 426 4311 bonum
438 4269 536 4311 seesse
548 4255 679 4327 tingebat,
693 4260 721 4310 et
734 4255 863 4310 babitum
883 4261 910 4310 et
964 4257 1099 4313 versalem
1115 4255 1253 4327 synodum
1267 4268 1451 4328 congregans,
1469 4269 1531 4326 oum
1546 4255 1606 4310 visa
1622 4259 1689 4311 sunt
1708 4256 1769 4323 Spi-

111 4341 351 4413 iormampietatis
361 4342 462 4399 babere
473 4343 635 4399 simulabat.
648 4346 678 4399 lu
689 4343 796 4414 quibus
806 4347 910 4398 ettune
964 4346 1035 4401 ritui
1047 4349 1153 4416 saneto,
1167 4345 1212 4416 pie
1223 4344 1340 4416 peregit,
1352 4344 1501 4414 reprobato
1511 4344 1626 4415 quidem
1637 4348 1665 4398 et
1679 4345 1768 4398 omni·

113 4432 284 4502 imperantes
294 4432 424 4489 traduxit
433 4436 517 4503 atque
526 4432 657 4504 sedunit3
668 4432 909 4501 etperbumanam
924 4410 949 4473 c
965 4435 1057 4491 modis
1071 4435 1180 4503 dejecto
1189 4439 1274 4505 atque
1284 4432 1419 4505 abrogato
1429 4446 1472 4502 eo,
1484 4433 1533 4503 qui
1545 4431 1700 4487 seeundum
1712 4444 1767 4485 an-

112 4521 361 4593 maebinatiouem,
373 4522 516 4593 ctregiam
529 4525 693 4591 potestatem
713 4527 799 4590 atque
818 4526 912 4590 poten·
965 4518 1614 4593 tipbraseostropumnominatusestl‘botiusd,
1622 4518 1765 4574 abdicatis

113 4612 192 4681 tiam,
209 4612 362 4667 Ecclesiam
380 4616 503 4667 nostram
520 4610 657 4678 obtinuit,
674 4609 836 4680 legitimoet
850 4609 912 4665 bea-
965 4618 1059 4670 autem
1070 4611 1153 4668 elbis
1169 4611 1217 4682 qui
1234 4611 1269 4666 ab
1284 4625 1316 4665 eo
1332 4609 1453 4680 promoti
1472 4613 1548 4680 sunt,
1561 4612 1588 4661 et
1600 4606 1628 4660 in
1641 4622 1767 4676 quocun-

113 4701 461 4771 tissimusnmmopastore
471 4698 779 4755 illiusetsanetissimo
792 4699 910 4768 pamiar-
965 4697 1492 4772 quegraduecelesiasticoeousecrati:
1511 4695 1683 4766 quibusdam
1696 4699 1767 4766 orri-

112 4790 164 4845 eba
181 4789 290 4861 Ignatio
307 4790 405 4860 inique
417 4790 526 4859 dejecto
536 4793 621 4858 atque
633 4787 753 4857 expulso
766 4805 772 4840 :
786 4789 832 4843 sed
846 4795 909 4858 post
963 4791 1025 4847 dem
1039 4791 1139 4846 borum
1155 4789 1232 4845 omni
1254 4788 1447 4843 tantummodo
1458 4784 1626 4841 sacerdotali
1637 4786 1766 4858 catalogo

113 4878 377 4950 paululum,etmox
391 4879 511 4951 figurata
527 4891 644 4948 persona
661 4877 909 4949 sublata,etbypo
963 4874 1763 4950 privatis,eoquodredarguerintetreprobaverintetiam

110 4969 181 5025 crisi
196 4969 225 5023 in
236 4969 420 5024 abolitionem
434 4980 577 5036 conversa,
593 4966 734 5021 declarata
749 4971 793 5021 est
808 4981 909 5022 rursus
964 4968 1085 5024 multum
1101 4972 1166 5021 ante
1180 4971 1403 5021 consecratorem
1424 4976 1519 5035 suum,
1537 4979 1623 5033 super
1639 4964 1684 5018 bis
1700 4979 1764 5033 uua

111 5072 145 5114 ex
157 5056 300 5114 fructibus
309 5057 394 5113 arbor
404 5058 490 5113 etiam
500 5057 606 5113 eisdem
619 5056 691 5125 ipsis
702 5055 751 5126 qui
765 5069 910 5125 propemo
964 5056 1040 5112 bunc
1056 5054 1155 5124 inique
1169 5067 1202 5108 ae
1213 5052 1412 5125 irregulariter
1426 5065 1522 5124 gerere
1533 5051 1762 5121 conspiciebant;

112 5146 516 5216 dumimperiumretinebant,
532 5151 561 5200 et
576 5144 737 5199 inconsulte
750 5143 824 5199 bunc
840 5157 910 5213 pro-
964 5144 1136 5217 quibusdam
1151 5147 1245 5198 autem
1263 5154 1319 5197 una
1334 5155 1398 5197 cum
1408 5140 1471 5211 ipso
1486 5141 1627 5199 abdicatis
1638 5139 1763 5197 simulet

113 5250 222 5293 movere
237 5240 456 5307 proposuerunt,
472 5248 504 5289 ae
524 5233 670 5289 inutiliter
687 5239 716 5288 et
732 5231 910 5289 infructuose
963 5229 1220 5301 anathematizatis,
1236 5245 1269 5285 eo
1284 5229 1357 5300 qnod
1375 5234 1528 5287 sectatores
1540 5231 1602 5298 ejus
1616 5234 1645 5283 et
1656 5244 1763 5284 conso-

146 5376 158 5405 ·
170 5361 259 5433 idest,
275 5360 536 5431 pseudopropheta.
965 5358 1024 5414 lius
1034 5355 1274 5428 quibusbosileus,
1286 5355 1314 5410 id
1326 5361 1369 5412 est
1379 5359 1534 5426 imperator,
1548 5354 1637 5410 scribi
1653 5354 1762 5425 dignu-

147 5434 162 5477 b
177 5434 294 5490 bardam
309 5432 445 5488 Cesaram
461 5430 599 5488 fautorem
610 5429 706 5485 Pbotii
721 5429 804 5485 dicit.
965 5429 1066 5486 scitur.

148 5507 268 5562 cseeum
280 5507 383 5572 serente
397 5519 502 5557 nonem.
518 5502 607 5570 Cujus
621 5514 720 5556 nonem
737 5513 800 5555 enm
809 5499 913 5565 disni-
1001 5499 1140 5555 tl‘botius
1155 5511 1277 5569 namque
1291 5501 1462 5555 illuminatus
1476 5497 1690 5567 iuterpretatur.

111 5576 332 5635 tateconcordat
343 5615 349 5630 .
360 5575 489 5646 Denique
503 5574 609 5630 eisdem
625 5585 695 5642 pene
709 5570 828 5642 litteris,
837 5554 913 5628 liasi·
