<?xml version="1.0" encoding="UTF-8"?>
<!DOCTYPE html PUBLIC "-//W3C//DTD XHTML 1.0 Transitional//EN"
    "http://www.w3.org/TR/xhtml1/DTD/xhtml1-transitional.dtd">
<html xmlns="http://www.w3.org/1999/xhtml" xml:lang="en" lang="en">
 <head>
  <title>
</title>
<meta http-equiv="Content-Type" content="text/html;charset=utf-8" />
  <meta name='ocr-system' content='tesseract 3.04.00' />
  <meta name='ocr-capabilities' content='ocr_page ocr_carea ocr_par ocr_line ocrx_word'/>
</head>
<body>
  <div class='ocr_page' id='page_1' title='image "./patrologiaecurs06migngoog_0284.png"; bbox 0 0 3876 6090; ppageno 0'>
   <div class='ocr_carea' id='block_1_1' title="bbox 51 173 1764 303">
    <p class='ocr_par' dir='ltr' id='par_1_1' title="bbox 51 173 1764 303">
     <span class='ocr_line' id='line_1_1' title="bbox 51 173 1764 303; baseline 0.011 -33"><span class='ocrx_word' id='word_1_1' title='bbox 51 209 107 270; x_wconf 75' lang='lat' dir='ltr'><strong>aaa</strong></span> <span class='ocrx_word' id='word_1_2' title='bbox 520 173 524 180; x_wconf 47' lang='lat'><strong><em>¹</em></strong></span> <span class='ocrx_word' id='word_1_3' title='bbox 547 216 800 276; x_wconf 80' lang='grc'>66666666.</span> <span class='ocrx_word' id='word_1_4' title='bbox 825 249 862 260; x_wconf 91' lang='grc'><strong>-</strong></span> <span class='ocrx_word' id='word_1_5' title='bbox 881 223 1059 281; x_wconf 81' lang='grc'>666666</span> <span class='ocrx_word' id='word_1_6' title='bbox 1077 227 1264 287; x_wconf 80' lang='grc'>666666.</span> <span class='ocrx_word' id='word_1_7' title='bbox 1710 241 1764 303; x_wconf 72' lang='lat'><strong>55⁸</strong></span> 
     </span>
    </p>
   </div>
   <div class='ocr_carea' id='block_1_2' title="bbox 52 342 1766 701">
    <p class='ocr_par' dir='ltr' id='par_1_2' title="bbox 52 342 1766 540">
     <span class='ocr_line' id='line_1_2' title="bbox 52 342 1766 434; baseline 0.02 -35"><span class='ocrx_word' id='word_1_8' title='bbox 52 342 266 426; x_wconf 77' lang='lat' dir='ltr'><strong>apocrisiarius</strong></span> <span class='ocrx_word' id='word_1_9' title='bbox 292 344 416 429; x_wconf 77' lang='lat' dir='ltr'><strong>Scripsit</strong></span> <span class='ocrx_word' id='word_1_10' title='bbox 428 345 514 402; x_wconf 86' lang='lat' dir='ltr'><strong>vitam</strong></span> <span class='ocrx_word' id='word_1_11' title='bbox 529 352 631 431; x_wconf 81' lang='lat' dir='ltr'><strong>efacta</strong></span> <span class='ocrx_word' id='word_1_12' title='bbox 647 350 674 434; x_wconf 57' lang='lat' dir='ltr'><strong>S:</strong></span> <span class='ocrx_word' id='word_1_13' title='bbox 689 350 804 434; x_wconf 79' lang='lat' dir='ltr'><strong>ldaxjmi</strong></span> <span class='ocrx_word' id='word_1_14' title='bbox 820 365 884 406; x_wconf 90' lang='lat' dir='ltr'><strong>ma·</strong></span> <span class='ocrx_word' id='word_1_15' title='bbox 896 349 927 409; x_wconf 89' lang='lat' dir='ltr'><strong>A</strong></span> <span class='ocrx_word' id='word_1_16' title='bbox 938 353 1115 415; x_wconf 91' lang='lat' dir='ltr'><strong>Theodosius</strong></span> <span class='ocrx_word' id='word_1_17' title='bbox 1130 365 1158 415; x_wconf 90' lang='lat' dir='ltr'><strong>et</strong></span> <span class='ocrx_word' id='word_1_18' title='bbox 1173 361 1338 420; x_wconf 90' lang='lat' dir='ltr'><strong>Theodorus</strong></span> <span class='ocrx_word' id='word_1_19' title='bbox 1353 363 1455 422; x_wconf 90' lang='lat' dir='ltr'><strong>fratres</strong></span> <span class='ocrx_word' id='word_1_20' title='bbox 1480 372 1610 427; x_wconf 89' lang='lat' dir='ltr'><strong>monaehi</strong></span> <span class='ocrx_word' id='word_1_21' title='bbox 1632 381 1664 430; x_wconf 93' lang='lat' dir='ltr'><strong>ut</strong></span> <span class='ocrx_word' id='word_1_22' title='bbox 1685 381 1766 434; x_wconf 87' lang='lat' dir='ltr'><strong>uotat</strong></span> 
     </span>
     <span class='ocr_line' id='line_1_3' title="bbox 53 417 1764 540; baseline 0.022 -73"><span class='ocrx_word' id='word_1_23' title='bbox 53 417 141 540; x_wconf 31' lang='lat' dir='ltr'><strong>&amp;istri</strong></span> <span class='ocrx_word' id='word_1_24' title='bbox 155 426 225 496; x_wconf 75' lang='lat' dir='ltr'><strong>suia</strong></span> <span class='ocrx_word' id='word_1_25' title='bbox 241 456 247 483; x_wconf 88' lang='lat'><strong>,</strong></span> <span class='ocrx_word' id='word_1_26' title='bbox 261 431 323 486; x_wconf 82' lang='lat' dir='ltr'><strong>quae</strong></span> <span class='ocrx_word' id='word_1_27' title='bbox 335 431 457 472; x_wconf 93' lang='lat' dir='ltr'><strong>maxime</strong></span> <span class='ocrx_word' id='word_1_28' title='bbox 469 425 653 504; x_wconf 86' lang='lat' dir='ltr'><strong>continentur</strong></span> <span class='ocrx_word' id='word_1_29' title='bbox 667 436 696 505; x_wconf 86' lang='lat' dir='ltr'><strong>in</strong></span> <span class='ocrx_word' id='word_1_30' title='bbox 712 423 832 505; x_wconf 72' lang='lat' dir='ltr'><strong>epistola</strong></span> <span class='ocrx_word' id='word_1_31' title='bbox 848 423 882 479; x_wconf 90' lang='lat' dir='ltr'><strong>ad</strong></span> <span class='ocrx_word' id='word_1_32' title='bbox 938 425 1125 487; x_wconf 82' lang='lat' dir='ltr'><strong>combefisius</strong></span> <span class='ocrx_word' id='word_1_33' title='bbox 1147 432 1177 488; x_wconf 93' lang='lat' dir='ltr'><strong>iii</strong></span> <span class='ocrx_word' id='word_1_34' title='bbox 1200 434 1318 497; x_wconf 84' lang='lat' dir='ltr'><strong>monito,</strong></span> <span class='ocrx_word' id='word_1_35' title='bbox 1343 441 1371 490; x_wconf 90' lang='lat' dir='ltr'><strong>et</strong></span> <span class='ocrx_word' id='word_1_36' title='bbox 1391 437 1506 495; x_wconf 83' lang='lat' dir='ltr'><strong>Caveeus</strong></span> <span class='ocrx_word' id='word_1_37' title='bbox 1525 439 1538 481; x_wconf 79' lang='lat' dir='ltr'><strong>b</strong></span> <span class='ocrx_word' id='word_1_38' title='bbox 1555 484 1561 496; x_wconf 92' lang='lat'><strong><em>.</em></strong></span> <span class='ocrx_word' id='word_1_39' title='bbox 1576 441 1665 500; x_wconf 78' lang='lat' dir='ltr'><strong>Aiunt</strong></span> <span class='ocrx_word' id='word_1_40' title='bbox 1678 449 1764 505; x_wconf 90' lang='lat' dir='ltr'><strong>etiam</strong></span> 
     </span>
    </p>

    <p class='ocr_par' dir='ltr' id='par_1_3' title="bbox 54 485 1766 701">
     <span class='ocr_line' id='line_1_4' title="bbox 77 485 1766 584; baseline 0.02 -44"><span class='ocrx_word' id='word_1_41' title='bbox 77 485 247 569; x_wconf 84' lang='lat' dir='ltr'><strong>heodosium</strong></span> <span class='ocrx_word' id='word_1_42' title='bbox 258 487 461 571; x_wconf 69' lang='lat' dir='ltr'><strong>(langrcnsem,</strong></span> <span class='ocrx_word' id='word_1_43' title='bbox 479 503 570 574; x_wconf 38' lang='lat' dir='ltr'><strong>quain·</strong></span> <span class='ocrx_word' id='word_1_44' title='bbox 581 491 663 546; x_wconf 90' lang='lat' dir='ltr'><strong>nobis</strong></span> <span class='ocrx_word' id='word_1_45' title='bbox 680 507 709 576; x_wconf 79' lang='lat' dir='ltr'><strong>iii</strong></span> <span class='ocrx_word' id='word_1_46' title='bbox 722 494 885 581; x_wconf 74' lang='grc'>66666116-</span> <span class='ocrx_word' id='word_1_47' title='bbox 939 498 1084 583; x_wconf 66' lang='lat' dir='ltr'><strong>anastasii</strong></span> <span class='ocrx_word' id='word_1_48' title='bbox 1100 503 1282 573; x_wconf 85' lang='lat' dir='ltr'><strong>apocrisiarii</strong></span> <span class='ocrx_word' id='word_1_49' title='bbox 1296 506 1445 576; x_wconf 90' lang='lat' dir='ltr'><strong>epistolam</strong></span> <span class='ocrx_word' id='word_1_50' title='bbox 1461 515 1675 584; x_wconf 88' lang='lat' dir='ltr'><strong>seseaccepisse</strong></span> <span class='ocrx_word' id='word_1_51' title='bbox 1689 531 1705 572; x_wconf 93' lang='lat' dir='ltr'><strong>a</strong></span> <span class='ocrx_word' id='word_1_52' title='bbox 1719 520 1766 574; x_wconf 84' lang='lat' dir='ltr'><strong>La·</strong></span> 
     </span>
     <span class='ocr_line' id='line_1_5' title="bbox 54 557 1765 701; baseline 0.02 -91"><span class='ocrx_word' id='word_1_53' title='bbox 54 560 166 612; x_wconf 83' lang='lat' dir='ltr'><strong>claneis</strong></span> <span class='ocrx_word' id='word_1_54' title='bbox 178 563 302 613; x_wconf 87' lang='lat' dir='ltr'><strong>servavit</strong></span> <span class='ocrx_word' id='word_1_55' title='bbox 313 557 483 615; x_wconf 76' lang='lat' dir='ltr'><strong>Anastasius</strong></span> <span class='ocrx_word' id='word_1_56' title='bbox 498 561 747 620; x_wconf 81' lang='lat' dir='ltr'><strong>bibliothecarius.</strong></span> <span class='ocrx_word' id='word_1_57' title='bbox 763 568 885 635; x_wconf 67' lang='lat' dir='ltr'><strong>scripsit</strong></span> <span class='ocrx_word' id='word_1_58' title='bbox 939 585 1000 627; x_wconf 87' lang='lat' dir='ltr'><strong>zico</strong></span> <span class='ocrx_word' id='word_1_59' title='bbox 1014 587 1063 642; x_wconf 91' lang='lat' dir='ltr'><strong>per</strong></span> <span class='ocrx_word' id='word_1_60' title='bbox 1073 572 1243 701; x_wconf 51' lang='lat' dir='ltr'><strong>Gregorium</strong></span> <span class='ocrx_word' id='word_1_61' title='bbox 1259 576 1388 633; x_wconf 78' lang='lat' dir='ltr'>abbatem</span> <span class='ocrx_word' id='word_1_62' title='bbox 1407 580 1654 656; x_wconf 85' lang='lat' dir='ltr'><strong>Baiararuensem,</strong></span> <span class='ocrx_word' id='word_1_63' title='bbox 1672 601 1765 645; x_wconf 91' lang='lat' dir='ltr'><strong>meuse</strong></span> 
     </span>
    </p>
   </div>
   <div class='ocr_carea' id='block_1_3' title="bbox 55 627 1766 797">
    <p class='ocr_par' dir='ltr' id='par_1_4' title="bbox 55 627 1766 797">
     <span class='ocr_line' id='line_1_6' title="bbox 56 627 1766 726; baseline 0.019 -44"><span class='ocrx_word' id='word_1_64' title='bbox 56 627 315 712; x_wconf 76' lang='lat' dir='ltr'><strong>porroiiidictioue</strong></span> <span class='ocrx_word' id='word_1_65' title='bbox 341 643 425 701; x_wconf 92' lang='lat' dir='ltr'><strong>noua,</strong></span> <span class='ocrx_word' id='word_1_66' title='bbox 452 631 573 716; x_wconf 85' lang='lat' dir='ltr'><strong>ideoque</strong></span> <span class='ocrx_word' id='word_1_67' title='bbox 597 646 672 691; x_wconf 91' lang='lat' dir='ltr'><strong>auno</strong></span> <span class='ocrx_word' id='word_1_68' title='bbox 700 635 883 720; x_wconf 69' lang='grc'>66661666,</span> <span class='ocrx_word' id='word_1_69' title='bbox 939 645 1079 714; x_wconf 79' lang='lat' dir='ltr'><strong>Augusto,</strong></span> <span class='ocrx_word' id='word_1_70' title='bbox 1094 645 1123 700; x_wconf 93' lang='lat' dir='ltr'><strong>iii</strong></span> <span class='ocrx_word' id='word_1_71' title='bbox 1148 646 1302 719; x_wconf 85' lang='lat' dir='ltr'><strong>ictiouexi,</strong></span> <span class='ocrx_word' id='word_1_72' title='bbox 1317 663 1379 720; x_wconf 84' lang='lat' dir='ltr'><strong>quae</strong></span> <span class='ocrx_word' id='word_1_73' title='bbox 1410 653 1766 726; x_wconf 79' lang='lat' dir='ltr'><strong>raeteriit.lixquoconse</strong></span> 
     </span>
     <span class='ocr_line' id='line_1_7' title="bbox 55 697 1766 797; baseline 0.02 -44"><span class='ocrx_word' id='word_1_74' title='bbox 55 712 111 754; x_wconf 91' lang='lat' dir='ltr'><strong>nou</strong></span> <span class='ocrx_word' id='word_1_75' title='bbox 127 697 193 768; x_wconf 77' lang='grc'>66),</span> <span class='ocrx_word' id='word_1_76' title='bbox 211 704 242 755; x_wconf 93' lang='lat' dir='ltr'><strong>ut</strong></span> <span class='ocrx_word' id='word_1_77' title='bbox 257 706 336 756; x_wconf 91' lang='lat' dir='ltr'><strong>notat</strong></span> <span class='ocrx_word' id='word_1_78' title='bbox 347 701 471 758; x_wconf 82' lang='lat' dir='ltr'><strong>Gavaeus.</strong></span> <span class='ocrx_word' id='word_1_79' title='bbox 488 705 523 758; x_wconf 86' lang='lat' dir='ltr'><strong>Et</strong></span> <span class='ocrx_word' id='word_1_80' title='bbox 532 719 557 759; x_wconf 94' lang='lat' dir='ltr'><strong>si</strong></span> <span class='ocrx_word' id='word_1_81' title='bbox 570 717 636 759; x_wconf 79' lang='lat' dir='ltr'><strong>aero</strong></span> <span class='ocrx_word' id='word_1_82' title='bbox 643 704 747 762; x_wconf 82' lang='lat' dir='ltr'><strong>Graeca</strong></span> <span class='ocrx_word' id='word_1_83' title='bbox 757 707 885 777; x_wconf 86' lang='lat' dir='ltr'><strong>epistolae</strong></span> <span class='ocrx_word' id='word_1_84' title='bbox 940 715 1042 784; x_wconf 88' lang='lat' dir='ltr'><strong>quitur</strong></span> <span class='ocrx_word' id='word_1_85' title='bbox 1054 729 1102 772; x_wconf 91' lang='lat' dir='ltr'><strong>eos</strong></span> <span class='ocrx_word' id='word_1_86' title='bbox 1113 718 1265 788; x_wconf 73' lang='lat' dir='ltr'><strong>scripsisse</strong></span> <span class='ocrx_word' id='word_1_87' title='bbox 1279 734 1354 778; x_wconf 92' lang='lat' dir='ltr'><strong>anno</strong></span> <span class='ocrx_word' id='word_1_88' title='bbox 1368 720 1385 776; x_wconf 88' lang='lat'><strong>6</strong></span> <span class='ocrx_word' id='word_1_89' title='bbox 1423 763 1429 789; x_wconf 87' lang='grc'>,</span> <span class='ocrx_word' id='word_1_90' title='bbox 1445 723 1486 778; x_wconf 83' lang='lat' dir='ltr'><strong>vel</strong></span> <span class='ocrx_word' id='word_1_91' title='bbox 1498 722 1561 797; x_wconf 84' lang='lat'><strong>669,</strong></span> <span class='ocrx_word' id='word_1_92' title='bbox 1580 733 1677 797; x_wconf 91' lang='lat' dir='ltr'><strong>putato</strong></span> <span class='ocrx_word' id='word_1_93' title='bbox 1689 730 1766 786; x_wconf 89' lang='lat' dir='ltr'><strong>scill-</strong></span> 
     </span>
    </p>
   </div>
   <div class='ocr_carea' id='block_1_4' title="bbox 55 773 1769 1086">
    <p class='ocr_par' dir='ltr' id='par_1_5' title="bbox 55 773 1769 1086">
     <span class='ocr_line' id='line_1_8' title="bbox 56 773 1766 869; baseline 0.019 -46"><span class='ocrx_word' id='word_1_94' title='bbox 56 782 111 825; x_wconf 92' lang='lat' dir='ltr'><strong>non</strong></span> <span class='ocrx_word' id='word_1_95' title='bbox 128 776 287 854; x_wconf 78' lang='lat' dir='ltr'><strong>supersint,</strong></span> <span class='ocrx_word' id='word_1_96' title='bbox 298 773 461 856; x_wconf 77' lang='lat' dir='ltr'><strong>testimonia</strong></span> <span class='ocrx_word' id='word_1_97' title='bbox 475 778 566 830; x_wconf 90' lang='lat' dir='ltr'><strong>tamen</strong></span> <span class='ocrx_word' id='word_1_98' title='bbox 575 776 602 830; x_wconf 87' lang='lat' dir='ltr'><strong>S.</strong></span> <span class='ocrx_word' id='word_1_99' title='bbox 615 777 761 848; x_wconf 72' lang='lat' dir='ltr'>Hippolyti</span> <span class='ocrx_word' id='word_1_100' title='bbox 772 792 805 833; x_wconf 90' lang='lat' dir='ltr'><strong>ex</strong></span> <span class='ocrx_word' id='word_1_101' title='bbox 820 777 883 861; x_wconf 84' lang='lat' dir='ltr'><strong>eod.</strong></span> <span class='ocrx_word' id='word_1_102' title='bbox 940 790 985 841; x_wconf 89' lang='lat' dir='ltr'><strong>cet</strong></span> <span class='ocrx_word' id='word_1_103' title='bbox 1000 786 1086 844; x_wconf 91' lang='lat' dir='ltr'><strong>initio</strong></span> <span class='ocrx_word' id='word_1_104' title='bbox 1101 788 1280 862; x_wconf 78' lang='lat' dir='ltr'><strong>indictionis,</strong></span> <span class='ocrx_word' id='word_1_105' title='bbox 1296 794 1554 864; x_wconf 78' lang='lat' dir='ltr'><strong>moreGraecorum,</strong></span> <span class='ocrx_word' id='word_1_106' title='bbox 1570 798 1766 869; x_wconf 85' lang='lat' dir='ltr'><strong>aSeptembri.</strong></span> 
     </span>
     <span class='ocr_line' id='line_1_9' title="bbox 55 841 1767 937; baseline 0.018 -40"><span class='ocrx_word' id='word_1_107' title='bbox 55 841 204 924; x_wconf 76' lang='lat' dir='ltr'><strong>Francisci</strong></span> <span class='ocrx_word' id='word_1_108' title='bbox 231 843 366 899; x_wconf 89' lang='lat' dir='ltr'><strong>Turriani</strong></span> <span class='ocrx_word' id='word_1_109' title='bbox 393 844 527 928; x_wconf 78' lang='lat' dir='ltr'><strong>adiuncta</strong></span> <span class='ocrx_word' id='word_1_110' title='bbox 552 851 619 930; x_wconf 85' lang='lat' dir='ltr'><strong>sunt</strong></span> <span class='ocrx_word' id='word_1_111' title='bbox 644 861 678 903; x_wconf 92' lang='lat' dir='ltr'><strong>ex</strong></span> <span class='ocrx_word' id='word_1_112' title='bbox 704 848 883 932; x_wconf 78' lang='grc' dir='ltr'><strong>Ι66666666.</strong></span> <span class='ocrx_word' id='word_1_113' title='bbox 940 857 1082 914; x_wconf 87' lang='lat' dir='ltr'><strong>Proanno</strong></span> <span class='ocrx_word' id='word_1_114' title='bbox 1097 860 1188 929; x_wconf 83' lang='lat' dir='ltr'><strong>priori</strong></span> <span class='ocrx_word' id='word_1_115' title='bbox 1204 863 1396 937; x_wconf 84' lang='lat' dir='ltr'><strong>statCaraeus,</strong></span> <span class='ocrx_word' id='word_1_116' title='bbox 1414 879 1464 935; x_wconf 94' lang='lat' dir='ltr'><strong>pro</strong></span> <span class='ocrx_word' id='word_1_117' title='bbox 1480 868 1631 937; x_wconf 79' lang='lat' dir='ltr'><strong>posteriori</strong></span> <span class='ocrx_word' id='word_1_118' title='bbox 1653 871 1767 928; x_wconf 75' lang='lat' dir='ltr'><strong>Combe</strong></span> 
     </span>
     <span class='ocr_line' id='line_1_10' title="bbox 56 910 1766 1007; baseline 0.018 -39"><span class='ocrx_word' id='word_1_119' title='bbox 56 910 137 995; x_wconf 75' lang='lat' dir='ltr'><strong>Obiit</strong></span> <span class='ocrx_word' id='word_1_120' title='bbox 163 913 192 968; x_wconf 90' lang='lat' dir='ltr'><strong>S.</strong></span> <span class='ocrx_word' id='word_1_121' title='bbox 224 918 330 984; x_wconf 79' lang='lat' dir='ltr'><strong>martyr</strong></span> <span class='ocrx_word' id='word_1_122' title='bbox 356 914 533 1000; x_wconf 29' lang='lat' dir='ltr'><strong>Anastasius,</strong></span> <span class='ocrx_word' id='word_1_123' title='bbox 557 917 604 972; x_wconf 92' lang='lat' dir='ltr'><strong>die</strong></span> <span class='ocrx_word' id='word_1_124' title='bbox 631 920 790 990; x_wconf 77' lang='lat' dir='ltr'><strong>dominico,</strong></span> <span class='ocrx_word' id='word_1_125' title='bbox 817 920 887 1004; x_wconf 84' lang='lat' dir='ltr'><strong>hora</strong></span> <span class='ocrx_word' id='word_1_126' title='bbox 944 928 1036 984; x_wconf 90' lang='lat' dir='ltr'><strong>fisius.</strong></span> <span class='ocrx_word' id='word_1_127' title='bbox 1062 931 1202 988; x_wconf 88' lang='lat' dir='ltr'><strong>ilabemus</strong></span> <span class='ocrx_word' id='word_1_128' title='bbox 1227 933 1256 989; x_wconf 93' lang='lat' dir='ltr'><strong>iu</strong></span> <span class='ocrx_word' id='word_1_129' title='bbox 1289 949 1322 991; x_wconf 93' lang='lat' dir='ltr'><strong>eo</strong></span> <span class='ocrx_word' id='word_1_130' title='bbox 1345 937 1563 1007; x_wconf 86' lang='lat' dir='ltr'><strong>llypomnestico</strong></span> <span class='ocrx_word' id='word_1_131' title='bbox 1590 942 1766 999; x_wconf 83' lang='lat' dir='ltr'><strong>succinctam</strong></span> 
     </span>
     <span class='ocr_line' id='line_1_11' title="bbox 57 984 1769 1086; baseline 0.019 -48"><span class='ocrx_word' id='word_1_132' title='bbox 57 988 154 1054; x_wconf 91' lang='lat' dir='ltr'><strong>tertia,</strong></span> <span class='ocrx_word' id='word_1_133' title='bbox 170 998 186 1037; x_wconf 84' lang='lat' dir='ltr'><strong>i·</strong></span> <span class='ocrx_word' id='word_1_134' title='bbox 201 984 268 1041; x_wconf 90' lang='lat' dir='ltr'><strong>idus</strong></span> <span class='ocrx_word' id='word_1_135' title='bbox 282 985 441 1056; x_wconf 79' lang='lat' dir='ltr'><strong>octobrias,</strong></span> <span class='ocrx_word' id='word_1_136' title='bbox 451 1001 516 1042; x_wconf 90' lang='lat' dir='ltr'><strong>eum</strong></span> <span class='ocrx_word' id='word_1_137' title='bbox 527 1002 556 1043; x_wconf 95' lang='lat' dir='ltr'><strong>iu</strong></span> <span class='ocrx_word' id='word_1_138' title='bbox 568 995 665 1045; x_wconf 91' lang='lat' dir='ltr'><strong>sancta</strong></span> <span class='ocrx_word' id='word_1_139' title='bbox 678 990 803 1046; x_wconf 88' lang='lat' dir='ltr'><strong>Collecta</strong></span> <span class='ocrx_word' id='word_1_140' title='bbox 812 991 889 1047; x_wconf 88' lang='lat' dir='ltr'><strong>dice·</strong></span> <span class='ocrx_word' id='word_1_141' title='bbox 944 999 1095 1057; x_wconf 85' lang='lat' dir='ltr'><strong>historiam</strong></span> <span class='ocrx_word' id='word_1_142' title='bbox 1107 1005 1251 1073; x_wconf 84' lang='lat' dir='ltr'><strong>passionis</strong></span> <span class='ocrx_word' id='word_1_143' title='bbox 1261 1009 1289 1061; x_wconf 89' lang='lat' dir='ltr'><strong>et</strong></span> <span class='ocrx_word' id='word_1_144' title='bbox 1300 1009 1401 1063; x_wconf 91' lang='lat' dir='ltr'><strong>mortis</strong></span> <span class='ocrx_word' id='word_1_145' title='bbox 1412 1009 1527 1065; x_wconf 84' lang='lat' dir='ltr'><strong>Martini</strong></span> <span class='ocrx_word' id='word_1_146' title='bbox 1540 1024 1627 1083; x_wconf 86' lang='lat' dir='ltr'><strong>papae,</strong></span> <span class='ocrx_word' id='word_1_147' title='bbox 1639 1014 1769 1086; x_wconf 81' lang='lat' dir='ltr'><strong>Maximi,</strong></span> 
     </span>
    </p>
   </div>
   <div class='ocr_carea' id='block_1_5' title="bbox 57 1056 1773 1431">
    <p class='ocr_par' dir='ltr' id='par_1_6' title="bbox 57 1056 1773 1431">
     <span class='ocr_line' id='line_1_12' title="bbox 57 1056 1771 1149; baseline 0.019 -39"><span class='ocrx_word' id='word_1_148' title='bbox 57 1058 148 1127; x_wconf 90' lang='lat' dir='ltr'><strong>retur,</strong></span> <span class='ocrx_word' id='word_1_149' title='bbox 167 1056 889 1146; x_wconf 23' lang='grc'>8666666666,16616116660666166.06166666-</span> <span class='ocrx_word' id='word_1_150' title='bbox 944 1070 1088 1128; x_wconf 84' lang='lat' dir='ltr'><strong>hnastasii</strong></span> <span class='ocrx_word' id='word_1_151' title='bbox 1112 1074 1234 1133; x_wconf 87' lang='lat' dir='ltr'><strong>abbatis.</strong></span> <span class='ocrx_word' id='word_1_152' title='bbox 1261 1077 1407 1134; x_wconf 83' lang='lat' dir='ltr'><strong>Anastasii</strong></span> <span class='ocrx_word' id='word_1_153' title='bbox 1437 1081 1620 1149; x_wconf 90' lang='lat' dir='ltr'><strong>apocrisiarii</strong></span> <span class='ocrx_word' id='word_1_154' title='bbox 1648 1082 1771 1142; x_wconf 87' lang='lat' dir='ltr'><strong>fratrum</strong></span> 
     </span>
     <span class='ocr_line' id='line_1_13' title="bbox 58 1127 1773 1226; baseline 0.018 -45"><span class='ocrx_word' id='word_1_155' title='bbox 58 1131 149 1182; x_wconf 87' lang='lat' dir='ltr'><strong>oteres</strong></span> <span class='ocrx_word' id='word_1_156' title='bbox 162 1127 443 1211; x_wconf 34' lang='lat' dir='ltr'><strong>caduutin&#39;annum</strong></span> <span class='ocrx_word' id='word_1_157' title='bbox 469 1129 577 1185; x_wconf 82' lang='lat' dir='ltr'><strong>Christi</strong></span> <span class='ocrx_word' id='word_1_158' title='bbox 597 1132 661 1214; x_wconf 82' lang='grc'>666,</span> <span class='ocrx_word' id='word_1_159' title='bbox 687 1134 891 1217; x_wconf 65' lang='grc'>666116156-</span> <span class='ocrx_word' id='word_1_160' title='bbox 945 1155 1154 1213; x_wconf 81' lang='lat' dir='ltr'><strong>germanorum.</strong></span> <span class='ocrx_word' id='word_1_161' title='bbox 1181 1149 1267 1205; x_wconf 89' lang='lat' dir='ltr'><strong>Porro</strong></span> <span class='ocrx_word' id='word_1_162' title='bbox 1286 1149 1408 1207; x_wconf 86' lang='lat' dir='ltr'><strong>lacobus</strong></span> <span class='ocrx_word' id='word_1_163' title='bbox 1430 1150 1609 1224; x_wconf 87' lang='lat' dir='ltr'><strong>Sirmondus,</strong></span> <span class='ocrx_word' id='word_1_164' title='bbox 1634 1156 1684 1226; x_wconf 93' lang='lat' dir='ltr'><strong>qui</strong></span> <span class='ocrx_word' id='word_1_165' title='bbox 1715 1156 1773 1226; x_wconf 91' lang='lat' dir='ltr'><strong>pri-</strong></span> 
     </span>
     <span class='ocr_line' id='line_1_14' title="bbox 59 1197 1772 1323; baseline 0.019 -72"><span class='ocrx_word' id='word_1_166' title='bbox 59 1197 447 1323; x_wconf 28' lang='lat' dir='ltr'><strong>ptembrislluehatindicntio</strong></span> <span class='ocrx_word' id='word_1_167' title='bbox 460 1197 502 1270; x_wconf 86' lang='lat' dir='ltr'><strong>fo,</strong></span> <span class='ocrx_word' id='word_1_168' title='bbox 515 1208 542 1284; x_wconf 77' lang='lat' dir='ltr'><strong>ct</strong></span> <span class='ocrx_word' id='word_1_169' title='bbox 555 1205 743 1287; x_wconf 82' lang='lat' dir='ltr'><strong>quintoldus,</strong></span> <span class='ocrx_word' id='word_1_170' title='bbox 756 1219 815 1260; x_wconf 88' lang='lat' dir='ltr'><strong>sire</strong></span> <span class='ocrx_word' id='word_1_171' title='bbox 827 1205 890 1289; x_wconf 84' lang='lat' dir='ltr'><strong>dies</strong></span> <span class='ocrx_word' id='word_1_172' title='bbox 945 1226 1009 1269; x_wconf 93' lang='lat' dir='ltr'><strong>mus</strong></span> <span class='ocrx_word' id='word_1_173' title='bbox 1033 1213 1203 1273; x_wconf 93' lang='lat' dir='ltr'><strong>fasciculum</strong></span> <span class='ocrx_word' id='word_1_174' title='bbox 1227 1220 1303 1276; x_wconf 93' lang='lat' dir='ltr'><strong>hunc</strong></span> <span class='ocrx_word' id='word_1_175' title='bbox 1321 1219 1542 1279; x_wconf 75' lang='lat' dir='ltr'><strong>Anastasianum</strong></span> <span class='ocrx_word' id='word_1_176' title='bbox 1564 1224 1657 1282; x_wconf 84' lang='lat' dir='ltr'><strong>edidit</strong></span> <span class='ocrx_word' id='word_1_177' title='bbox 1687 1228 1772 1298; x_wconf 88' lang='lat' dir='ltr'><strong>eique</strong></span> 
     </span>
     <span class='ocr_line' id='line_1_15' title="bbox 77 1266 1772 1365; baseline 0.02 -42"><span class='ocrx_word' id='word_1_178' title='bbox 77 1266 89 1323; x_wconf 90' lang='lat' dir='ltr'><strong>l</strong></span> <span class='ocrx_word' id='word_1_179' title='bbox 102 1268 242 1325; x_wconf 86' lang='lat' dir='ltr'><strong>Octobris</strong></span> <span class='ocrx_word' id='word_1_180' title='bbox 256 1276 318 1326; x_wconf 89' lang='lat' dir='ltr'><strong>erat</strong></span> <span class='ocrx_word' id='word_1_181' title='bbox 328 1273 488 1354; x_wconf 86' lang='lat' dir='ltr'><strong>Dominica,</strong></span> <span class='ocrx_word' id='word_1_182' title='bbox 498 1287 558 1329; x_wconf 86' lang='lat' dir='ltr'><strong>sive</strong></span> <span class='ocrx_word' id='word_1_183' title='bbox 568 1272 640 1329; x_wconf 91' lang='lat' dir='ltr'><strong>feria</strong></span> <span class='ocrx_word' id='word_1_184' title='bbox 654 1289 755 1345; x_wconf 77' lang='lat' dir='ltr'><strong>prima.</strong></span> <span class='ocrx_word' id='word_1_185' title='bbox 766 1280 799 1331; x_wconf 92' lang='lat' dir='ltr'><strong>ut</strong></span> <span class='ocrx_word' id='word_1_186' title='bbox 807 1281 891 1332; x_wconf 90' lang='lat' dir='ltr'><strong>aiunt</strong></span> <span class='ocrx_word' id='word_1_187' title='bbox 945 1283 1172 1342; x_wconf 77' lang='lat' dir='ltr'><strong>collectaneorum</strong></span> <span class='ocrx_word' id='word_1_188' title='bbox 1180 1289 1299 1346; x_wconf 93' lang='lat' dir='ltr'><strong>titulum</strong></span> <span class='ocrx_word' id='word_1_189' title='bbox 1311 1291 1388 1365; x_wconf 90' lang='lat' dir='ltr'><strong>fecit,</strong></span> <span class='ocrx_word' id='word_1_190' title='bbox 1398 1301 1544 1364; x_wconf 78' lang='lat' dir='ltr'><strong>acceperat</strong></span> <span class='ocrx_word' id='word_1_191' title='bbox 1552 1309 1586 1351; x_wconf 89' lang='lat' dir='ltr'><strong>ex</strong></span> <span class='ocrx_word' id='word_1_192' title='bbox 1597 1268 1772 1356; x_wconf 68' lang='lat' dir='ltr'><strong>bibliotheca</strong></span> 
     </span>
     <span class='ocr_line' id='line_1_16' title="bbox 61 1341 1305 1431; baseline 0.018 -37"><span class='ocrx_word' id='word_1_193' title='bbox 61 1345 194 1396; x_wconf 86' lang='lat' dir='ltr'><strong>auctores</strong></span> <span class='ocrx_word' id='word_1_194' title='bbox 208 1341 431 1411; x_wconf 81' lang='lat' dir='ltr'><strong>Hypomuestici.</strong></span> <span class='ocrx_word' id='word_1_195' title='bbox 945 1355 1080 1414; x_wconf 73' lang='lat' dir='ltr'><strong>Ecclesiae</strong></span> <span class='ocrx_word' id='word_1_196' title='bbox 1094 1360 1305 1431; x_wconf 85' lang='lat' dir='ltr'><strong>Lugdunensis.</strong></span> 
     </span>
    </p>
   </div>
   <div class='ocr_carea' id='block_1_6' title="bbox 95 1465 890 1650">
    <p class='ocr_par' dir='ltr' id='par_1_7' title="bbox 95 1465 890 1650">
     <span class='ocr_line' id='line_1_17' title="bbox 183 1465 766 1541; baseline 0.007 -20"><span class='ocrx_word' id='word_1_197' title='bbox 183 1465 280 1536; x_wconf 76' lang='lat' dir='ltr'><strong>§illl</strong></span> <span class='ocrx_word' id='word_1_198' title='bbox 297 1496 332 1507; x_wconf 90' lang='lat'><strong>—</strong></span> <span class='ocrx_word' id='word_1_199' title='bbox 344 1468 382 1522; x_wconf 85' lang='lat' dir='ltr'><strong>Ile</strong></span> <span class='ocrx_word' id='word_1_200' title='bbox 396 1467 552 1524; x_wconf 67' lang='lat' dir='ltr'><strong>auctoribus</strong></span> <span class='ocrx_word' id='word_1_201' title='bbox 564 1470 766 1541; x_wconf 82' lang='lat' dir='ltr'><strong>lippomiieslici</strong></span> 
     </span>
     <span class='ocr_line' id='line_1_18' title="bbox 95 1573 890 1650; baseline 0.011 -20"><span class='ocrx_word' id='word_1_202' title='bbox 95 1573 188 1645; x_wconf 84' lang='lat' dir='ltr'><strong>liujus</strong></span> <span class='ocrx_word' id='word_1_203' title='bbox 220 1573 353 1645; x_wconf 90' lang='lat' dir='ltr'><strong>opusculi</strong></span> <span class='ocrx_word' id='word_1_204' title='bbox 377 1579 508 1634; x_wconf 88' lang='lat' dir='ltr'><strong>auctores</strong></span> <span class='ocrx_word' id='word_1_205' title='bbox 535 1590 598 1635; x_wconf 90' lang='lat' dir='ltr'><strong>sese</strong></span> <span class='ocrx_word' id='word_1_206' title='bbox 626 1578 716 1650; x_wconf 90' lang='lat' dir='ltr'><strong>palam</strong></span> <span class='ocrx_word' id='word_1_207' title='bbox 735 1578 890 1639; x_wconf 89' lang='lat' dir='ltr'><strong>ostendunt</strong></span> 
     </span>
    </p>
   </div>
   <div class='ocr_carea' id='block_1_7' title="bbox 96 1685 1216 1791">
    <p class='ocr_par' dir='ltr' id='par_1_8' title="bbox 96 1685 1216 1791">
     <span class='ocr_line' id='line_1_19' title="bbox 96 1685 1216 1791; baseline 0.004 -19"><span class='ocrx_word' id='word_1_208' title='bbox 96 1713 359 1774; x_wconf 65' lang='lat' dir='ltr'><strong>tribulabitis</strong></span> <span class='ocrx_word' id='word_1_209' title='bbox 377 1719 505 1791; x_wconf 74' lang='grc'>666,</span> <span class='ocrx_word' id='word_1_210' title='bbox 522 1732 584 1791; x_wconf 72' lang='lat' dir='ltr'><strong>pig.</strong></span> <span class='ocrx_word' id='word_1_211' title='bbox 605 1717 771 1778; x_wconf 80' lang='grc'>66636.</span> <span class='ocrx_word' id='word_1_212' title='bbox 898 1685 926 1748; x_wconf 83' lang='grc' dir='ltr'><strong>Β</strong></span> <span class='ocrx_word' id='word_1_213' title='bbox 973 1721 988 1765; x_wconf 78' lang='lat' dir='ltr'><strong>i</strong></span> <span class='ocrx_word' id='word_1_214' title='bbox 1015 1723 1056 1781; x_wconf 83' lang='lat' dir='ltr'><strong>iu</strong></span> <span class='ocrx_word' id='word_1_215' title='bbox 1071 1736 1137 1781; x_wconf 77' lang='lat' dir='ltr'><strong>ann.</strong></span> <span class='ocrx_word' id='word_1_216' title='bbox 1152 1719 1216 1778; x_wconf 85' lang='lat' dir='ltr'><strong>aee.</strong></span> 
     </span>
    </p>
   </div>
   <div class='ocr_carea' id='block_1_8' title="bbox 71 1903 1760 1940">
    <p class='ocr_par' dir='ltr' id='par_1_9' title="bbox 71 1903 1760 1940">
     <span class='ocr_line' id='line_1_20' title="bbox 71 1903 1760 1940; baseline 0.005 -23"><span class='ocrx_word' id='word_1_217' title='bbox 71 1903 1760 1940; x_wconf 40' lang='lat' dir='ltr'><strong>mmmm-</strong></span> 
     </span>
    </p>
   </div>
   <div class='ocr_carea' id='block_1_9' title="bbox 658 2052 1185 2234">
    <p class='ocr_par' dir='ltr' id='par_1_10' title="bbox 658 2052 1185 2234">
     <span class='ocr_line' id='line_1_21' title="bbox 658 2052 1185 2234; baseline 0.004 -64"><span class='ocrx_word' id='word_1_218' title='bbox 658 2052 1185 2234; x_wconf 79' lang='lat' dir='ltr'><strong>nmasrusrx</strong></span> 
     </span>
    </p>
   </div>
   <div class='ocr_carea' id='block_1_10' title="bbox 430 2289 1427 2369">
    <p class='ocr_par' dir='ltr' id='par_1_11' title="bbox 430 2289 1427 2369">
     <span class='ocr_line' id='line_1_22' title="bbox 430 2289 1427 2369; baseline 0.007 -8"><span class='ocrx_word' id='word_1_219' title='bbox 430 2289 870 2364; x_wconf 78' lang='lat' dir='ltr'>BIBLIOTHECARH</span> <span class='ocrx_word' id='word_1_220' title='bbox 898 2291 1057 2366; x_wconf 77' lang='lat' dir='ltr'><strong>subis</strong></span> <span class='ocrx_word' id='word_1_221' title='bbox 1082 2294 1427 2369; x_wconf 83' lang='lat' dir='ltr'><strong>APOSTOLICAE</strong></span> 
     </span>
    </p>
   </div>
   <div class='ocr_carea' id='block_1_11' title="bbox 539 2500 1305 2652">
    <p class='ocr_par' dir='ltr' id='par_1_12' title="bbox 539 2500 1305 2652">
     <span class='ocr_line' id='line_1_23' title="bbox 539 2500 1305 2652; baseline -0.009 0"><span class='ocrx_word' id='word_1_222' title='bbox 539 2500 1305 2652; x_wconf 83' lang='lat' dir='ltr'><strong>COLLECTANEA</strong></span> 
     </span>
    </p>
   </div>
   <div class='ocr_carea' id='block_1_12' title="bbox 490 2749 1349 3083">
    <p class='ocr_par' dir='ltr' id='par_1_13' title="bbox 490 2749 1349 3083">
     <span class='ocr_line' id='line_1_24' title="bbox 646 2749 1201 2814; baseline -0.004 -3"><span class='ocrx_word' id='word_1_223' title='bbox 646 2749 933 2812; x_wconf 75' lang='grc'>6610661166</span> <span class='ocrx_word' id='word_1_224' title='bbox 957 2749 1201 2814; x_wconf 86' lang='lat' dir='ltr'>DIACONUM.</span> 
     </span>
     <span class='ocr_line' id='line_1_25' title="bbox 490 2880 1349 2955; baseline 0.002 -18"><span class='ocrx_word' id='word_1_225' title='bbox 490 2880 583 2953; x_wconf 80' lang='lat' dir='ltr'><strong>(Apud</strong></span> <span class='ocrx_word' id='word_1_226' title='bbox 599 2881 727 2942; x_wconf 90' lang='lat' dir='ltr'><strong>Gallend.</strong></span> <span class='ocrx_word' id='word_1_227' title='bbox 744 2884 882 2942; x_wconf 89' lang='lat' dir='ltr'><strong>Biblioth.</strong></span> <span class='ocrx_word' id='word_1_228' title='bbox 898 2888 1026 2942; x_wconf 85' lang='lat' dir='ltr'><strong>ueterum</strong></span> <span class='ocrx_word' id='word_1_229' title='bbox 1039 2886 1166 2954; x_wconf 83' lang='lat' dir='ltr'><strong>Petrum,</strong></span> <span class='ocrx_word' id='word_1_230' title='bbox 1181 2882 1349 2955; x_wconf 81' lang='grc'>6611111.)</span> 
     </span>
     <span class='ocr_line' id='line_1_26' title="bbox 571 3007 1277 3083; baseline -0.006 -16"><span class='ocrx_word' id='word_1_231' title='bbox 571 3010 671 3068; x_wconf 85' lang='lat' dir='ltr'><strong>Edidit</strong></span> <span class='ocrx_word' id='word_1_232' title='bbox 684 3012 938 3083; x_wconf 83' lang='lat' dir='ltr'><strong>primumixconus</strong></span> <span class='ocrx_word' id='word_1_233' title='bbox 949 3012 1092 3068; x_wconf 81' lang='lat' dir='ltr'><strong>sinuosus</strong></span> <span class='ocrx_word' id='word_1_234' title='bbox 1109 3024 1183 3067; x_wconf 90' lang='lat' dir='ltr'><strong>anno</strong></span> <span class='ocrx_word' id='word_1_235' title='bbox 1200 3007 1277 3067; x_wconf 70' lang='lat' dir='ltr'><strong>idad.</strong></span> 
     </span>
    </p>
   </div>
   <div class='ocr_carea' id='block_1_13' title="bbox 834 3163 1005 3175">
    <p class='ocr_par' dir='ltr' id='par_1_14' title="bbox 834 3163 1005 3175">
     <span class='ocr_line' id='line_1_27' title="bbox 834 3163 1005 3175; baseline -0.012 0"><span class='ocrx_word' id='word_1_236' title='bbox 834 3163 1005 3175; x_wconf 56' lang='grc' dir='ltr'><strong><em>ψ</em></strong></span> 
     </span>
    </p>
   </div>
   <div class='ocr_carea' id='block_1_14' title="bbox 58 3255 1796 5475">
    <p class='ocr_par' dir='ltr' id='par_1_15' title="bbox 58 3255 1796 5475">
     <span class='ocr_line' id='line_1_28' title="bbox 115 3255 1780 3338; baseline 0.002 -26"><span class='ocrx_word' id='word_1_237' title='bbox 115 3255 290 3316; x_wconf 79' lang='lat' dir='ltr'><strong>ibarissimo</strong></span> <span class='ocrx_word' id='word_1_238' title='bbox 305 3257 373 3317; x_wconf 87' lang='lat' dir='ltr'><strong>frati</strong></span> <span class='ocrx_word' id='word_1_239' title='bbox 389 3261 490 3318; x_wconf 89' lang='lat' dir='ltr'><strong>loanni</strong></span> <span class='ocrx_word' id='word_1_240' title='bbox 504 3262 584 3337; x_wconf 75' lang='lat' dir='ltr'><strong>digni</strong></span> <span class='ocrx_word' id='word_1_241' title='bbox 599 3265 708 3324; x_wconf 85' lang='lat' dir='ltr'><strong>Christi</strong></span> <span class='ocrx_word' id='word_1_242' title='bbox 725 3265 816 3323; x_wconf 74' lang='lat' dir='ltr'><strong>levitae</strong></span> <span class='ocrx_word' id='word_1_243' title='bbox 830 3267 902 3324; x_wconf 82' lang='lat' dir='ltr'><strong>hiia-</strong></span> <span class='ocrx_word' id='word_1_244' title='bbox 915 3266 940 3329; x_wconf 86' lang='lat' dir='ltr'><strong>G</strong></span> <span class='ocrx_word' id='word_1_245' title='bbox 955 3267 1006 3338; x_wconf 91' lang='lat' dir='ltr'><strong>qui</strong></span> <span class='ocrx_word' id='word_1_246' title='bbox 1016 3264 1141 3337; x_wconf 90' lang='lat' dir='ltr'><strong>profecto</strong></span> <span class='ocrx_word' id='word_1_247' title='bbox 1155 3259 1584 3333; x_wconf 85' lang='lat' dir='ltr'><strong>tantalucesapicntiaerutilas,</strong></span> <span class='ocrx_word' id='word_1_248' title='bbox 1594 3264 1649 3317; x_wconf 88' lang='lat' dir='ltr'><strong>uia</strong></span> <span class='ocrx_word' id='word_1_249' title='bbox 1661 3273 1713 3332; x_wconf 89' lang='lat' dir='ltr'><strong>me,</strong></span> <span class='ocrx_word' id='word_1_250' title='bbox 1723 3270 1780 3316; x_wconf 92' lang='lat' dir='ltr'><strong>noii</strong></span> 
     </span>
     <span class='ocr_line' id='line_1_29' title="bbox 91 3347 1780 3428; baseline 0.002 -26"><span class='ocrx_word' id='word_1_251' title='bbox 91 3347 182 3404; x_wconf 80' lang='lat' dir='ltr'><strong>iustus</strong></span> <span class='ocrx_word' id='word_1_252' title='bbox 196 3348 322 3421; x_wconf 76' lang='lat' dir='ltr'><strong>exignus</strong></span> <span class='ocrx_word' id='word_1_253' title='bbox 335 3349 365 3405; x_wconf 95' lang='lat' dir='ltr'><strong>in</strong></span> <span class='ocrx_word' id='word_1_254' title='bbox 377 3352 499 3408; x_wconf 88' lang='lat' dir='ltr'><strong>Domino</strong></span> <span class='ocrx_word' id='word_1_255' title='bbox 511 3353 641 3410; x_wconf 88' lang='lat' dir='ltr'><strong>salutem.</strong></span> <span class='ocrx_word' id='word_1_256' title='bbox 957 3356 1031 3428; x_wconf 93' lang='lat' dir='ltr'><strong>quod</strong></span> <span class='ocrx_word' id='word_1_257' title='bbox 1044 3353 1245 3425; x_wconf 89' lang='lat' dir='ltr'><strong>necessarium,</strong></span> <span class='ocrx_word' id='word_1_258' title='bbox 1254 3353 1301 3409; x_wconf 91' lang='lat' dir='ltr'><strong>sed</strong></span> <span class='ocrx_word' id='word_1_259' title='bbox 1311 3351 1505 3421; x_wconf 78' lang='lat' dir='ltr'><strong>mmeraiium,</strong></span> <span class='ocrx_word' id='word_1_260' title='bbox 1515 3351 1639 3421; x_wconf 86' lang='lat' dir='ltr'><strong>experiri</strong></span> <span class='ocrx_word' id='word_1_261' title='bbox 1651 3361 1780 3420; x_wconf 87' lang='lat' dir='ltr'><strong>saporem</strong></span> 
     </span>
     <span class='ocr_line' id='line_1_30' title="bbox 112 3435 1783 3515; baseline 0 -24"><span class='ocrx_word' id='word_1_262' title='bbox 112 3435 336 3494; x_wconf 81' lang='lat' dir='ltr'><strong>Ecclesiasticam</strong></span> <span class='ocrx_word' id='word_1_263' title='bbox 352 3440 509 3511; x_wconf 68' lang='lat' dir='ltr'><strong>Scriptura)</strong></span> <span class='ocrx_word' id='word_1_264' title='bbox 521 3443 555 3498; x_wconf 91' lang='lat' dir='ltr'><strong>ad</strong></span> <span class='ocrx_word' id='word_1_265' title='bbox 569 3443 722 3502; x_wconf 92' lang='lat' dir='ltr'><strong>multorum</strong></span> <span class='ocrx_word' id='word_1_266' title='bbox 736 3445 903 3502; x_wconf 80' lang='lat' dir='ltr'><strong>instructio</strong></span> <span class='ocrx_word' id='word_1_267' title='bbox 957 3445 1141 3515; x_wconf 89' lang='lat' dir='ltr'><strong>proposuisse</strong></span> <span class='ocrx_word' id='word_1_268' title='bbox 1151 3443 1287 3498; x_wconf 81' lang='lat' dir='ltr'><strong>videaris.</strong></span> <span class='ocrx_word' id='word_1_269' title='bbox 1298 3443 1396 3512; x_wconf 91' lang='lat' dir='ltr'><strong>ltaque</strong></span> <span class='ocrx_word' id='word_1_270' title='bbox 1408 3439 1492 3500; x_wconf 89' lang='lat' dir='ltr'><strong>mihi,</strong></span> <span class='ocrx_word' id='word_1_271' title='bbox 1504 3437 1710 3494; x_wconf 82' lang='lat' dir='ltr'><strong>interveniente</strong></span> <span class='ocrx_word' id='word_1_272' title='bbox 1720 3437 1783 3493; x_wconf 89' lang='lat' dir='ltr'><strong>obe-</strong></span> 
     </span>
     <span class='ocr_line' id='line_1_31' title="bbox 87 3525 1781 3603; baseline 0.002 -24"><span class='ocrx_word' id='word_1_273' title='bbox 87 3533 135 3580; x_wconf 86' lang='lat' dir='ltr'><strong>nem</strong></span> <span class='ocrx_word' id='word_1_274' title='bbox 150 3525 319 3583; x_wconf 88' lang='lat' dir='ltr'><strong>historicam</strong></span> <span class='ocrx_word' id='word_1_275' title='bbox 332 3528 484 3587; x_wconf 79' lang='lat' dir='ltr'><strong>industria</strong></span> <span class='ocrx_word' id='word_1_276' title='bbox 499 3536 555 3588; x_wconf 85' lang='lat' dir='ltr'><strong>tiiae</strong></span> <span class='ocrx_word' id='word_1_277' title='bbox 565 3534 749 3603; x_wconf 87' lang='lat' dir='ltr'><strong>promiseram</strong></span> <span class='ocrx_word' id='word_1_278' title='bbox 760 3548 794 3591; x_wconf 90' lang='lat' dir='ltr'><strong>ex</strong></span> <span class='ocrx_word' id='word_1_279' title='bbox 803 3536 901 3592; x_wconf 77' lang='lat' dir='ltr'><strong>Graeco</strong></span> <span class='ocrx_word' id='word_1_280' title='bbox 956 3534 1077 3603; x_wconf 88' lang='lat' dir='ltr'><strong>dientia,</strong></span> <span class='ocrx_word' id='word_1_281' title='bbox 1089 3538 1149 3588; x_wconf 89' lang='lat' dir='ltr'><strong>sata</strong></span> <span class='ocrx_word' id='word_1_282' title='bbox 1170 3531 1205 3586; x_wconf 92' lang='lat' dir='ltr'><strong>ab</strong></span> <span class='ocrx_word' id='word_1_283' title='bbox 1220 3530 1289 3586; x_wconf 93' lang='lat' dir='ltr'><strong>aliis</strong></span> <span class='ocrx_word' id='word_1_284' title='bbox 1304 3530 1412 3587; x_wconf 90' lang='lat' dir='ltr'><strong>rustica</strong></span> <span class='ocrx_word' id='word_1_285' title='bbox 1437 3527 1508 3584; x_wconf 90' lang='lat' dir='ltr'><strong>falce</strong></span> <span class='ocrx_word' id='word_1_286' title='bbox 1531 3526 1680 3598; x_wconf 72' lang='lat' dir='ltr'><strong>collegisse</strong></span> <span class='ocrx_word' id='word_1_287' title='bbox 1705 3526 1781 3582; x_wconf 88' lang='lat' dir='ltr'><strong>etad</strong></span> 
     </span>
     <span class='ocr_line' id='line_1_32' title="bbox 86 3613 1781 3690; baseline 0 -21"><span class='ocrx_word' id='word_1_288' title='bbox 86 3615 183 3672; x_wconf 88' lang='lat' dir='ltr'><strong>netibi</strong></span> <span class='ocrx_word' id='word_1_289' title='bbox 198 3629 330 3675; x_wconf 90' lang='lat' dir='ltr'><strong>sermone</strong></span> <span class='ocrx_word' id='word_1_290' title='bbox 342 3620 469 3690; x_wconf 78' lang='lat' dir='ltr'><strong>quadam</strong></span> <span class='ocrx_word' id='word_1_291' title='bbox 492 3621 521 3677; x_wconf 91' lang='lat' dir='ltr'><strong>in</strong></span> <span class='ocrx_word' id='word_1_292' title='bbox 537 3622 669 3679; x_wconf 88' lang='lat' dir='ltr'><strong>Latinum</strong></span> <span class='ocrx_word' id='word_1_293' title='bbox 685 3628 833 3681; x_wconf 85' lang='lat' dir='ltr'><strong>recturum</strong></span> <span class='ocrx_word' id='word_1_294' title='bbox 847 3624 903 3679; x_wconf 90' lang='lat' dir='ltr'><strong>elo·</strong></span> <span class='ocrx_word' id='word_1_295' title='bbox 957 3636 1050 3678; x_wconf 92' lang='lat' dir='ltr'><strong>aream</strong></span> <span class='ocrx_word' id='word_1_296' title='bbox 1062 3621 1219 3677; x_wconf 87' lang='lat' dir='ltr'><strong>latinitatis</strong></span> <span class='ocrx_word' id='word_1_297' title='bbox 1230 3619 1306 3675; x_wconf 88' lang='lat' dir='ltr'><strong>fldcli</strong></span> <span class='ocrx_word' id='word_1_298' title='bbox 1322 3620 1440 3675; x_wconf 91' lang='lat' dir='ltr'><strong>humero</strong></span> <span class='ocrx_word' id='word_1_299' title='bbox 1448 3616 1638 3673; x_wconf 87' lang='lat' dir='ltr'><strong>transvexisse</strong></span> <span class='ocrx_word' id='word_1_300' title='bbox 1649 3613 1781 3682; x_wconf 85' lang='lat' dir='ltr'><strong>subiciat,</strong></span> 
     </span>
     <span class='ocr_line' id='line_1_33' title="bbox 82 3704 1782 3783; baseline 0 -24"><span class='ocrx_word' id='word_1_301' title='bbox 82 3704 185 3772; x_wconf 85' lang='lat' dir='ltr'><strong>quium.</strong></span> <span class='ocrx_word' id='word_1_302' title='bbox 216 3706 337 3764; x_wconf 84' lang='lat' dir='ltr'><strong>Dixeras</strong></span> <span class='ocrx_word' id='word_1_303' title='bbox 354 3708 430 3764; x_wconf 92' lang='lat' dir='ltr'><strong>enim</strong></span> <span class='ocrx_word' id='word_1_304' title='bbox 451 3714 488 3781; x_wconf 92' lang='lat' dir='ltr'><strong>et,</strong></span> <span class='ocrx_word' id='word_1_305' title='bbox 506 3724 616 3768; x_wconf 88' lang='lat' dir='ltr'><strong>summa</strong></span> <span class='ocrx_word' id='word_1_306' title='bbox 631 3712 757 3769; x_wconf 85' lang='lat' dir='ltr'><strong>veritate</strong></span> <span class='ocrx_word' id='word_1_307' title='bbox 772 3714 901 3783; x_wconf 89' lang='lat' dir='ltr'><strong>docente,</strong></span> <span class='ocrx_word' id='word_1_308' title='bbox 958 3711 1000 3766; x_wconf 93' lang='lat' dir='ltr'><strong>nil</strong></span> <span class='ocrx_word' id='word_1_309' title='bbox 1015 3711 1149 3767; x_wconf 85' lang='lat' dir='ltr'><strong>videlicet</strong></span> <span class='ocrx_word' id='word_1_310' title='bbox 1161 3709 1277 3767; x_wconf 92' lang='lat' dir='ltr'><strong>addenti</strong></span> <span class='ocrx_word' id='word_1_311' title='bbox 1291 3707 1333 3765; x_wconf 88' lang='lat' dir='ltr'><strong>rel</strong></span> <span class='ocrx_word' id='word_1_312' title='bbox 1346 3705 1497 3763; x_wconf 90' lang='lat' dir='ltr'><strong>minuenti.</strong></span> <span class='ocrx_word' id='word_1_313' title='bbox 1509 3706 1601 3762; x_wconf 83' lang='lat' dir='ltr'><strong>Tuum</strong></span> <span class='ocrx_word' id='word_1_314' title='bbox 1612 3704 1782 3773; x_wconf 87' lang='lat' dir='ltr'><strong>autemerlt,</strong></span> 
     </span>
     <span class='ocr_line' id='line_1_34' title="bbox 81 3790 1783 3873; baseline -0.002 -24"><span class='ocrx_word' id='word_1_315' title='bbox 81 3792 261 3857; x_wconf 82' lang='lat' dir='ltr'><strong>perhibueras</strong></span> <span class='ocrx_word' id='word_1_316' title='bbox 272 3796 496 3854; x_wconf 88' lang='lat' dir='ltr'><strong>ecelesiasticam</strong></span> <span class='ocrx_word' id='word_1_317' title='bbox 519 3804 546 3854; x_wconf 93' lang='lat' dir='ltr'><strong>te</strong></span> <span class='ocrx_word' id='word_1_318' title='bbox 570 3801 661 3856; x_wconf 92' lang='lat' dir='ltr'><strong>ordiri</strong></span> <span class='ocrx_word' id='word_1_319' title='bbox 688 3815 743 3858; x_wconf 92' lang='lat' dir='ltr'><strong>non</strong></span> <span class='ocrx_word' id='word_1_320' title='bbox 767 3815 849 3873; x_wconf 92' lang='lat' dir='ltr'><strong>posse</strong></span> <span class='ocrx_word' id='word_1_321' title='bbox 865 3800 904 3857; x_wconf 90' lang='grc'><strong>6-</strong></span> <span class='ocrx_word' id='word_1_322' title='bbox 958 3799 1079 3869; x_wconf 85' lang='lat' dir='ltr'><strong>adjectis</strong></span> <span class='ocrx_word' id='word_1_323' title='bbox 1091 3798 1253 3870; x_wconf 90' lang='lat' dir='ltr'><strong>sententiis,</strong></span> <span class='ocrx_word' id='word_1_324' title='bbox 1272 3795 1361 3854; x_wconf 85' lang='lat' dir='ltr'><strong>veluti</strong></span> <span class='ocrx_word' id='word_1_325' title='bbox 1374 3796 1497 3868; x_wconf 90' lang='lat' dir='ltr'><strong>quodam</strong></span> <span class='ocrx_word' id='word_1_326' title='bbox 1508 3790 1783 3863; x_wconf 82' lang='lat' dir='ltr'><strong>ventilabrojuuicll</strong></span> 
     </span>
     <span class='ocr_line' id='line_1_35' title="bbox 75 3878 1785 3962; baseline 0 -26"><span class='ocrx_word' id='word_1_327' title='bbox 75 3878 171 3940; x_wconf 85' lang='lat' dir='ltr'><strong>denter</strong></span> <span class='ocrx_word' id='word_1_328' title='bbox 186 3883 352 3957; x_wconf 86' lang='lat' dir='ltr'><strong>historiam,</strong></span> <span class='ocrx_word' id='word_1_329' title='bbox 368 3886 425 3942; x_wconf 93' lang='lat' dir='ltr'><strong>uisi</strong></span> <span class='ocrx_word' id='word_1_330' title='bbox 444 3888 598 3959; x_wconf 90' lang='lat' dir='ltr'><strong>utriusque</strong></span> <span class='ocrx_word' id='word_1_331' title='bbox 609 3889 905 3962; x_wconf 72' lang='lat' dir='ltr'><strong>linguaeqnaidamre</strong></span> <span class='ocrx_word' id='word_1_332' title='bbox 960 3887 1175 3957; x_wconf 83' lang='lat' dir='ltr'><strong>opushistorim</strong></span> <span class='ocrx_word' id='word_1_333' title='bbox 1190 3887 1322 3957; x_wconf 88' lang='lat' dir='ltr'><strong>dilatare,</strong></span> <span class='ocrx_word' id='word_1_334' title='bbox 1339 3891 1367 3941; x_wconf 86' lang='lat' dir='ltr'><strong>et</strong></span> <span class='ocrx_word' id='word_1_335' title='bbox 1392 3884 1474 3941; x_wconf 86' lang='lat' dir='ltr'><strong>verba</strong></span> <span class='ocrx_word' id='word_1_336' title='bbox 1499 3887 1606 3945; x_wconf 80' lang='lat' dir='ltr'><strong>nostra,</strong></span> <span class='ocrx_word' id='word_1_337' title='bbox 1629 3895 1693 3952; x_wconf 85' lang='lat' dir='ltr'><strong>quae</strong></span> <span class='ocrx_word' id='word_1_338' title='bbox 1708 3881 1738 3936; x_wconf 93' lang='lat' dir='ltr'><strong>iii</strong></span> <span class='ocrx_word' id='word_1_339' title='bbox 1752 3892 1785 3936; x_wconf 92' lang='grc'><strong>66</strong></span> 
     </span>
     <span class='ocr_line' id='line_1_36' title="bbox 75 3970 1787 4047; baseline -0.001 -21"><span class='ocrx_word' id='word_1_340' title='bbox 75 3977 136 4026; x_wconf 76' lang='lat' dir='ltr'><strong>tum</strong></span> <span class='ocrx_word' id='word_1_341' title='bbox 150 3978 297 4044; x_wconf 77' lang='lat' dir='ltr'><strong>gestarum</strong></span> <span class='ocrx_word' id='word_1_342' title='bbox 311 3975 475 4046; x_wconf 90' lang='lat' dir='ltr'><strong>conscripta</strong></span> <span class='ocrx_word' id='word_1_343' title='bbox 499 3976 588 4033; x_wconf 92' lang='lat' dir='ltr'><strong>series</strong></span> <span class='ocrx_word' id='word_1_344' title='bbox 611 3979 645 4033; x_wconf 92' lang='lat' dir='ltr'><strong>ad</strong></span> <span class='ocrx_word' id='word_1_345' title='bbox 669 3982 746 4034; x_wconf 90' lang='lat' dir='ltr'><strong>tuam</strong></span> <span class='ocrx_word' id='word_1_346' title='bbox 772 3978 905 4034; x_wconf 89' lang='lat' dir='ltr'><strong>notitiam</strong></span> <span class='ocrx_word' id='word_1_347' title='bbox 962 3976 1111 4032; x_wconf 88' lang='lat' dir='ltr'><strong>inserenda</strong></span> <span class='ocrx_word' id='word_1_348' title='bbox 1125 3975 1294 4047; x_wconf 86' lang='lat' dir='ltr'><strong>decreveris,</strong></span> <span class='ocrx_word' id='word_1_349' title='bbox 1310 3974 1393 4045; x_wconf 91' lang='lat' dir='ltr'><strong>quasi</strong></span> <span class='ocrx_word' id='word_1_350' title='bbox 1409 3973 1538 4044; x_wconf 88' lang='lat' dir='ltr'><strong>quaedam</strong></span> <span class='ocrx_word' id='word_1_351' title='bbox 1554 3970 1697 4028; x_wconf 90' lang='lat' dir='ltr'><strong>frumenta</strong></span> <span class='ocrx_word' id='word_1_352' title='bbox 1714 3983 1787 4040; x_wconf 91' lang='lat' dir='ltr'><strong>pur-</strong></span> 
     </span>
     <span class='ocr_line' id='line_1_37' title="bbox 70 4058 1785 4138; baseline -0.001 -23"><span class='ocrx_word' id='word_1_353' title='bbox 70 4058 244 4118; x_wconf 84' lang='lat' dir='ltr'><strong>deienisset.</strong></span> <span class='ocrx_word' id='word_1_354' title='bbox 273 4060 462 4135; x_wconf 85' lang='lat' dir='ltr'><strong>Quapropter,</strong></span> <span class='ocrx_word' id='word_1_355' title='bbox 491 4067 541 4136; x_wconf 93' lang='lat' dir='ltr'><strong>qui</strong></span> <span class='ocrx_word' id='word_1_356' title='bbox 571 4071 657 4123; x_wconf 71' lang='lat' dir='ltr'><strong>tantae</strong></span> <span class='ocrx_word' id='word_1_357' title='bbox 686 4080 729 4123; x_wconf 92' lang='lat' dir='ltr'><strong>me</strong></span> <span class='ocrx_word' id='word_1_358' title='bbox 753 4066 905 4138; x_wconf 72' lang='lat' dir='ltr'><strong>imperitia</strong></span> <span class='ocrx_word' id='word_1_359' title='bbox 961 4080 1035 4136; x_wconf 82' lang='lat' dir='ltr'><strong>gare.</strong></span> <span class='ocrx_word' id='word_1_360' title='bbox 1050 4067 1153 4121; x_wconf 85' lang='lat' dir='ltr'><strong>Verum</strong></span> <span class='ocrx_word' id='word_1_361' title='bbox 1182 4079 1233 4120; x_wconf 92' lang='lat' dir='ltr'><strong>iios</strong></span> <span class='ocrx_word' id='word_1_362' title='bbox 1256 4063 1299 4120; x_wconf 90' lang='lat' dir='ltr'><strong>sic</strong></span> <span class='ocrx_word' id='word_1_363' title='bbox 1317 4069 1345 4119; x_wconf 87' lang='lat' dir='ltr'><strong>et</strong></span> <span class='ocrx_word' id='word_1_364' title='bbox 1360 4063 1419 4118; x_wconf 80' lang='lat' dir='ltr'><strong>hac</strong></span> <span class='ocrx_word' id='word_1_365' title='bbox 1441 4066 1470 4118; x_wconf 88' lang='lat' dir='ltr'><strong>et</strong></span> <span class='ocrx_word' id='word_1_366' title='bbox 1494 4060 1552 4117; x_wconf 87' lang='lat' dir='ltr'><strong>alia</strong></span> <span class='ocrx_word' id='word_1_367' title='bbox 1579 4058 1785 4133; x_wconf 87' lang='lat' dir='ltr'><strong>interpretandi</strong></span> 
     </span>
     <span class='ocr_line' id='line_1_38' title="bbox 70 4147 1786 4228; baseline -0.002 -22"><span class='ocrx_word' id='word_1_368' title='bbox 70 4156 245 4223; x_wconf 69' lang='lat' dir='ltr'><strong>toeoqnosco</strong></span> <span class='ocrx_word' id='word_1_369' title='bbox 259 4155 291 4208; x_wconf 92' lang='lat' dir='ltr'><strong>ut</strong></span> <span class='ocrx_word' id='word_1_370' title='bbox 307 4166 357 4208; x_wconf 91' lang='lat' dir='ltr'><strong>uec</strong></span> <span class='ocrx_word' id='word_1_371' title='bbox 371 4153 465 4224; x_wconf 90' lang='lat' dir='ltr'><strong>ipsius</strong></span> <span class='ocrx_word' id='word_1_372' title='bbox 478 4154 585 4228; x_wconf 73' lang='lat' dir='ltr'><strong>lingue</strong></span> <span class='ocrx_word' id='word_1_373' title='bbox 607 4169 675 4212; x_wconf 79' lang='lat' dir='ltr'><strong>meae</strong></span> <span class='ocrx_word' id='word_1_374' title='bbox 696 4156 726 4211; x_wconf 93' lang='lat' dir='ltr'><strong>in</strong></span> <span class='ocrx_word' id='word_1_375' title='bbox 744 4169 799 4228; x_wconf 90' lang='lat' dir='ltr'><strong>qua</strong></span> <span class='ocrx_word' id='word_1_376' title='bbox 820 4160 905 4212; x_wconf 88' lang='lat' dir='ltr'><strong>natus</strong></span> <span class='ocrx_word' id='word_1_377' title='bbox 961 4154 1140 4227; x_wconf 91' lang='lat' dir='ltr'><strong>propositum</strong></span> <span class='ocrx_word' id='word_1_378' title='bbox 1156 4153 1344 4224; x_wconf 90' lang='lat' dir='ltr'><strong>sumpsimus,</strong></span> <span class='ocrx_word' id='word_1_379' title='bbox 1368 4156 1399 4208; x_wconf 93' lang='lat' dir='ltr'><strong>ut</strong></span> <span class='ocrx_word' id='word_1_380' title='bbox 1423 4164 1473 4206; x_wconf 90' lang='lat' dir='ltr'><strong>nee</strong></span> <span class='ocrx_word' id='word_1_381' title='bbox 1493 4149 1529 4205; x_wconf 91' lang='grc'><strong>66</strong></span> <span class='ocrx_word' id='word_1_382' title='bbox 1552 4151 1613 4220; x_wconf 90' lang='lat' dir='ltr'><strong>ipsa</strong></span> <span class='ocrx_word' id='word_1_383' title='bbox 1637 4147 1786 4205; x_wconf 82' lang='lat' dir='ltr'><strong>verborum</strong></span> 
     </span>
     <span class='ocr_line' id='line_1_39' title="bbox 67 4238 1785 4316; baseline -0.001 -22"><span class='ocrx_word' id='word_1_384' title='bbox 67 4249 149 4312; x_wconf 71' lang='lat' dir='ltr'><strong>eum,</strong></span> <span class='ocrx_word' id='word_1_385' title='bbox 164 4252 199 4296; x_wconf 91' lang='lat' dir='ltr'><strong>ue</strong></span> <span class='ocrx_word' id='word_1_386' title='bbox 213 4239 339 4298; x_wconf 86' lang='lat' dir='ltr'><strong>dixerim</strong></span> <span class='ocrx_word' id='word_1_387' title='bbox 351 4242 464 4312; x_wconf 86' lang='lat' dir='ltr'><strong>alienae,</strong></span> <span class='ocrx_word' id='word_1_388' title='bbox 473 4244 529 4300; x_wconf 85' lang='lat' dir='ltr'><strong>vini</strong></span> <span class='ocrx_word' id='word_1_389' title='bbox 547 4249 694 4315; x_wconf 89' lang='lat' dir='ltr'><strong>penetrare</strong></span> <span class='ocrx_word' id='word_1_390' title='bbox 706 4243 859 4312; x_wconf 85' lang='lat' dir='ltr'><strong>sufficiam,</strong></span> <span class='ocrx_word' id='word_1_391' title='bbox 873 4257 906 4301; x_wconf 92' lang='lat' dir='ltr'><strong>ac</strong></span> <span class='ocrx_word' id='word_1_392' title='bbox 962 4256 1168 4316; x_wconf 86' lang='lat' dir='ltr'><strong>usquequaque</strong></span> <span class='ocrx_word' id='word_1_393' title='bbox 1190 4239 1409 4297; x_wconf 90' lang='lat' dir='ltr'><strong>circumstantia</strong></span> <span class='ocrx_word' id='word_1_394' title='bbox 1430 4238 1598 4295; x_wconf 85' lang='lat' dir='ltr'><strong>discessisse</strong></span> <span class='ocrx_word' id='word_1_395' title='bbox 1625 4249 1785 4305; x_wconf 91' lang='lat' dir='ltr'><strong>noscamur,</strong></span> 
     </span>
     <span class='ocr_line' id='line_1_40' title="bbox 66 4327 1783 4406; baseline -0.002 -22"><span class='ocrx_word' id='word_1_396' title='bbox 66 4336 123 4395; x_wconf 73' lang='lat' dir='ltr'><strong>pei·</strong></span> <span class='ocrx_word' id='word_1_397' title='bbox 139 4327 355 4402; x_wconf 92' lang='lat' dir='ltr'><strong>hocnunquam</strong></span> <span class='ocrx_word' id='word_1_398' title='bbox 379 4331 586 4404; x_wconf 88' lang='lat' dir='ltr'><strong>interpretandi</strong></span> <span class='ocrx_word' id='word_1_399' title='bbox 607 4347 777 4406; x_wconf 87' lang='lat' dir='ltr'><strong>quacunque</strong></span> <span class='ocrx_word' id='word_1_400' title='bbox 796 4334 907 4391; x_wconf 89' lang='lat' dir='ltr'><strong>ratione</strong></span> <span class='ocrx_word' id='word_1_401' title='bbox 962 4347 1013 4389; x_wconf 91' lang='lat' dir='ltr'><strong>nee</strong></span> <span class='ocrx_word' id='word_1_402' title='bbox 1024 4346 1075 4404; x_wconf 95' lang='lat' dir='ltr'><strong>pro</strong></span> <span class='ocrx_word' id='word_1_403' title='bbox 1090 4345 1173 4403; x_wconf 91' lang='lat' dir='ltr'><strong>posse</strong></span> <span class='ocrx_word' id='word_1_404' title='bbox 1187 4344 1203 4387; x_wconf 89' lang='lat' dir='ltr'><strong>a</strong></span> <span class='ocrx_word' id='word_1_405' title='bbox 1216 4344 1318 4387; x_wconf 91' lang='lat' dir='ltr'><strong>sensus</strong></span> <span class='ocrx_word' id='word_1_406' title='bbox 1331 4327 1604 4386; x_wconf 88' lang='lat' dir='ltr'><strong>veritatedecidisse</strong></span> <span class='ocrx_word' id='word_1_407' title='bbox 1621 4327 1783 4383; x_wconf 87' lang='lat' dir='ltr'><strong>videamur.</strong></span> 
     </span>
     <span class='ocr_line' id='line_1_41' title="bbox 64 4417 1789 4494; baseline -0.001 -22"><span class='ocrx_word' id='word_1_408' title='bbox 64 4419 351 4491; x_wconf 73' lang='lat' dir='ltr'><strong>conamenarripere</strong></span> <span class='ocrx_word' id='word_1_409' title='bbox 362 4423 621 4494; x_wconf 81' lang='lat' dir='ltr'><strong>praesumpsissem,</strong></span> <span class='ocrx_word' id='word_1_410' title='bbox 632 4423 814 4480; x_wconf 89' lang='lat' dir='ltr'><strong>consentiens</strong></span> <span class='ocrx_word' id='word_1_411' title='bbox 825 4437 841 4479; x_wconf 94' lang='lat' dir='ltr'><strong>a</strong></span> <span class='ocrx_word' id='word_1_412' title='bbox 853 4437 909 4480; x_wconf 91' lang='lat' dir='ltr'><strong>ma·</strong></span> <span class='ocrx_word' id='word_1_413' title='bbox 961 4427 1050 4481; x_wconf 86' lang='lat' dir='ltr'><strong>Porro</strong></span> <span class='ocrx_word' id='word_1_414' title='bbox 1066 4421 1288 4479; x_wconf 80' lang='lat' dir='ltr'><strong>novissimorum</strong></span> <span class='ocrx_word' id='word_1_415' title='bbox 1303 4425 1460 4490; x_wconf 89' lang='lat' dir='ltr'><strong>temporum</strong></span> <span class='ocrx_word' id='word_1_416' title='bbox 1470 4417 1566 4474; x_wconf 81' lang='lat' dir='ltr'><strong>brevia</strong></span> <span class='ocrx_word' id='word_1_417' title='bbox 1581 4417 1708 4488; x_wconf 84' lang='lat' dir='ltr'><strong>quadam</strong></span> <span class='ocrx_word' id='word_1_418' title='bbox 1720 4430 1789 4486; x_wconf 92' lang='lat' dir='ltr'><strong>opu·</strong></span> 
     </span>
     <span class='ocr_line' id='line_1_42' title="bbox 61 4505 1789 4583; baseline 0.001 -22"><span class='ocrx_word' id='word_1_419' title='bbox 61 4505 177 4576; x_wconf 75' lang='lat' dir='ltr'><strong>gistris</strong></span> <span class='ocrx_word' id='word_1_420' title='bbox 196 4508 367 4578; x_wconf 92' lang='lat' dir='ltr'><strong>reprehendi</strong></span> <span class='ocrx_word' id='word_1_421' title='bbox 384 4524 468 4581; x_wconf 90' lang='lat' dir='ltr'><strong>qnam</strong></span> <span class='ocrx_word' id='word_1_422' title='bbox 485 4517 542 4568; x_wconf 90' lang='lat' dir='ltr'><strong>tea</strong></span> <span class='ocrx_word' id='word_1_423' title='bbox 561 4512 696 4582; x_wconf 79' lang='lat' dir='ltr'><strong>praedicta</strong></span> <span class='ocrx_word' id='word_1_424' title='bbox 712 4519 824 4583; x_wconf 86' lang='lat' dir='ltr'><strong>torpore</strong></span> <span class='ocrx_word' id='word_1_425' title='bbox 846 4525 908 4568; x_wconf 89' lang='lat' dir='ltr'><strong>meo</strong></span> <span class='ocrx_word' id='word_1_426' title='bbox 964 4512 1044 4569; x_wconf 92' lang='lat' dir='ltr'><strong>scula</strong></span> <span class='ocrx_word' id='word_1_427' title='bbox 1059 4511 1205 4582; x_wconf 88' lang='lat' dir='ltr'><strong>transtuli,</strong></span> <span class='ocrx_word' id='word_1_428' title='bbox 1228 4509 1363 4581; x_wconf 91' lang='lat' dir='ltr'><strong>quoniam</strong></span> <span class='ocrx_word' id='word_1_429' title='bbox 1385 4507 1514 4579; x_wconf 91' lang='lat' dir='ltr'><strong>priorum</strong></span> <span class='ocrx_word' id='word_1_430' title='bbox 1537 4506 1694 4576; x_wconf 92' lang='lat' dir='ltr'><strong>iemporum</strong></span> <span class='ocrx_word' id='word_1_431' title='bbox 1710 4509 1789 4576; x_wconf 79' lang='lat' dir='ltr'><strong>qesta</strong></span> 
     </span>
     <span class='ocr_line' id='line_1_43' title="bbox 62 4589 1796 4674; baseline 0 -24"><span class='ocrx_word' id='word_1_432' title='bbox 62 4593 197 4652; x_wconf 79' lang='lat' dir='ltr'><strong>texenda</strong></span> <span class='ocrx_word' id='word_1_433' title='bbox 211 4595 336 4654; x_wconf 89' lang='lat' dir='ltr'><strong>historia</strong></span> <span class='ocrx_word' id='word_1_434' title='bbox 352 4612 504 4672; x_wconf 85' lang='lat' dir='ltr'><strong>removere,</strong></span> <span class='ocrx_word' id='word_1_435' title='bbox 521 4599 686 4657; x_wconf 78' lang='lat' dir='ltr'><strong>satisfacere</strong></span> <span class='ocrx_word' id='word_1_436' title='bbox 700 4600 754 4657; x_wconf 91' lang='lat' dir='ltr'><strong>tibi</strong></span> <span class='ocrx_word' id='word_1_437' title='bbox 779 4615 843 4657; x_wconf 89' lang='lat' dir='ltr'><strong>eece</strong></span> <span class='ocrx_word' id='word_1_438' title='bbox 857 4614 907 4671; x_wconf 95' lang='lat' dir='ltr'><strong>pro</strong></span> <span class='ocrx_word' id='word_1_439' title='bbox 921 4589 949 4652; x_wconf 86' lang='lat' dir='ltr'>D</span> <span class='ocrx_word' id='word_1_440' title='bbox 966 4603 1085 4674; x_wconf 91' lang='lat' dir='ltr'><strong>priores,</strong></span> <span class='ocrx_word' id='word_1_441' title='bbox 1104 4601 1161 4656; x_wconf 90' lang='lat' dir='ltr'><strong>imo</strong></span> <span class='ocrx_word' id='word_1_442' title='bbox 1175 4601 1296 4669; x_wconf 83' lang='lat' dir='ltr'><strong>majores</strong></span> <span class='ocrx_word' id='word_1_443' title='bbox 1306 4599 1397 4656; x_wconf 87' lang='lat' dir='ltr'><strong>nostri</strong></span> <span class='ocrx_word' id='word_1_444' title='bbox 1409 4595 1621 4667; x_wconf 78' lang='lat' dir='ltr'><strong>transferentes,</strong></span> <span class='ocrx_word' id='word_1_445' title='bbox 1636 4610 1688 4651; x_wconf 93' lang='lat' dir='ltr'><strong>uos</strong></span> <span class='ocrx_word' id='word_1_446' title='bbox 1700 4595 1796 4651; x_wconf 59' lang='lat' dir='ltr'><strong>luha«</strong></span> 
     </span>
     <span class='ocr_line' id='line_1_44' title="bbox 58 4683 1791 4762; baseline 0.002 -26"><span class='ocrx_word' id='word_1_447' title='bbox 58 4683 354 4743; x_wconf 64' lang='lat' dir='ltr'><strong>viribusmaturari.</strong></span> <span class='ocrx_word' id='word_1_448' title='bbox 370 4688 493 4746; x_wconf 85' lang='lat' dir='ltr'><strong>credens</strong></span> <span class='ocrx_word' id='word_1_449' title='bbox 513 4689 594 4760; x_wconf 89' lang='lat' dir='ltr'><strong>plane</strong></span> <span class='ocrx_word' id='word_1_450' title='bbox 616 4703 631 4745; x_wconf 94' lang='grc'><strong>6</strong></span> <span class='ocrx_word' id='word_1_451' title='bbox 655 4695 682 4746; x_wconf 88' lang='lat' dir='ltr'><strong>te</strong></span> <span class='ocrx_word' id='word_1_452' title='bbox 706 4689 907 4762; x_wconf 77' lang='lat' dir='ltr'><strong>corrigendum</strong></span> <span class='ocrx_word' id='word_1_453' title='bbox 961 4690 1121 4762; x_wconf 87' lang='lat' dir='ltr'><strong>juscemodi</strong></span> <span class='ocrx_word' id='word_1_454' title='bbox 1150 4702 1233 4760; x_wconf 91' lang='lat' dir='ltr'><strong>opere</strong></span> <span class='ocrx_word' id='word_1_455' title='bbox 1261 4691 1465 4759; x_wconf 87' lang='lat' dir='ltr'><strong>praevenerunt,</strong></span> <span class='ocrx_word' id='word_1_456' title='bbox 1496 4684 1733 4758; x_wconf 89' lang='lat' dir='ltr'><strong>quemadmodum</strong></span> <span class='ocrx_word' id='word_1_457' title='bbox 1761 4688 1791 4740; x_wconf 88' lang='lat' dir='ltr'><strong>et</strong></span> 
     </span>
     <span class='ocr_line' id='line_1_45' title="bbox 64 4772 1791 4852; baseline 0.001 -24"><span class='ocrx_word' id='word_1_458' title='bbox 64 4772 221 4845; x_wconf 81' lang='lat' dir='ltr'><strong>quidquid</strong></span> <span class='ocrx_word' id='word_1_459' title='bbox 239 4777 908 4850; x_wconf 75' lang='grc'>6666666666,661166166661666166·</span> <span class='ocrx_word' id='word_1_460' title='bbox 962 4781 1046 4852; x_wconf 77' lang='lat' dir='ltr'><strong>longe</strong></span> <span class='ocrx_word' id='word_1_461' title='bbox 1071 4777 1256 4849; x_wconf 75' lang='lat' dir='ltr'><strong>prestantius</strong></span> <span class='ocrx_word' id='word_1_462' title='bbox 1281 4777 1530 4834; x_wconf 88' lang='lat' dir='ltr'><strong>transcenderunt.</strong></span> <span class='ocrx_word' id='word_1_463' title='bbox 1565 4775 1666 4847; x_wconf 81' lang='lat' dir='ltr'><strong>igitur,</strong></span> <span class='ocrx_word' id='word_1_464' title='bbox 1684 4783 1698 4814; x_wconf 70' lang='lat'>⁸</span> <span class='ocrx_word' id='word_1_465' title='bbox 1727 4777 1791 4844; x_wconf 91' lang='lat' dir='ltr'><strong>post</strong></span> 
     </span>
     <span class='ocr_line' id='line_1_46' title="bbox 63 4860 1791 4939; baseline 0 -21"><span class='ocrx_word' id='word_1_466' title='bbox 63 4866 190 4926; x_wconf 70' lang='lat' dir='ltr'><strong>nectum</strong></span> <span class='ocrx_word' id='word_1_467' title='bbox 206 4860 297 4919; x_wconf 92' lang='lat' dir='ltr'><strong>fuerit</strong></span> <span class='ocrx_word' id='word_1_468' title='bbox 309 4865 482 4936; x_wconf 89' lang='lat' dir='ltr'><strong>impolitum.</strong></span> <span class='ocrx_word' id='word_1_469' title='bbox 502 4867 574 4922; x_wconf 89' lang='lat' dir='ltr'><strong>Sane</strong></span> <span class='ocrx_word' id='word_1_470' title='bbox 594 4865 693 4937; x_wconf 91' lang='lat' dir='ltr'><strong>fateor,</strong></span> <span class='ocrx_word' id='word_1_471' title='bbox 707 4865 905 4922; x_wconf 87' lang='lat' dir='ltr'><strong>testimouium</strong></span> <span class='ocrx_word' id='word_1_472' title='bbox 962 4867 1226 4939; x_wconf 82' lang='lat' dir='ltr'><strong>chronographiam</strong></span> <span class='ocrx_word' id='word_1_473' title='bbox 1240 4865 1415 4937; x_wconf 89' lang='lat' dir='ltr'><strong>tripertitam</strong></span> <span class='ocrx_word' id='word_1_474' title='bbox 1428 4878 1512 4936; x_wconf 92' lang='lat' dir='ltr'><strong>quam</strong></span> <span class='ocrx_word' id='word_1_475' title='bbox 1525 4869 1553 4920; x_wconf 92' lang='lat' dir='ltr'><strong>te</strong></span> <span class='ocrx_word' id='word_1_476' title='bbox 1562 4864 1692 4920; x_wconf 91' lang='lat' dir='ltr'><strong>hortante</strong></span> <span class='ocrx_word' id='word_1_477' title='bbox 1701 4868 1791 4919; x_wconf 76' lang='lat' dir='ltr'><strong>trans</strong></span> 
     </span>
     <span class='ocr_line' id='line_1_47' title="bbox 63 4950 1790 5028; baseline 0.002 -24"><span class='ocrx_word' id='word_1_478' title='bbox 63 4950 150 5006; x_wconf 73' lang='lat' dir='ltr'><strong>mihi</strong></span> <span class='ocrx_word' id='word_1_479' title='bbox 172 4951 340 5021; x_wconf 87' lang='lat' dir='ltr'><strong>perhibente</strong></span> <span class='ocrx_word' id='word_1_480' title='bbox 350 4955 536 5028; x_wconf 91' lang='lat' dir='ltr'><strong>conscientia,</strong></span> <span class='ocrx_word' id='word_1_481' title='bbox 558 4955 671 5011; x_wconf 90' lang='lat' dir='ltr'><strong>mallem</strong></span> <span class='ocrx_word' id='word_1_482' title='bbox 687 4955 746 5010; x_wconf 84' lang='lat' dir='ltr'><strong>haec</strong></span> <span class='ocrx_word' id='word_1_483' title='bbox 760 4957 789 5010; x_wconf 91' lang='lat' dir='ltr'><strong>et</strong></span> <span class='ocrx_word' id='word_1_484' title='bbox 802 4954 908 5024; x_wconf 90' lang='lat' dir='ltr'><strong>hujus-</strong></span> <span class='ocrx_word' id='word_1_485' title='bbox 963 4957 1096 5028; x_wconf 90' lang='lat' dir='ltr'><strong>tulimus,</strong></span> <span class='ocrx_word' id='word_1_486' title='bbox 1110 4954 1205 5011; x_wconf 90' lang='lat' dir='ltr'><strong>etalia</strong></span> <span class='ocrx_word' id='word_1_487' title='bbox 1223 4955 1353 5026; x_wconf 82' lang='lat' dir='ltr'><strong>quadam</strong></span> <span class='ocrx_word' id='word_1_488' title='bbox 1373 4954 1544 5010; x_wconf 83' lang='lat' dir='ltr'><strong>brevissima</strong></span> <span class='ocrx_word' id='word_1_489' title='bbox 1567 4953 1705 5024; x_wconf 90' lang='lat' dir='ltr'><strong>opuscula</strong></span> <span class='ocrx_word' id='word_1_490' title='bbox 1727 4966 1790 5024; x_wconf 79' lang='lat' dir='ltr'><strong>quar</strong></span> 
     </span>
     <span class='ocr_line' id='line_1_48' title="bbox 69 5039 1791 5117; baseline 0 -22"><span class='ocrx_word' id='word_1_491' title='bbox 69 5040 155 5096; x_wconf 79' lang='lat' dir='ltr'><strong>uiodi</strong></span> <span class='ocrx_word' id='word_1_492' title='bbox 169 5040 206 5096; x_wconf 92' lang='grc'><strong>66</strong></span> <span class='ocrx_word' id='word_1_493' title='bbox 221 5040 374 5115; x_wconf 90' lang='lat' dir='ltr'><strong>aliislleri,</strong></span> <span class='ocrx_word' id='word_1_494' title='bbox 389 5058 444 5101; x_wconf 93' lang='lat' dir='ltr'><strong>non</strong></span> <span class='ocrx_word' id='word_1_495' title='bbox 459 5049 515 5100; x_wconf 88' lang='lat' dir='ltr'><strong>tari</strong></span> <span class='ocrx_word' id='word_1_496' title='bbox 539 5043 664 5102; x_wconf 91' lang='lat' dir='ltr'><strong>laborem</strong></span> <span class='ocrx_word' id='word_1_497' title='bbox 684 5042 808 5117; x_wconf 82' lang='lat' dir='ltr'><strong>fugiens,</strong></span> <span class='ocrx_word' id='word_1_498' title='bbox 823 5057 907 5115; x_wconf 87' lang='lat' dir='ltr'><strong>quam</strong></span> <span class='ocrx_word' id='word_1_499' title='bbox 963 5047 997 5103; x_wconf 91' lang='lat' dir='ltr'><strong>ad</strong></span> <span class='ocrx_word' id='word_1_500' title='bbox 1011 5046 1130 5117; x_wconf 91' lang='lat' dir='ltr'><strong>petitum</strong></span> <span class='ocrx_word' id='word_1_501' title='bbox 1142 5043 1320 5100; x_wconf 85' lang='lat' dir='ltr'><strong>diuersorum</strong></span> <span class='ocrx_word' id='word_1_502' title='bbox 1331 5043 1446 5098; x_wconf 82' lang='lat' dir='ltr'><strong>Petrum</strong></span> <span class='ocrx_word' id='word_1_503' title='bbox 1458 5045 1486 5098; x_wconf 91' lang='lat' dir='ltr'><strong>et</strong></span> <span class='ocrx_word' id='word_1_504' title='bbox 1494 5039 1616 5097; x_wconf 91' lang='lat' dir='ltr'><strong>fratrum</strong></span> <span class='ocrx_word' id='word_1_505' title='bbox 1627 5046 1791 5098; x_wconf 88' lang='lat' dir='ltr'><strong>nostrorum</strong></span> 
     </span>
     <span class='ocr_line' id='line_1_49' title="bbox 73 5121 1792 5206; baseline 0.001 -23"><span class='ocrx_word' id='word_1_506' title='bbox 73 5121 245 5198; x_wconf 82' lang='lat' dir='ltr'><strong>inpertiam</strong></span> <span class='ocrx_word' id='word_1_507' title='bbox 262 5132 453 5204; x_wconf 91' lang='lat' dir='ltr'><strong>undecunque</strong></span> <span class='ocrx_word' id='word_1_508' title='bbox 476 5133 626 5189; x_wconf 90' lang='lat' dir='ltr'><strong>scientiam</strong></span> <span class='ocrx_word' id='word_1_509' title='bbox 649 5146 749 5205; x_wconf 79' lang='lat' dir='ltr'><strong>meam,</strong></span> <span class='ocrx_word' id='word_1_510' title='bbox 773 5133 798 5190; x_wconf 94' lang='lat' dir='ltr'><strong>si</strong></span> <span class='ocrx_word' id='word_1_511' title='bbox 814 5137 908 5188; x_wconf 91' lang='lat' dir='ltr'><strong>tamen</strong></span> <span class='ocrx_word' id='word_1_512' title='bbox 965 5134 1145 5206; x_wconf 87' lang='lat' dir='ltr'><strong>interpretati</strong></span> <span class='ocrx_word' id='word_1_513' title='bbox 1157 5147 1266 5205; x_wconf 90' lang='lat' dir='ltr'><strong>sumus,</strong></span> <span class='ocrx_word' id='word_1_514' title='bbox 1279 5132 1313 5188; x_wconf 91' lang='lat' dir='ltr'><strong>ad</strong></span> <span class='ocrx_word' id='word_1_515' title='bbox 1329 5128 1792 5201; x_wconf 75' lang='lat' dir='ltr'><strong>manusnostrasveuirecontiqrit</strong></span> 
     </span>
     <span class='ocr_line' id='line_1_50' title="bbox 77 5216 1793 5310; baseline 0.001 -39"><span class='ocrx_word' id='word_1_516' title='bbox 77 5216 201 5275; x_wconf 68' lang='lat' dir='ltr'><strong>scientia</strong></span> <span class='ocrx_word' id='word_1_517' title='bbox 218 5225 246 5276; x_wconf 91' lang='lat' dir='ltr'><strong>et</strong></span> <span class='ocrx_word' id='word_1_518' title='bbox 260 5234 315 5278; x_wconf 93' lang='lat' dir='ltr'><strong>iion</strong></span> <span class='ocrx_word' id='word_1_519' title='bbox 341 5223 433 5296; x_wconf 76' lang='lat' dir='ltr'><strong>inagis</strong></span> <span class='ocrx_word' id='word_1_520' title='bbox 451 5222 569 5280; x_wconf 92' lang='lat' dir='ltr'><strong>inscitia</strong></span> <span class='ocrx_word' id='word_1_521' title='bbox 589 5223 628 5279; x_wconf 91' lang='lat' dir='ltr'><strong>sit</strong></span> <span class='ocrx_word' id='word_1_522' title='bbox 645 5223 776 5295; x_wconf 89' lang='lat' dir='ltr'><strong>dicenda,</strong></span> <span class='ocrx_word' id='word_1_523' title='bbox 793 5237 849 5280; x_wconf 92' lang='lat' dir='ltr'><strong>non</strong></span> <span class='ocrx_word' id='word_1_524' title='bbox 864 5234 910 5278; x_wconf 82' lang='lat' dir='ltr'><strong>ne·</strong></span> <span class='ocrx_word' id='word_1_525' title='bbox 964 5223 1126 5310; x_wconf 74' lang='lat' dir='ltr'><strong>apologiam</strong></span> <span class='ocrx_word' id='word_1_526' title='bbox 1143 5222 1239 5296; x_wconf 82' lang='lat' dir='ltr'><strong>quarti</strong></span> <span class='ocrx_word' id='word_1_527' title='bbox 1254 5221 1372 5279; x_wconf 90' lang='lat' dir='ltr'><strong>loannis</strong></span> <span class='ocrx_word' id='word_1_528' title='bbox 1385 5220 1504 5278; x_wconf 88' lang='lat' dir='ltr'><strong>homani</strong></span> <span class='ocrx_word' id='word_1_529' title='bbox 1517 5220 1663 5292; x_wconf 86' lang='lat' dir='ltr'><strong>pontificis</strong></span> <span class='ocrx_word' id='word_1_530' title='bbox 1678 5218 1793 5288; x_wconf 90' lang='lat' dir='ltr'><strong>proHo·</strong></span> 
     </span>
     <span class='ocr_line' id='line_1_51' title="bbox 82 5305 1790 5384; baseline 0.002 -24"><span class='ocrx_word' id='word_1_531' title='bbox 82 5306 329 5381; x_wconf 76' lang='lat' dir='ltr'><strong>scicns,si,salva</strong></span> <span class='ocrx_word' id='word_1_532' title='bbox 352 5326 419 5383; x_wconf 92' lang='lat' dir='ltr'><strong>pace</strong></span> <span class='ocrx_word' id='word_1_533' title='bbox 447 5311 639 5370; x_wconf 77' lang='lat' dir='ltr'><strong>fraternitatis</strong></span> <span class='ocrx_word' id='word_1_534' title='bbox 668 5317 735 5384; x_wconf 82' lang='lat' dir='ltr'><strong>tuae,</strong></span> <span class='ocrx_word' id='word_1_535' title='bbox 766 5327 816 5369; x_wconf 91' lang='lat' dir='ltr'><strong>seu</strong></span> <span class='ocrx_word' id='word_1_536' title='bbox 840 5310 911 5368; x_wconf 91' lang='lat' dir='ltr'><strong>scri·</strong></span> <span class='ocrx_word' id='word_1_537' title='bbox 966 5314 1047 5370; x_wconf 91' lang='lat' dir='ltr'><strong>norio</strong></span> <span class='ocrx_word' id='word_1_538' title='bbox 1077 5326 1148 5384; x_wconf 93' lang='lat' dir='ltr'><strong>papa</strong></span> <span class='ocrx_word' id='word_1_539' title='bbox 1178 5327 1194 5369; x_wconf 91' lang='lat' dir='ltr'><strong>a</strong></span> <span class='ocrx_word' id='word_1_540' title='bbox 1230 5311 1490 5369; x_wconf 88' lang='lat' dir='ltr'><strong>calumniatoribus</strong></span> <span class='ocrx_word' id='word_1_541' title='bbox 1531 5310 1685 5382; x_wconf 90' lang='lat' dir='ltr'><strong>impetito,</strong></span> <span class='ocrx_word' id='word_1_542' title='bbox 1715 5305 1790 5378; x_wconf 89' lang='lat' dir='ltr'><strong>quod</strong></span> 
     </span>
     <span class='ocr_line' id='line_1_52' title="bbox 85 5385 1792 5475; baseline -0.001 -26"><span class='ocrx_word' id='word_1_543' title='bbox 85 5385 907 5475; x_wconf 67' lang='lat' dir='ltr'><strong>hruaeaiehistoriaproposiio‚baecomiiierepotuissem:</strong></span> <span class='ocrx_word' id='word_1_544' title='bbox 966 5416 1051 5458; x_wconf 92' lang='lat' dir='ltr'><strong>uuam</strong></span> <span class='ocrx_word' id='word_1_545' title='bbox 1083 5401 1197 5457; x_wconf 86' lang='lat' dir='ltr'><strong>Domini</strong></span> <span class='ocrx_word' id='word_1_546' title='bbox 1234 5402 1324 5458; x_wconf 91' lang='lat' dir='ltr'><strong>nostri</strong></span> <span class='ocrx_word' id='word_1_547' title='bbox 1354 5402 1419 5457; x_wconf 82' lang='lat' dir='ltr'><strong>lesu</strong></span> <span class='ocrx_word' id='word_1_548' title='bbox 1443 5400 1550 5457; x_wconf 82' lang='lat' dir='ltr'><strong>Christi</strong></span> <span class='ocrx_word' id='word_1_549' title='bbox 1578 5400 1687 5454; x_wconf 91' lang='lat' dir='ltr'><strong>tantum</strong></span> <span class='ocrx_word' id='word_1_550' title='bbox 1716 5391 1792 5450; x_wconf 85' lang='lat' dir='ltr'><strong>serf-</strong></span> 
     </span>
    </p>
   </div>
   <div class='ocr_carea' id='block_1_15' title="bbox 119 5509 1589 5602">
    <p class='ocr_par' dir='ltr' id='par_1_16' title="bbox 119 5509 1589 5602">
     <span class='ocr_line' id='line_1_53' title="bbox 119 5509 1589 5602; baseline -0.003 -19"><span class='ocrx_word' id='word_1_551' title='bbox 119 5529 204 5583; x_wconf 78' lang='lat' dir='ltr'><strong>⁸Post</strong></span> <span class='ocrx_word' id='word_1_552' title='bbox 220 5526 370 5597; x_wconf 79' lang='lat' dir='ltr'><strong>Claooopr,</strong></span> <span class='ocrx_word' id='word_1_553' title='bbox 387 5529 449 5598; x_wconf 71' lang='lat' dir='ltr'><strong>trip.</strong></span> <span class='ocrx_word' id='word_1_554' title='bbox 464 5529 505 5587; x_wconf 88' lang='lat' dir='ltr'><strong>Ex</strong></span> <span class='ocrx_word' id='word_1_555' title='bbox 520 5529 691 5602; x_wconf 86' lang='lat' dir='ltr'><strong>Nicephoro,</strong></span> <span class='ocrx_word' id='word_1_556' title='bbox 707 5529 828 5600; x_wconf 77' lang='lat' dir='ltr'><strong>Georqio</strong></span> <span class='ocrx_word' id='word_1_557' title='bbox 843 5532 872 5587; x_wconf 89' lang='lat' dir='ltr'><strong>et</strong></span> <span class='ocrx_word' id='word_1_558' title='bbox 882 5527 1054 5601; x_wconf 83' lang='lat' dir='ltr'><strong>Theophane</strong></span> <span class='ocrx_word' id='word_1_559' title='bbox 1068 5532 1239 5600; x_wconf 87' lang='lat' dir='ltr'><strong>excerptam.</strong></span> <span class='ocrx_word' id='word_1_560' title='bbox 1256 5529 1394 5586; x_wconf 85' lang='lat' dir='ltr'><strong>Dedimus</strong></span> <span class='ocrx_word' id='word_1_561' title='bbox 1405 5509 1477 5584; x_wconf 84' lang='lat' dir='ltr'><strong>lianc</strong></span> <span class='ocrx_word' id='word_1_562' title='bbox 1492 5537 1589 5596; x_wconf 91' lang='lat' dir='ltr'><strong>supra.</strong></span> 
     </span>
    </p>
   </div>
   <div class='ocr_carea' id='block_1_16' title="bbox 0 0 1981 6084">
    <p class='ocr_par' dir='ltr' id='par_1_17' title="bbox 0 0 1981 6084">
     <span class='ocr_line' id='line_1_54' title="bbox 0 0 1981 6084; baseline 0 0"><span class='ocrx_word' id='word_1_563' title='bbox 0 0 1981 6084; x_wconf 95' lang='lat' dir='ltr'><strong> </strong></span> 
     </span>
    </p>
   </div>
  </div>
 </body>
</html>
