<?xml version="1.0" encoding="UTF-8"?>
<!DOCTYPE html PUBLIC "-//W3C//DTD XHTML 1.0 Transitional//EN"
    "http://www.w3.org/TR/xhtml1/DTD/xhtml1-transitional.dtd">
<html xmlns="http://www.w3.org/1999/xhtml" xml:lang="en" lang="en">
 <head>
  <title>
</title>
<meta http-equiv="Content-Type" content="text/html;charset=utf-8" />
  <meta name='ocr-system' content='tesseract 3.04.00' />
  <meta name='ocr-capabilities' content='ocr_page ocr_carea ocr_par ocr_line ocrx_word'/>
</head>
<body>
  <div class='ocr_page' id='page_1' title='image "./patrologiaecurs06migngoog_0694.png"; bbox 0 0 3876 6090; ppageno 0'>
   <div class='ocr_carea' id='block_1_1' title="bbox 111 254 183 315">
    <p class='ocr_par' dir='ltr' id='par_1_1' title="bbox 111 254 183 315">
     <span class='ocr_line' id='line_1_1' title="bbox 111 254 183 315; baseline 0 -1"><span class='ocrx_word' id='word_1_1' title='bbox 111 254 183 315; x_wconf 75' lang='grc' dir='ltr'>43Ίῖ</span> 
     </span>
    </p>
   </div>
   <div class='ocr_carea' id='block_1_2' title="bbox 559 257 1368 317">
    <p class='ocr_par' dir='ltr' id='par_1_2' title="bbox 559 257 1368 317">
     <span class='ocr_line' id='line_1_2' title="bbox 559 257 1368 317; baseline 0.001 -3"><span class='ocrx_word' id='word_1_2' title='bbox 559 257 747 315; x_wconf 72' lang='lat' dir='ltr'>tatastat.</span> <span class='ocrx_word' id='word_1_3' title='bbox 777 260 806 313; x_wconf 85' lang='lat' dir='ltr'>S.</span> <span class='ocrx_word' id='word_1_4' title='bbox 834 258 995 315; x_wconf 81' lang='lat' dir='ltr'>CORNELII</span> <span class='ocrx_word' id='word_1_5' title='bbox 1014 259 1065 315; x_wconf 90' lang='lat' dir='ltr'>PP.</span> <span class='ocrx_word' id='word_1_6' title='bbox 1086 261 1178 317; x_wconf 79' lang='lat' dir='ltr'>xvdc</span> <span class='ocrx_word' id='word_1_7' title='bbox 1195 259 1368 317; x_wconf 72' lang='lat' dir='ltr'>COMPEND.</span> 
     </span>
    </p>
   </div>
   <div class='ocr_carea' id='block_1_3' title="bbox 1746 259 1817 321">
    <p class='ocr_par' dir='ltr' id='par_1_3' title="bbox 1746 259 1817 321">
     <span class='ocr_line' id='line_1_3' title="bbox 1746 259 1817 321; baseline 0.028 -2"><span class='ocrx_word' id='word_1_8' title='bbox 1746 259 1817 321; x_wconf 78' lang='lat' dir='ltr'>tata</span> 
     </span>
    </p>
   </div>
   <div class='ocr_carea' id='block_1_4' title="bbox 111 385 1814 460">
    <p class='ocr_par' dir='ltr' id='par_1_4' title="bbox 111 385 1814 460">
     <span class='ocr_line' id='line_1_4' title="bbox 111 385 1814 460; baseline 0.001 -19"><span class='ocrx_word' id='word_1_9' title='bbox 111 386 240 442; x_wconf 88' lang='lat' dir='ltr'>veridica</span> <span class='ocrx_word' id='word_1_10' title='bbox 256 387 370 442; x_wconf 88' lang='lat' dir='ltr'>Patrum</span> <span class='ocrx_word' id='word_1_11' title='bbox 383 385 501 457; x_wconf 75' lang='lat' dir='ltr'>cognovi</span> <span class='ocrx_word' id='word_1_12' title='bbox 516 385 654 441; x_wconf 79' lang='lat' dir='ltr'>relatione</span> <span class='ocrx_word' id='word_1_13' title='bbox 665 399 789 457; x_wconf 85' lang='lat' dir='ltr'>meaeque</span> <span class='ocrx_word' id='word_1_14' title='bbox 804 386 980 446; x_wconf 90' lang='lat' dir='ltr'>mandansA</span> <span class='ocrx_word' id='word_1_15' title='bbox 995 387 1071 457; x_wconf 87' lang='lat' dir='ltr'>dere,</span> <span class='ocrx_word' id='word_1_16' title='bbox 1101 394 1132 443; x_wconf 89' lang='lat' dir='ltr'>ut</span> <span class='ocrx_word' id='word_1_17' title='bbox 1149 389 1187 444; x_wconf 90' lang='lat' dir='ltr'>ita</span> <span class='ocrx_word' id='word_1_18' title='bbox 1204 389 1341 460; x_wconf 84' lang='lat' dir='ltr'>dignetur</span> <span class='ocrx_word' id='word_1_19' title='bbox 1354 388 1488 458; x_wconf 86' lang='lat' dir='ltr'>precibus</span> <span class='ocrx_word' id='word_1_20' title='bbox 1504 404 1581 460; x_wconf 85' lang='lat' dir='ltr'>papae</span> <span class='ocrx_word' id='word_1_21' title='bbox 1601 389 1676 446; x_wconf 87' lang='lat' dir='ltr'>beati</span> <span class='ocrx_word' id='word_1_22' title='bbox 1689 388 1814 445; x_wconf 88' lang='lat' dir='ltr'>Cornelii</span> 
     </span>
    </p>
   </div>
   <div class='ocr_carea' id='block_1_5' title="bbox 112 472 941 1161">
    <p class='ocr_par' dir='ltr' id='par_1_5' title="bbox 112 472 941 1161">
     <span class='ocr_line' id='line_1_5' title="bbox 112 472 939 545; baseline 0 -16"><span class='ocrx_word' id='word_1_23' title='bbox 112 474 260 531; x_wconf 75' lang='lat' dir='ltr'>attitulavi</span> <span class='ocrx_word' id='word_1_24' title='bbox 286 488 449 544; x_wconf 84' lang='lat' dir='ltr'>quanquam</span> <span class='ocrx_word' id='word_1_25' title='bbox 475 472 572 545; x_wconf 79' lang='lat' dir='ltr'>inagili</span> <span class='ocrx_word' id='word_1_26' title='bbox 605 474 757 531; x_wconf 80' lang='lat' dir='ltr'>memoria..</span> <span class='ocrx_word' id='word_1_27' title='bbox 787 475 939 544; x_wconf 86' lang='lat' dir='ltr'>omnigeno</span> 
     </span>
     <span class='ocr_line' id='line_1_6' title="bbox 112 560 938 632; baseline 0 -16"><span class='ocrx_word' id='word_1_28' title='bbox 112 562 230 618; x_wconf 81' lang='lat' dir='ltr'>Christo</span> <span class='ocrx_word' id='word_1_29' title='bbox 241 562 370 632; x_wconf 92' lang='lat' dir='ltr'>loquens,</span> <span class='ocrx_word' id='word_1_30' title='bbox 383 562 519 632; x_wconf 90' lang='lat' dir='ltr'>propulso</span> <span class='ocrx_word' id='word_1_31' title='bbox 534 561 648 627; x_wconf 83' lang='lat' dir='ltr'>frivolo,</span> <span class='ocrx_word' id='word_1_32' title='bbox 661 560 797 617; x_wconf 76' lang='lat' dir='ltr'>fraternis</span> <span class='ocrx_word' id='word_1_33' title='bbox 806 562 938 625; x_wconf 80' lang='lat' dir='ltr'>auribus,</span> 
     </span>
     <span class='ocr_line' id='line_1_7' title="bbox 115 650 938 720; baseline -0.001 -14"><span class='ocrx_word' id='word_1_34' title='bbox 115 651 321 720; x_wconf 86' lang='lat' dir='ltr'>proutaudivi.</span> <span class='ocrx_word' id='word_1_35' title='bbox 338 651 471 705; x_wconf 89' lang='lat' dir='ltr'>intimare</span> <span class='ocrx_word' id='word_1_36' title='bbox 487 650 603 705; x_wconf 87' lang='lat' dir='ltr'>corabo.</span> <span class='ocrx_word' id='word_1_37' title='bbox 621 651 721 706; x_wconf 84' lang='lat' dir='ltr'>Fertur</span> <span class='ocrx_word' id='word_1_38' title='bbox 735 651 840 705; x_wconf 88' lang='lat' dir='ltr'>etenim</span> <span class='ocrx_word' id='word_1_39' title='bbox 863 651 938 719; x_wconf 71' lang='lat' dir='ltr'>equod</span> 
     </span>
     <span class='ocr_line' id='line_1_8' title="bbox 113 738 937 809; baseline -0.002 -14"><span class='ocrx_word' id='word_1_40' title='bbox 113 739 183 795; x_wconf 84' lang='lat' dir='ltr'>duni</span> <span class='ocrx_word' id='word_1_41' title='bbox 205 740 246 794; x_wconf 89' lang='lat' dir='ltr'>toi</span> <span class='ocrx_word' id='word_1_42' title='bbox 268 739 445 794; x_wconf 83' lang='lat' dir='ltr'>sanctissimi</span> <span class='ocrx_word' id='word_1_43' title='bbox 461 739 592 808; x_wconf 90' lang='lat' dir='ltr'>corporis</span> <span class='ocrx_word' id='word_1_44' title='bbox 613 752 761 809; x_wconf 88' lang='lat' dir='ltr'>peropaca</span> <span class='ocrx_word' id='word_1_45' title='bbox 779 738 937 807; x_wconf 89' lang='lat' dir='ltr'>supradicti</span> 
     </span>
     <span class='ocr_line' id='line_1_9' title="bbox 116 826 939 898; baseline -0.002 -15"><span class='ocrx_word' id='word_1_46' title='bbox 116 829 209 884; x_wconf 86' lang='lat' dir='ltr'>saltus</span> <span class='ocrx_word' id='word_1_47' title='bbox 223 828 351 883; x_wconf 89' lang='lat' dir='ltr'>humeris</span> <span class='ocrx_word' id='word_1_48' title='bbox 365 828 582 898; x_wconf 88' lang='lat' dir='ltr'>episcopalibus</span> <span class='ocrx_word' id='word_1_49' title='bbox 597 826 770 896; x_wconf 84' lang='lat' dir='ltr'>ferebantur,</span> <span class='ocrx_word' id='word_1_50' title='bbox 794 839 843 897; x_wconf 89' lang='lat' dir='ltr'>per</span> <span class='ocrx_word' id='word_1_51' title='bbox 865 826 939 881; x_wconf 89' lang='lat' dir='ltr'>viam</span> 
     </span>
     <span class='ocr_line' id='line_1_10' title="bbox 115 914 941 985; baseline -0.002 -14"><span class='ocrx_word' id='word_1_52' title='bbox 115 916 240 985; x_wconf 91' lang='lat' dir='ltr'>contigit</span> <span class='ocrx_word' id='word_1_53' title='bbox 259 915 358 971; x_wconf 88' lang='lat' dir='ltr'>divino</span> <span class='ocrx_word' id='word_1_54' title='bbox 382 922 453 971; x_wconf 93' lang='lat' dir='ltr'>nutu</span> <span class='ocrx_word' id='word_1_55' title='bbox 478 916 508 970; x_wconf 95' lang='lat' dir='ltr'>in</span> <span class='ocrx_word' id='word_1_56' title='bbox 530 917 656 984; x_wconf 85' lang='lat' dir='ltr'>ejusdcm</span> <span class='ocrx_word' id='word_1_57' title='bbox 673 921 751 985; x_wconf 87' lang='lat' dir='ltr'>parto</span> <span class='ocrx_word' id='word_1_58' title='bbox 771 914 827 971; x_wconf 88' lang='lat' dir='ltr'>lere</span> <span class='ocrx_word' id='word_1_59' title='bbox 848 915 941 970; x_wconf 92' lang='lat' dir='ltr'>media</span> 
     </span>
     <span class='ocr_line' id='line_1_11' title="bbox 117 1003 940 1073; baseline 0 -14"><span class='ocrx_word' id='word_1_60' title='bbox 117 1004 318 1073; x_wconf 86' lang='lat' dir='ltr'>itaaggravari</span> <span class='ocrx_word' id='word_1_61' title='bbox 343 1003 403 1069; x_wconf 84' lang='lat' dir='ltr'>illa,</span> <span class='ocrx_word' id='word_1_62' title='bbox 430 1008 462 1060; x_wconf 92' lang='lat' dir='ltr'>ut</span> <span class='ocrx_word' id='word_1_63' title='bbox 485 1003 813 1073; x_wconf 89' lang='lat' dir='ltr'>penitusepiscoporum</span> <span class='ocrx_word' id='word_1_64' title='bbox 844 1004 940 1059; x_wconf 92' lang='lat' dir='ltr'>eadem</span> 
     </span>
     <span class='ocr_line' id='line_1_12' title="bbox 117 1090 940 1161; baseline -0.004 -13"><span class='ocrx_word' id='word_1_65' title='bbox 117 1090 272 1148; x_wconf 85' lang='lat' dir='ltr'>ferentium</span> <span class='ocrx_word' id='word_1_66' title='bbox 300 1092 452 1161; x_wconf 72' lang='lat' dir='ltr'>nequirent</span> <span class='ocrx_word' id='word_1_67' title='bbox 476 1090 595 1147; x_wconf 84' lang='lat' dir='ltr'>sutierre</span> <span class='ocrx_word' id='word_1_68' title='bbox 618 1091 741 1147; x_wconf 86' lang='lat' dir='ltr'>ulterius</span> <span class='ocrx_word' id='word_1_69' title='bbox 763 1092 940 1160; x_wconf 77' lang='lat' dir='ltr'>spatularum</span> 
     </span>
    </p>
   </div>
   <div class='ocr_carea' id='block_1_6' title="bbox 992 474 1822 1167">
    <p class='ocr_par' dir='ltr' id='par_1_6' title="bbox 992 474 1822 1167">
     <span class='ocr_line' id='line_1_13' title="bbox 995 474 1816 546; baseline 0.002 -17"><span class='ocrx_word' id='word_1_70' title='bbox 995 474 1071 529; x_wconf 93' lang='lat' dir='ltr'>hunc</span> <span class='ocrx_word' id='word_1_71' title='bbox 1084 474 1177 530; x_wconf 90' lang='lat' dir='ltr'>locum</span> <span class='ocrx_word' id='word_1_72' title='bbox 1190 475 1416 531; x_wconf 77' lang='lat' dir='ltr'>misericorditer</span> <span class='ocrx_word' id='word_1_73' title='bbox 1427 489 1604 545; x_wconf 87' lang='lat' dir='ltr'>conservare,</span> <span class='ocrx_word' id='word_1_74' title='bbox 1619 490 1676 546; x_wconf 92' lang='lat' dir='ltr'>quo</span> <span class='ocrx_word' id='word_1_75' title='bbox 1690 476 1816 545; x_wconf 88' lang='lat' dir='ltr'>amplius</span> 
     </span>
     <span class='ocr_line' id='line_1_14' title="bbox 993 562 1817 633; baseline 0.005 -17"><span class='ocrx_word' id='word_1_76' title='bbox 993 562 1044 617; x_wconf 89' lang='lat' dir='ltr'>tali</span> <span class='ocrx_word' id='word_1_77' title='bbox 1060 577 1110 632; x_wconf 78' lang='lat' dir='ltr'>prro</span> <span class='ocrx_word' id='word_1_78' title='bbox 1126 579 1155 619; x_wconf 89' lang='lat' dir='ltr'>re</span> <span class='ocrx_word' id='word_1_79' title='bbox 1167 578 1240 633; x_wconf 89' lang='lat' dir='ltr'>opus</span> <span class='ocrx_word' id='word_1_80' title='bbox 1251 578 1305 618; x_wconf 83' lang='lat' dir='ltr'>iton</span> <span class='ocrx_word' id='word_1_81' title='bbox 1319 564 1419 619; x_wconf 90' lang='lat' dir='ltr'>babeat</span> <span class='ocrx_word' id='word_1_82' title='bbox 1433 565 1662 620; x_wconf 83' lang='lat' dir='ltr'>restaurationis.</span> <span class='ocrx_word' id='word_1_83' title='bbox 1675 566 1817 620; x_wconf 89' lang='lat' dir='ltr'>Osumma</span> 
     </span>
     <span class='ocr_line' id='line_1_15' title="bbox 992 652 1817 722; baseline 0.005 -17"><span class='ocrx_word' id='word_1_84' title='bbox 992 658 1020 705; x_wconf 90' lang='lat' dir='ltr'>et</span> <span class='ocrx_word' id='word_1_85' title='bbox 1037 652 1191 707; x_wconf 80' lang='lat' dir='ltr'>ineffabilis</span> <span class='ocrx_word' id='word_1_86' title='bbox 1205 657 1317 707; x_wconf 78' lang='lat' dir='ltr'>aeternae</span> <span class='ocrx_word' id='word_1_87' title='bbox 1333 652 1425 707; x_wconf 84' lang='lat' dir='ltr'>vietus</span> <span class='ocrx_word' id='word_1_88' title='bbox 1437 653 1572 707; x_wconf 79' lang='lat' dir='ltr'>deicitlsl</span> <span class='ocrx_word' id='word_1_89' title='bbox 1590 666 1652 722; x_wconf 86' lang='lat' dir='ltr'>quae</span> <span class='ocrx_word' id='word_1_90' title='bbox 1664 659 1719 708; x_wconf 92' lang='lat' dir='ltr'>tam</span> <span class='ocrx_word' id='word_1_91' title='bbox 1735 653 1817 709; x_wconf 91' lang='lat' dir='ltr'>miris</span> 
     </span>
     <span class='ocr_line' id='line_1_16' title="bbox 995 741 1818 810; baseline 0.001 -14"><span class='ocrx_word' id='word_1_92' title='bbox 995 741 1088 796; x_wconf 90' lang='lat' dir='ltr'>modis</span> <span class='ocrx_word' id='word_1_93' title='bbox 1099 741 1231 796; x_wconf 90' lang='lat' dir='ltr'>bonorem</span> <span class='ocrx_word' id='word_1_94' title='bbox 1247 755 1392 810; x_wconf 88' lang='lat' dir='ltr'>nunquam</span> <span class='ocrx_word' id='word_1_95' title='bbox 1404 742 1513 796; x_wconf 86' lang='lat' dir='ltr'>desinit</span> <span class='ocrx_word' id='word_1_96' title='bbox 1524 741 1686 810; x_wconf 81' lang='lat' dir='ltr'>impendere</span> <span class='ocrx_word' id='word_1_97' title='bbox 1695 742 1818 798; x_wconf 88' lang='lat' dir='ltr'>testibus</span> 
     </span>
     <span class='ocr_line' id='line_1_17' title="bbox 995 829 1819 900; baseline 0 -16"><span class='ocrx_word' id='word_1_98' title='bbox 995 829 1073 884; x_wconf 89' lang='lat' dir='ltr'>suisl</span> <span class='ocrx_word' id='word_1_99' title='bbox 1090 843 1154 884; x_wconf 93' lang='lat' dir='ltr'>mox</span> <span class='ocrx_word' id='word_1_100' title='bbox 1167 836 1329 900; x_wconf 89' lang='lat' dir='ltr'>namqucnt</span> <span class='ocrx_word' id='word_1_101' title='bbox 1345 829 1504 898; x_wconf 83' lang='lat' dir='ltr'>praesentis,</span> <span class='ocrx_word' id='word_1_102' title='bbox 1520 829 1555 884; x_wconf 92' lang='lat' dir='ltr'>de</span> <span class='ocrx_word' id='word_1_103' title='bbox 1570 842 1627 899; x_wconf 92' lang='lat' dir='ltr'>quo</span> <span class='ocrx_word' id='word_1_104' title='bbox 1642 843 1734 884; x_wconf 89' lang='lat' dir='ltr'>sermo</span> <span class='ocrx_word' id='word_1_105' title='bbox 1755 843 1819 885; x_wconf 86' lang='lat' dir='ltr'>von·</span> 
     </span>
     <span class='ocr_line' id='line_1_18' title="bbox 996 916 1820 988; baseline 0.001 -17"><span class='ocrx_word' id='word_1_106' title='bbox 996 916 1107 983; x_wconf 78' lang='lat' dir='ltr'>filatur,</span> <span class='ocrx_word' id='word_1_107' title='bbox 1122 920 1255 988; x_wconf 74' lang='lat' dir='ltr'>martvris</span> <span class='ocrx_word' id='word_1_108' title='bbox 1270 917 1447 973; x_wconf 88' lang='lat' dir='ltr'>desiderium</span> <span class='ocrx_word' id='word_1_109' title='bbox 1471 931 1505 973; x_wconf 82' lang='lat' dir='ltr'>ex</span> <span class='ocrx_word' id='word_1_110' title='bbox 1525 917 1630 988; x_wconf 77' lang='lat' dir='ltr'>olympi</span> <span class='ocrx_word' id='word_1_111' title='bbox 1647 917 1820 973; x_wconf 87' lang='lat' dir='ltr'>celsitudine</span> 
     </span>
     <span class='ocr_line' id='line_1_19' title="bbox 998 1005 1822 1075; baseline 0.004 -16"><span class='ocrx_word' id='word_1_112' title='bbox 998 1005 1301 1074; x_wconf 86' lang='lat' dir='ltr'>prospexiteflicaciter</span> <span class='ocrx_word' id='word_1_113' title='bbox 1317 1006 1500 1075; x_wconf 89' lang='lat' dir='ltr'>completum.</span> <span class='ocrx_word' id='word_1_114' title='bbox 1512 1006 1550 1061; x_wconf 91' lang='lat' dir='ltr'>ita</span> <span class='ocrx_word' id='word_1_115' title='bbox 1561 1007 1624 1074; x_wconf 87' lang='lat' dir='ltr'>ejus</span> <span class='ocrx_word' id='word_1_116' title='bbox 1636 1006 1738 1062; x_wconf 88' lang='lat' dir='ltr'>iterum</span> <span class='ocrx_word' id='word_1_117' title='bbox 1754 1019 1822 1075; x_wconf 89' lang='lat' dir='ltr'>per-</span> 
     </span>
     <span class='ocr_line' id='line_1_20' title="bbox 997 1093 1820 1167; baseline 0.001 -18"><span class='ocrx_word' id='word_1_118' title='bbox 997 1094 1220 1150; x_wconf 85' lang='lat' dir='ltr'>misitalleviari</span> <span class='ocrx_word' id='word_1_119' title='bbox 1244 1094 1460 1165; x_wconf 76' lang='lat' dir='ltr'>corpusculum,</span> <span class='ocrx_word' id='word_1_120' title='bbox 1478 1100 1510 1150; x_wconf 94' lang='lat' dir='ltr'>ut</span> <span class='ocrx_word' id='word_1_121' title='bbox 1524 1095 1548 1150; x_wconf 90' lang='lat' dir='ltr'>si</span> <span class='ocrx_word' id='word_1_122' title='bbox 1575 1093 1642 1163; x_wconf 84' lang='lat' dir='ltr'>(quo</span> <span class='ocrx_word' id='word_1_123' title='bbox 1665 1095 1703 1149; x_wconf 87' lang='lat' dir='ltr'>ila</span> <span class='ocrx_word' id='word_1_124' title='bbox 1717 1093 1820 1167; x_wconf 82' lang='lat' dir='ltr'>dicam)</span> 
     </span>
    </p>
   </div>
   <div class='ocr_carea' id='block_1_7' title="bbox 95 1179 1831 5412">
    <p class='ocr_par' dir='ltr' id='par_1_7' title="bbox 95 1179 1831 2842">
     <span class='ocr_line' id='line_1_21' title="bbox 119 1179 1820 1252; baseline 0.001 -17"><span class='ocrx_word' id='word_1_125' title='bbox 119 1180 290 1249; x_wconf 89' lang='lat' dir='ltr'>fulcra.in</span> <span class='ocrx_word' id='word_1_126' title='bbox 320 1179 494 1251; x_wconf 90' lang='lat' dir='ltr'>quantocius</span> <span class='ocrx_word' id='word_1_127' title='bbox 517 1180 615 1235; x_wconf 89' lang='lat' dir='ltr'>aureis</span> <span class='ocrx_word' id='word_1_128' title='bbox 638 1180 794 1236; x_wconf 82' lang='lat' dir='ltr'>subtractis</span> <span class='ocrx_word' id='word_1_129' title='bbox 815 1180 944 1236; x_wconf 85' lang='lat' dir='ltr'>vestibus</span> <span class='ocrx_word' id='word_1_130' title='bbox 998 1183 1075 1238; x_wconf 89' lang='lat' dir='ltr'>istud</span> <span class='ocrx_word' id='word_1_131' title='bbox 1089 1184 1228 1238; x_wconf 87' lang='lat' dir='ltr'>voluisset</span> <span class='ocrx_word' id='word_1_132' title='bbox 1240 1184 1404 1239; x_wconf 86' lang='lat' dir='ltr'>discurrere</span> <span class='ocrx_word' id='word_1_133' title='bbox 1420 1197 1469 1252; x_wconf 91' lang='lat' dir='ltr'>per</span> <span class='ocrx_word' id='word_1_134' title='bbox 1484 1186 1568 1237; x_wconf 88' lang='lat' dir='ltr'>inane</span> <span class='ocrx_word' id='word_1_135' title='bbox 1582 1195 1724 1251; x_wconf 87' lang='lat' dir='ltr'>magnam,</span> <span class='ocrx_word' id='word_1_136' title='bbox 1742 1182 1820 1237; x_wconf 91' lang='lat' dir='ltr'>omni</span> 
     </span>
     <span class='ocr_line' id='line_1_22' title="bbox 118 1268 1822 1343; baseline -0.005 -19"><span class='ocrx_word' id='word_1_137' title='bbox 118 1275 205 1325; x_wconf 82' lang='lat' dir='ltr'>tante</span> <span class='ocrx_word' id='word_1_138' title='bbox 220 1269 304 1325; x_wconf 91' lang='lat' dir='ltr'>molis</span> <span class='ocrx_word' id='word_1_139' title='bbox 320 1268 492 1324; x_wconf 83' lang='lat' dir='ltr'>lauinotenus</span> <span class='ocrx_word' id='word_1_140' title='bbox 507 1269 689 1337; x_wconf 78' lang='lat' dir='ltr'>deponentes,</span> <span class='ocrx_word' id='word_1_141' title='bbox 707 1276 835 1324; x_wconf 84' lang='lat' dir='ltr'>reatuum</span> <span class='ocrx_word' id='word_1_142' title='bbox 854 1269 945 1337; x_wconf 88' lang='lat' dir='ltr'>jusse·</span> <span class='ocrx_word' id='word_1_143' title='bbox 1001 1272 1098 1340; x_wconf 88' lang='lat' dir='ltr'>procul</span> <span class='ocrx_word' id='word_1_144' title='bbox 1116 1272 1252 1343; x_wconf 89' lang='lat' dir='ltr'>repagulo</span> <span class='ocrx_word' id='word_1_145' title='bbox 1272 1279 1380 1327; x_wconf 89' lang='lat' dir='ltr'>remoto</span> <span class='ocrx_word' id='word_1_146' title='bbox 1395 1272 1516 1326; x_wconf 89' lang='lat' dir='ltr'>volitare</span> <span class='ocrx_word' id='word_1_147' title='bbox 1529 1270 1667 1325; x_wconf 81' lang='lat' dir='ltr'>valuisset</span> <span class='ocrx_word' id='word_1_148' title='bbox 1680 1284 1757 1325; x_wconf 78' lang='lat' dir='ltr'>more</span> <span class='ocrx_word' id='word_1_149' title='bbox 1769 1283 1822 1326; x_wconf 81' lang='lat' dir='ltr'>vo-</span> 
     </span>
     <span class='ocr_line' id='line_1_23' title="bbox 119 1356 1822 1429; baseline 0.001 -17"><span class='ocrx_word' id='word_1_150' title='bbox 119 1363 189 1413; x_wconf 91' lang='lat' dir='ltr'>runt</span> <span class='ocrx_word' id='word_1_151' title='bbox 210 1356 360 1412; x_wconf 87' lang='lat' dir='ltr'>acclamari</span> <span class='ocrx_word' id='word_1_152' title='bbox 384 1357 506 1426; x_wconf 87' lang='lat' dir='ltr'>vciriam,</span> <span class='ocrx_word' id='word_1_153' title='bbox 525 1363 555 1412; x_wconf 93' lang='lat' dir='ltr'>ut</span> <span class='ocrx_word' id='word_1_154' title='bbox 581 1357 650 1412; x_wconf 88' lang='lat' dir='ltr'>huic</span> <span class='ocrx_word' id='word_1_155' title='bbox 663 1357 825 1426; x_wconf 91' lang='lat' dir='ltr'>spectaculo</span> <span class='ocrx_word' id='word_1_156' title='bbox 845 1357 943 1411; x_wconf 90' lang='lat' dir='ltr'>statim</span> <span class='ocrx_word' id='word_1_157' title='bbox 1000 1359 1113 1415; x_wconf 84' lang='lat' dir='ltr'>lucrum</span> <span class='ocrx_word' id='word_1_158' title='bbox 1127 1360 1204 1429; x_wconf 89' lang='lat' dir='ltr'>ipsas</span> <span class='ocrx_word' id='word_1_159' title='bbox 1219 1359 1308 1415; x_wconf 91' lang='lat' dir='ltr'>nubes</span> <span class='ocrx_word' id='word_1_160' title='bbox 1331 1359 1451 1429; x_wconf 86' lang='lat' dir='ltr'>remigio</span> <span class='ocrx_word' id='word_1_161' title='bbox 1466 1358 1576 1413; x_wconf 92' lang='lat' dir='ltr'>alarum</span> <span class='ocrx_word' id='word_1_162' title='bbox 1594 1358 1822 1428; x_wconf 83' lang='lat' dir='ltr'>quandocunque</span> 
     </span>
     <span class='ocr_line' id='line_1_24' title="bbox 119 1443 1823 1516; baseline 0 -15"><span class='ocrx_word' id='word_1_163' title='bbox 119 1447 220 1501; x_wconf 90' lang='lat' dir='ltr'>adesse</span> <span class='ocrx_word' id='word_1_164' title='bbox 242 1443 410 1500; x_wconf 85' lang='lat' dir='ltr'>festinare...</span> <span class='ocrx_word' id='word_1_165' title='bbox 438 1445 538 1501; x_wconf 85' lang='lat' dir='ltr'>Procul</span> <span class='ocrx_word' id='word_1_166' title='bbox 559 1459 680 1514; x_wconf 90' lang='lat' dir='ltr'>namque</span> <span class='ocrx_word' id='word_1_167' title='bbox 703 1444 794 1502; x_wconf 91' lang='lat' dir='ltr'>dubio</span> <span class='ocrx_word' id='word_1_168' title='bbox 812 1450 945 1500; x_wconf 86' lang='lat' dir='ltr'>sensatus</span> <span class='ocrx_word' id='word_1_169' title='bbox 1000 1447 1207 1504; x_wconf 86' lang='lat' dir='ltr'>excedentium.</span> <span class='ocrx_word' id='word_1_170' title='bbox 1228 1448 1307 1515; x_wconf 85' lang='lat' dir='ltr'>Quod</span> <span class='ocrx_word' id='word_1_171' title='bbox 1330 1447 1423 1516; x_wconf 89' lang='lat' dir='ltr'>ipsius</span> <span class='ocrx_word' id='word_1_172' title='bbox 1439 1446 1480 1501; x_wconf 92' lang='lat' dir='ltr'>rei</span> <span class='ocrx_word' id='word_1_173' title='bbox 1502 1446 1665 1501; x_wconf 89' lang='lat' dir='ltr'>certissimo</span> <span class='ocrx_word' id='word_1_174' title='bbox 1688 1458 1823 1514; x_wconf 89' lang='lat' dir='ltr'>compro-</span> 
     </span>
     <span class='ocr_line' id='line_1_25' title="bbox 103 1532 1823 1604; baseline -0.001 -16"><span class='ocrx_word' id='word_1_175' title='bbox 103 1540 215 1589; x_wconf 87' lang='lat' dir='ltr'>.mente</span> <span class='ocrx_word' id='word_1_176' title='bbox 229 1534 383 1602; x_wconf 88' lang='lat' dir='ltr'>imperator</span> <span class='ocrx_word' id='word_1_177' title='bbox 397 1533 548 1588; x_wconf 87' lang='lat' dir='ltr'>Carolus...</span> <span class='ocrx_word' id='word_1_178' title='bbox 571 1541 597 1588; x_wconf 90' lang='lat' dir='ltr'>te</span> <span class='ocrx_word' id='word_1_179' title='bbox 615 1534 702 1602; x_wconf 81' lang='lat' dir='ltr'>haijus</span> <span class='ocrx_word' id='word_1_180' title='bbox 716 1533 789 1588; x_wconf 84' lang='lat' dir='ltr'>aulae</span> <span class='ocrx_word' id='word_1_181' title='bbox 803 1532 944 1601; x_wconf 81' lang='lat' dir='ltr'>hospitem</span> <span class='ocrx_word' id='word_1_182' title='bbox 1000 1536 1085 1590; x_wconf 88' lang='lat' dir='ltr'>batur</span> <span class='ocrx_word' id='word_1_183' title='bbox 1103 1535 1201 1604; x_wconf 81' lang='lat' dir='ltr'>exitn3</span> <span class='ocrx_word' id='word_1_184' title='bbox 1222 1535 1289 1604; x_wconf 93' lang='lat' dir='ltr'>quia</span> <span class='ocrx_word' id='word_1_185' title='bbox 1302 1535 1376 1604; x_wconf 93' lang='lat' dir='ltr'>quod</span> <span class='ocrx_word' id='word_1_186' title='bbox 1393 1534 1502 1589; x_wconf 92' lang='lat' dir='ltr'>dudum</span> <span class='ocrx_word' id='word_1_187' title='bbox 1521 1533 1568 1588; x_wconf 91' lang='lat' dir='ltr'>bis</span> <span class='ocrx_word' id='word_1_188' title='bbox 1590 1533 1668 1587; x_wconf 91' lang='lat' dir='ltr'>mille</span> <span class='ocrx_word' id='word_1_189' title='bbox 1684 1532 1823 1603; x_wconf 86' lang='lat' dir='ltr'>nequibat</span> 
     </span>
     <span class='ocr_line' id='line_1_26' title="bbox 122 1618 1822 1692; baseline 0 -17"><span class='ocrx_word' id='word_1_190' title='bbox 122 1628 186 1692; x_wconf 90' lang='lat' dir='ltr'>post</span> <span class='ocrx_word' id='word_1_191' title='bbox 200 1620 287 1676; x_wconf 85' lang='lat' dir='ltr'>beatae</span> <span class='ocrx_word' id='word_1_192' title='bbox 304 1621 445 1676; x_wconf 84' lang='lat' dir='ltr'>memoriae</span> <span class='ocrx_word' id='word_1_193' title='bbox 459 1621 598 1692; x_wconf 89' lang='lat' dir='ltr'>virginem</span> <span class='ocrx_word' id='word_1_194' title='bbox 611 1621 672 1677; x_wconf 90' lang='lat' dir='ltr'>vult</span> <span class='ocrx_word' id='word_1_195' title='bbox 688 1620 817 1690; x_wconf 83' lang='lat' dir='ltr'>gloriari,</span> <span class='ocrx_word' id='word_1_196' title='bbox 841 1627 870 1676; x_wconf 91' lang='lat' dir='ltr'>ut</span> <span class='ocrx_word' id='word_1_197' title='bbox 886 1624 947 1675; x_wconf 89' lang='lat' dir='ltr'>erat</span> <span class='ocrx_word' id='word_1_198' title='bbox 1003 1623 1107 1677; x_wconf 90' lang='lat' dir='ltr'>moveri</span> <span class='ocrx_word' id='word_1_199' title='bbox 1122 1621 1256 1676; x_wconf 92' lang='lat' dir='ltr'>manibus</span> <span class='ocrx_word' id='word_1_200' title='bbox 1281 1621 1441 1683; x_wconf 81' lang='lat' dir='ltr'>hominum,</span> <span class='ocrx_word' id='word_1_201' title='bbox 1463 1634 1539 1676; x_wconf 91' lang='lat' dir='ltr'>nunc</span> <span class='ocrx_word' id='word_1_202' title='bbox 1564 1619 1695 1675; x_wconf 89' lang='lat' dir='ltr'>cernitur</span> <span class='ocrx_word' id='word_1_203' title='bbox 1716 1618 1822 1675; x_wconf 89' lang='lat' dir='ltr'>deferri</span> 
     </span>
     <span class='ocr_line' id='line_1_27' title="bbox 120 1706 1824 1795; baseline 0 -32"><span class='ocrx_word' id='word_1_204' title='bbox 120 1722 247 1778; x_wconf 90' lang='lat' dir='ltr'>consequ</span> <span class='ocrx_word' id='word_1_205' title='bbox 268 1722 301 1762; x_wconf 93' lang='lat' dir='ltr'>ns</span> <span class='ocrx_word' id='word_1_206' title='bbox 321 1709 411 1764; x_wconf 88' lang='lat' dir='ltr'>totius</span> <span class='ocrx_word' id='word_1_207' title='bbox 435 1708 558 1764; x_wconf 81' lang='lat' dir='ltr'>‹lorrainii</span> <span class='ocrx_word' id='word_1_208' title='bbox 574 1723 607 1764; x_wconf 91' lang='lat' dir='ltr'>ac</span> <span class='ocrx_word' id='word_1_209' title='bbox 631 1708 759 1763; x_wconf 78' lang='lat' dir='ltr'>basilicae</span> <span class='ocrx_word' id='word_1_210' title='bbox 775 1707 943 1777; x_wconf 86' lang='lat' dir='ltr'>principem.</span> <span class='ocrx_word' id='word_1_211' title='bbox 960 1736 986 1795; x_wconf 74' lang='lat' dir='ltr'>B</span> <span class='ocrx_word' id='word_1_212' title='bbox 1001 1706 1824 1779; x_wconf 80' lang='lat' dir='ltr'>binorumscapirlisepiscoporumpraesentisovllisusquc</span> 
     </span>
     <span class='ocr_line' id='line_1_28' title="bbox 121 1795 1826 1868; baseline -0.001 -16"><span class='ocrx_word' id='word_1_213' title='bbox 121 1796 337 1865; x_wconf 78' lang='lat' dir='ltr'>Quodiiinitos</span> <span class='ocrx_word' id='word_1_214' title='bbox 349 1797 464 1867; x_wconf 89' lang='lat' dir='ltr'>cognito</span> <span class='ocrx_word' id='word_1_215' title='bbox 479 1797 514 1851; x_wconf 93' lang='lat' dir='ltr'>de</span> <span class='ocrx_word' id='word_1_216' title='bbox 527 1796 654 1853; x_wconf 92' lang='lat' dir='ltr'>locorum</span> <span class='ocrx_word' id='word_1_217' title='bbox 671 1808 747 1851; x_wconf 89' lang='lat' dir='ltr'>more</span> <span class='ocrx_word' id='word_1_218' title='bbox 764 1795 880 1863; x_wconf 87' lang='lat' dir='ltr'>plicatis</span> <span class='ocrx_word' id='word_1_219' title='bbox 895 1808 948 1848; x_wconf 93' lang='lat' dir='ltr'>va-</span> <span class='ocrx_word' id='word_1_220' title='bbox 1004 1800 1163 1855; x_wconf 75' lang='lat' dir='ltr'>luntrium.</span> <span class='ocrx_word' id='word_1_221' title='bbox 1181 1801 1222 1865; x_wconf 77' lang='lat' dir='ltr'>Et,</span> <span class='ocrx_word' id='word_1_222' title='bbox 1246 1805 1277 1852; x_wconf 90' lang='lat' dir='ltr'>nt</span> <span class='ocrx_word' id='word_1_223' title='bbox 1292 1797 1463 1868; x_wconf 90' lang='lat' dir='ltr'>quibusdam</span> <span class='ocrx_word' id='word_1_224' title='bbox 1488 1802 1650 1852; x_wconf 89' lang='lat' dir='ltr'>nostrorum</span> <span class='ocrx_word' id='word_1_225' title='bbox 1667 1803 1735 1851; x_wconf 91' lang='lat' dir='ltr'>tunc</span> <span class='ocrx_word' id='word_1_226' title='bbox 1751 1801 1826 1851; x_wconf 88' lang='lat' dir='ltr'>tcm-</span> 
     </span>
     <span class='ocr_line' id='line_1_29' title="bbox 122 1882 1827 1959; baseline -0.002 -17"><span class='ocrx_word' id='word_1_227' title='bbox 122 1887 183 1942; x_wconf 90' lang='lat' dir='ltr'>diis</span> <span class='ocrx_word' id='word_1_228' title='bbox 197 1886 339 1956; x_wconf 89' lang='lat' dir='ltr'>quidquid</span> <span class='ocrx_word' id='word_1_229' title='bbox 357 1892 383 1941; x_wconf 92' lang='lat' dir='ltr'>te</span> <span class='ocrx_word' id='word_1_230' title='bbox 393 1885 500 1940; x_wconf 89' lang='lat' dir='ltr'>sentire</span> <span class='ocrx_word' id='word_1_231' title='bbox 516 1885 611 1954; x_wconf 90' lang='lat' dir='ltr'>potuit</span> <span class='ocrx_word' id='word_1_232' title='bbox 626 1883 707 1954; x_wconf 87' lang='lat' dir='ltr'>velle,</span> <span class='ocrx_word' id='word_1_233' title='bbox 725 1898 776 1953; x_wconf 90' lang='lat' dir='ltr'>pro</span> <span class='ocrx_word' id='word_1_234' title='bbox 794 1897 874 1953; x_wconf 90' lang='lat' dir='ltr'>posse</span> <span class='ocrx_word' id='word_1_235' title='bbox 891 1884 949 1938; x_wconf 87' lang='lat' dir='ltr'>im-</span> <span class='ocrx_word' id='word_1_236' title='bbox 1004 1887 1082 1959; x_wconf 92' lang='lat' dir='ltr'>poris</span> <span class='ocrx_word' id='word_1_237' title='bbox 1104 1887 1286 1956; x_wconf 76' lang='lat' dir='ltr'>praesentium</span> <span class='ocrx_word' id='word_1_238' title='bbox 1302 1885 1429 1954; x_wconf 89' lang='lat' dir='ltr'>ipsorum</span> <span class='ocrx_word' id='word_1_239' title='bbox 1446 1896 1494 1939; x_wconf 93' lang='lat' dir='ltr'>orc</span> <span class='ocrx_word' id='word_1_240' title='bbox 1509 1883 1651 1952; x_wconf 91' lang='lat' dir='ltr'>prolatum</span> <span class='ocrx_word' id='word_1_241' title='bbox 1668 1882 1759 1939; x_wconf 89' lang='lat' dir='ltr'>inisse</span> <span class='ocrx_word' id='word_1_242' title='bbox 1776 1884 1827 1939; x_wconf 89' lang='lat' dir='ltr'>di·</span> 
     </span>
     <span class='ocr_line' id='line_1_30' title="bbox 123 1970 1826 2049; baseline -0.01 -20"><span class='ocrx_word' id='word_1_243' title='bbox 123 1970 949 2044; x_wconf 84' lang='lat' dir='ltr'>periulidictocitiusdevotanientenondistulitlibenter</span> <span class='ocrx_word' id='word_1_244' title='bbox 1003 1976 1153 2049; x_wconf 72' lang='lat' dir='ltr'>gnoscltur</span> <span class='ocrx_word' id='word_1_245' title='bbox 1184 1972 1384 2041; x_wconf 68' lang='lat' dir='ltr'>deferentium,</span> <span class='ocrx_word' id='word_1_246' title='bbox 1408 1979 1465 2027; x_wconf 77' lang='lat' dir='ltr'>eam</span> <span class='ocrx_word' id='word_1_247' title='bbox 1488 1970 1640 2027; x_wconf 63' lang='lat' dir='ltr'>videbatur</span> <span class='ocrx_word' id='word_1_248' title='bbox 1666 1971 1728 2027; x_wconf 68' lang='lat' dir='ltr'>pppis</span> <span class='ocrx_word' id='word_1_249' title='bbox 1750 1970 1826 2028; x_wconf 65' lang='lat' dir='ltr'>fem</span> 
     </span>
     <span class='ocr_line' id='line_1_31' title="bbox 123 2057 1824 2132; baseline -0.01 -15"><span class='ocrx_word' id='word_1_250' title='bbox 123 2061 267 2131; x_wconf 80' lang='lat' dir='ltr'>supplere.</span> <span class='ocrx_word' id='word_1_251' title='bbox 292 2061 332 2116; x_wconf 70' lang='lat' dir='ltr'>Ab</span> <span class='ocrx_word' id='word_1_252' title='bbox 351 2061 455 2117; x_wconf 79' lang='lat' dir='ltr'>tldilltle</span> <span class='ocrx_word' id='word_1_253' title='bbox 475 2061 530 2116; x_wconf 69' lang='lat' dir='ltr'>falle</span> <span class='ocrx_word' id='word_1_254' title='bbox 547 2058 694 2129; x_wconf 78' lang='lat' dir='ltr'>imperiale</span> <span class='ocrx_word' id='word_1_255' title='bbox 715 2058 812 2113; x_wconf 88' lang='lat' dir='ltr'>sanxit</span> <span class='ocrx_word' id='word_1_256' title='bbox 827 2057 949 2128; x_wconf 76' lang='lat' dir='ltr'>privile·</span> <span class='ocrx_word' id='word_1_257' title='bbox 1004 2080 1077 2121; x_wconf 83' lang='lat' dir='ltr'>onus</span> <span class='ocrx_word' id='word_1_258' title='bbox 1090 2064 1277 2132; x_wconf 59' lang='lat' dir='ltr'>levissimum,</span> <span class='ocrx_word' id='word_1_259' title='bbox 1294 2077 1326 2118; x_wconf 73' lang='lat' dir='ltr'>ag</span> <span class='ocrx_word' id='word_1_260' title='bbox 1341 2061 1365 2118; x_wconf 75' lang='lat' dir='ltr'>gi</span> <span class='ocrx_word' id='word_1_261' title='bbox 1379 2061 1457 2117; x_wconf 79' lang='lat' dir='ltr'>ompl</span> <span class='ocrx_word' id='word_1_262' title='bbox 1474 2061 1692 2117; x_wconf 73' lang='lat' dir='ltr'>quomqpepet</span> <span class='ocrx_word' id='word_1_263' title='bbox 1703 2074 1824 2116; x_wconf 69' lang='lat' dir='ltr'>vacuum</span> 
     </span>
     <span class='ocr_line' id='line_1_32' title="bbox 95 2146 1828 2225; baseline -0.01 -18"><span class='ocrx_word' id='word_1_264' title='bbox 95 2220 98 2225; x_wconf 27' lang='grc' dir='ltr'>Ι</span> <span class='ocrx_word' id='word_1_265' title='bbox 123 2151 215 2224; x_wconf 87' lang='lat' dir='ltr'>glum,</span> <span class='ocrx_word' id='word_1_266' title='bbox 231 2157 261 2205; x_wconf 92' lang='lat' dir='ltr'>nt</span> <span class='ocrx_word' id='word_1_267' title='bbox 274 2151 349 2205; x_wconf 88' lang='lat' dir='ltr'>inter</span> <span class='ocrx_word' id='word_1_268' title='bbox 369 2158 434 2206; x_wconf 92' lang='lat' dir='ltr'>tuos</span> <span class='ocrx_word' id='word_1_269' title='bbox 449 2156 609 2220; x_wconf 78' lang='lat' dir='ltr'>sanctaque</span> <span class='ocrx_word' id='word_1_270' title='bbox 622 2148 718 2203; x_wconf 84' lang='lat' dir='ltr'>itariae</span> <span class='ocrx_word' id='word_1_271' title='bbox 732 2146 856 2203; x_wconf 89' lang='lat' dir='ltr'>famulos</span> <span class='ocrx_word' id='word_1_272' title='bbox 869 2147 948 2203; x_wconf 92' lang='lat' dir='ltr'>nulla</span> <span class='ocrx_word' id='word_1_273' title='bbox 1004 2169 1061 2225; x_wconf 76' lang='lat' dir='ltr'>quo</span> <span class='ocrx_word' id='word_1_274' title='bbox 1082 2167 1145 2210; x_wconf 77' lang='lat' dir='ltr'>ossa</span> <span class='ocrx_word' id='word_1_275' title='bbox 1168 2152 1343 2208; x_wconf 66' lang='lat' dir='ltr'>vellebantur</span> <span class='ocrx_word' id='word_1_276' title='bbox 1366 2150 1441 2205; x_wconf 72' lang='lat' dir='ltr'>pean</span> <span class='ocrx_word' id='word_1_277' title='bbox 1468 2163 1547 2219; x_wconf 67' lang='lat' dir='ltr'>pqpae</span> <span class='ocrx_word' id='word_1_278' title='bbox 1576 2147 1722 2218; x_wconf 63' lang='lat' dir='ltr'>capulum,</span> <span class='ocrx_word' id='word_1_279' title='bbox 1749 2148 1828 2204; x_wconf 63' lang='lat' dir='ltr'>unde</span> 
     </span>
     <span class='ocr_line' id='line_1_33' title="bbox 122 2234 1826 2310; baseline -0.012 -14"><span class='ocrx_word' id='word_1_280' title='bbox 122 2241 265 2296; x_wconf 89' lang='lat' dir='ltr'>distantia</span> <span class='ocrx_word' id='word_1_281' title='bbox 285 2239 456 2310; x_wconf 92' lang='lat' dir='ltr'>nullumque</span> <span class='ocrx_word' id='word_1_282' title='bbox 475 2239 610 2308; x_wconf 88' lang='lat' dir='ltr'>deinceps</span> <span class='ocrx_word' id='word_1_283' title='bbox 633 2235 743 2293; x_wconf 80' lang='lat' dir='ltr'>adforet</span> <span class='ocrx_word' id='word_1_284' title='bbox 761 2234 949 2307; x_wconf 77' lang='lat' dir='ltr'>digladiabile</span> <span class='ocrx_word' id='word_1_285' title='bbox 1005 2244 1122 2298; x_wconf 67' lang='lat' dir='ltr'>minime</span> <span class='ocrx_word' id='word_1_286' title='bbox 1136 2242 1282 2309; x_wconf 59' lang='lat' dir='ltr'>pensitans,</span> <span class='ocrx_word' id='word_1_287' title='bbox 1309 2252 1380 2310; x_wconf 71' lang='lat' dir='ltr'>papa</span> <span class='ocrx_word' id='word_1_288' title='bbox 1405 2238 1494 2307; x_wconf 58' lang='lat' dir='ltr'>peste,</span> <span class='ocrx_word' id='word_1_289' title='bbox 1519 2237 1604 2292; x_wconf 62' lang='lat' dir='ltr'>crepo</span> <span class='ocrx_word' id='word_1_290' title='bbox 1619 2236 1694 2307; x_wconf 74' lang='lat' dir='ltr'>quoq</span> <span class='ocrx_word' id='word_1_291' title='bbox 1718 2235 1826 2293; x_wconf 67' lang='lat' dir='ltr'>ppvpnae</span> 
     </span>
     <span class='ocr_line' id='line_1_34' title="bbox 122 2324 1826 2401; baseline -0.013 2"><span class='ocrx_word' id='word_1_292' title='bbox 122 2329 294 2401; x_wconf 60' lang='lat' dir='ltr'>dlfflldissffli</span> <span class='ocrx_word' id='word_1_293' title='bbox 308 2329 355 2383; x_wconf 63' lang='lat'>⁸⁰1¹</span> <span class='ocrx_word' id='word_1_294' title='bbox 379 2334 410 2384; x_wconf 62' lang='lat' dir='ltr'>ul</span> <span class='ocrx_word' id='word_1_295' title='bbox 425 2334 549 2382; x_wconf 60' lang='lat' dir='ltr'>vestium</span> <span class='ocrx_word' id='word_1_296' title='bbox 576 2326 777 2396; x_wconf 50' lang='lat' dir='ltr'>&amp;humililer</span> <span class='ocrx_word' id='word_1_297' title='bbox 792 2324 950 2379; x_wconf 55' lang='lat' dir='ltr'>”luissent</span> <span class='ocrx_word' id='word_1_298' title='bbox 1003 2331 1161 2388; x_wconf 89' lang='lat' dir='ltr'>voluntatis</span> <span class='ocrx_word' id='word_1_299' title='bbox 1173 2329 1333 2399; x_wconf 88' lang='lat' dir='ltr'>obsequens</span> <span class='ocrx_word' id='word_1_300' title='bbox 1350 2327 1447 2384; x_wconf 90' lang='lat' dir='ltr'>munio</span> <span class='ocrx_word' id='word_1_301' title='bbox 1458 2327 1572 2383; x_wconf 84' lang='lat' dir='ltr'>cunctis</span> <span class='ocrx_word' id='word_1_302' title='bbox 1586 2326 1711 2380; x_wconf 73' lang='lat' dir='ltr'>Franciae</span> <span class='ocrx_word' id='word_1_303' title='bbox 1724 2324 1826 2395; x_wconf 90' lang='lat' dir='ltr'>profu-</span> 
     </span>
     <span class='ocr_line' id='line_1_35' title="bbox 123 2413 1830 2488; baseline -0.012 1"><span class='ocrx_word' id='word_1_304' title='bbox 123 2418 243 2488; x_wconf 87' lang='lat' dir='ltr'>exsequi</span> <span class='ocrx_word' id='word_1_305' title='bbox 260 2417 421 2485; x_wconf 66' lang='lat' dir='ltr'>seillllssfflt</span> <span class='ocrx_word' id='word_1_306' title='bbox 441 2415 543 2485; x_wconf 60' lang='lat' dir='ltr'>aefidili</span> <span class='ocrx_word' id='word_1_307' title='bbox 562 2413 726 2470; x_wconf 65' lang='lat' dir='ltr'>s0lel0ss¹¹¹l</span> <span class='ocrx_word' id='word_1_308' title='bbox 742 2414 864 2483; x_wconf 76' lang='lat' dir='ltr'>F0¹¹tlere</span> <span class='ocrx_word' id='word_1_309' title='bbox 877 2427 951 2481; x_wconf 78' lang='lat' dir='ltr'>pirae-</span> <span class='ocrx_word' id='word_1_310' title='bbox 1004 2422 1080 2477; x_wconf 90' lang='lat' dir='ltr'>turis</span> <span class='ocrx_word' id='word_1_311' title='bbox 1100 2419 1204 2475; x_wconf 88' lang='lat' dir='ltr'>incolis</span> <span class='ocrx_word' id='word_1_312' title='bbox 1219 2416 1397 2488; x_wconf 89' lang='lat' dir='ltr'>requiescere</span> <span class='ocrx_word' id='word_1_313' title='bbox 1412 2416 1551 2485; x_wconf 92' lang='lat' dir='ltr'>cupiebas</span> <span class='ocrx_word' id='word_1_314' title='bbox 1565 2413 1619 2470; x_wconf 86' lang='lat' dir='ltr'>sub</span> <span class='ocrx_word' id='word_1_315' title='bbox 1640 2413 1740 2470; x_wconf 90' lang='lat' dir='ltr'>umbra</span> <span class='ocrx_word' id='word_1_316' title='bbox 1760 2428 1830 2485; x_wconf 88' lang='lat' dir='ltr'>cry-</span> 
     </span>
     <span class='ocr_line' id='line_1_36' title="bbox 124 2500 1829 2579; baseline -0.012 -17"><span class='ocrx_word' id='word_1_317' title='bbox 124 2507 294 2562; x_wconf 89' lang='lat' dir='ltr'>bendarum.</span> <span class='ocrx_word' id='word_1_318' title='bbox 316 2506 350 2559; x_wconf 86' lang='lat' dir='ltr'>t&#39;t</span> <span class='ocrx_word' id='word_1_319' title='bbox 373 2511 466 2560; x_wconf 88' lang='lat' dir='ltr'>autem</span> <span class='ocrx_word' id='word_1_320' title='bbox 493 2504 545 2558; x_wconf 92' lang='lat' dir='ltr'>hoc</span> <span class='ocrx_word' id='word_1_321' title='bbox 570 2502 664 2558; x_wconf 87' lang='lat' dir='ltr'>securi</span> <span class='ocrx_word' id='word_1_322' title='bbox 689 2501 779 2557; x_wconf 91' lang='lat' dir='ltr'>totius</span> <span class='ocrx_word' id='word_1_323' title='bbox 803 2500 951 2556; x_wconf 77' lang='lat' dir='ltr'>saecularis</span> <span class='ocrx_word' id='word_1_324' title='bbox 1006 2501 1829 2579; x_wconf 63' lang='lat' dir='ltr'>pglrumpasjlicaeaseaqps,Quanxumpenpqueapeopgm</span> 
     </span>
     <span class='ocr_line' id='line_1_37' title="bbox 126 2589 1830 2675; baseline -0.011 -24"><span class='ocrx_word' id='word_1_325' title='bbox 126 2589 953 2675; x_wconf 78' lang='lat' dir='ltr'>iriopla‚nbsqoeqlllnsiinpednnendintercapedinequl·</span> <span class='ocrx_word' id='word_1_326' title='bbox 1005 2603 1131 2665; x_wconf 72' lang='lat' dir='ltr'>tempore</span> <span class='ocrx_word' id='word_1_327' title='bbox 1152 2595 1238 2665; x_wconf 73' lang='lat' dir='ltr'>polim</span> <span class='ocrx_word' id='word_1_328' title='bbox 1254 2594 1334 2650; x_wconf 80' lang='lat' dir='ltr'>locus</span> <span class='ocrx_word' id='word_1_329' title='bbox 1353 2593 1407 2647; x_wconf 78' lang='lat' dir='ltr'>iste</span> <span class='ocrx_word' id='word_1_330' title='bbox 1429 2598 1479 2647; x_wconf 78' lang='lat' dir='ltr'>tuo</span> <span class='ocrx_word' id='word_1_331' title='bbox 1504 2589 1574 2646; x_wconf 70' lang='lat' dir='ltr'>[elix</span> <span class='ocrx_word' id='word_1_332' title='bbox 1596 2595 1753 2658; x_wconf 65' lang='lat' dir='ltr'>stemmate,</span> <span class='ocrx_word' id='word_1_333' title='bbox 1776 2589 1830 2644; x_wconf 69' lang='lat' dir='ltr'>eppa</span> 
     </span>
     <span class='ocr_line' id='line_1_38' title="bbox 125 2677 1831 2755; baseline -0.004 -16"><span class='ocrx_word' id='word_1_334' title='bbox 125 2686 237 2740; x_wconf 88' lang='lat' dir='ltr'>vissent</span> <span class='ocrx_word' id='word_1_335' title='bbox 264 2696 356 2753; x_wconf 89' lang='lat' dir='ltr'>agere,</span> <span class='ocrx_word' id='word_1_336' title='bbox 387 2695 438 2736; x_wconf 87' lang='lat' dir='ltr'>sua</span> <span class='ocrx_word' id='word_1_337' title='bbox 462 2682 497 2736; x_wconf 91' lang='lat' dir='ltr'>de</span> <span class='ocrx_word' id='word_1_338' title='bbox 521 2680 637 2750; x_wconf 90' lang='lat' dir='ltr'>propria</span> <span class='ocrx_word' id='word_1_339' title='bbox 664 2677 853 2748; x_wconf 88' lang='lat' dir='ltr'>supellectile,</span> <span class='ocrx_word' id='word_1_340' title='bbox 887 2691 952 2733; x_wconf 88' lang='lat' dir='ltr'>cum</span> <span class='ocrx_word' id='word_1_341' title='bbox 1007 2687 1127 2755; x_wconf 74' lang='lat' dir='ltr'>laquens</span> <span class='ocrx_word' id='word_1_342' title='bbox 1142 2683 1230 2738; x_wconf 91' lang='lat' dir='ltr'>frater</span> <span class='ocrx_word' id='word_1_343' title='bbox 1246 2682 1436 2749; x_wconf 87' lang='lat' dir='ltr'>ille,·mentc</span> <span class='ocrx_word' id='word_1_344' title='bbox 1451 2680 1551 2746; x_wconf 87' lang='lat' dir='ltr'>crevit,</span> <span class='ocrx_word' id='word_1_345' title='bbox 1574 2691 1644 2748; x_wconf 91' lang='lat' dir='ltr'>papa</span> <span class='ocrx_word' id='word_1_346' title='bbox 1660 2684 1767 2747; x_wconf 87' lang='lat' dir='ltr'>sancte,</span> <span class='ocrx_word' id='word_1_347' title='bbox 1788 2678 1831 2734; x_wconf 92' lang='lat' dir='ltr'>sic</span> 
     </span>
     <span class='ocr_line' id='line_1_39' title="bbox 125 2765 1332 2842; baseline -0.012 -14"><span class='ocrx_word' id='word_1_348' title='bbox 125 2773 206 2829; x_wconf 82' lang='lat' dir='ltr'>oanni</span> <span class='ocrx_word' id='word_1_349' title='bbox 224 2787 286 2842; x_wconf 79' lang='lat' dir='ltr'>que</span> <span class='ocrx_word' id='word_1_350' title='bbox 301 2771 398 2826; x_wconf 87' lang='lat' dir='ltr'>adesse</span> <span class='ocrx_word' id='word_1_351' title='bbox 411 2768 561 2824; x_wconf 88' lang='lat' dir='ltr'>videbatur</span> <span class='ocrx_word' id='word_1_352' title='bbox 575 2767 746 2823; x_wconf 81' lang='lat' dir='ltr'>Francorum</span> <span class='ocrx_word' id='word_1_353' title='bbox 762 2779 816 2821; x_wconf 95' lang='lat' dir='ltr'>non</span> <span class='ocrx_word' id='word_1_354' title='bbox 834 2765 953 2820; x_wconf 89' lang='lat' dir='ltr'>minima</span> <span class='ocrx_word' id='word_1_355' title='bbox 1008 2787 1093 2830; x_wconf 64' lang='lat' dir='ltr'>orsus</span> <span class='ocrx_word' id='word_1_356' title='bbox 1105 2779 1173 2828; x_wconf 70' lang='lat' dir='ltr'>euno</span> <span class='ocrx_word' id='word_1_357' title='bbox 1199 2771 1332 2827; x_wconf 51' lang='lat' dir='ltr'>melfiam</span> 
     </span>
    </p>

    <p class='ocr_par' dir='ltr' id='par_1_8' title="bbox 125 2856 1003 5412">
     <span class='ocr_line' id='line_1_40' title="bbox 128 2856 953 2932; baseline -0.01 -16"><span class='ocrx_word' id='word_1_358' title='bbox 128 2861 280 2932; x_wconf 74' lang='lat' dir='ltr'>phalange,</span> <span class='ocrx_word' id='word_1_359' title='bbox 293 2859 346 2914; x_wconf 90' lang='lat' dir='ltr'>sub</span> <span class='ocrx_word' id='word_1_360' title='bbox 356 2860 382 2914; x_wconf 89' lang='lat' dir='ltr'>cl</span> <span class='ocrx_word' id='word_1_361' title='bbox 394 2857 520 2913; x_wconf 82' lang='lat' dir='ltr'>arissimo</span> <span class='ocrx_word' id='word_1_362' title='bbox 530 2857 574 2912; x_wconf 93' lang='lat' dir='ltr'>tui</span> <span class='ocrx_word' id='word_1_363' title='bbox 587 2856 831 2923; x_wconf 88' lang='lat' dir='ltr'>nominisdecore,</span> <span class='ocrx_word' id='word_1_364' title='bbox 842 2867 953 2909; x_wconf 92' lang='lat' dir='ltr'>omnem</span> 
     </span>
     <span class='ocr_line' id='line_1_41' title="bbox 127 2942 957 3018; baseline -0.011 -13"><span class='ocrx_word' id='word_1_365' title='bbox 127 2942 957 3018; x_wconf 76' lang='lat' dir='ltr'>dotemhujusaulaeregiaeduplicibusdonariisimperia·</span> 
     </span>
     <span class='ocr_line' id='line_1_42' title="bbox 125 3029 954 3105; baseline -0.013 -11"><span class='ocrx_word' id='word_1_366' title='bbox 125 3037 196 3094; x_wconf 91' lang='lat' dir='ltr'>liter</span> <span class='ocrx_word' id='word_1_367' title='bbox 210 3038 321 3093; x_wconf 90' lang='lat' dir='ltr'>curavit</span> <span class='ocrx_word' id='word_1_368' title='bbox 332 3035 479 3105; x_wconf 90' lang='lat' dir='ltr'>ampliare.</span> <span class='ocrx_word' id='word_1_369' title='bbox 497 3036 584 3089; x_wconf 86' lang='lat' dir='ltr'>Nemo</span> <span class='ocrx_word' id='word_1_370' title='bbox 599 3032 703 3087; x_wconf 90' lang='lat' dir='ltr'>etenim</span> <span class='ocrx_word' id='word_1_371' title='bbox 718 3029 780 3085; x_wconf 95' lang='lat' dir='ltr'>illic</span> <span class='ocrx_word' id='word_1_372' title='bbox 793 3035 862 3086; x_wconf 92' lang='lat' dir='ltr'>tunc</span> <span class='ocrx_word' id='word_1_373' title='bbox 873 3031 954 3084; x_wconf 84' lang='lat' dir='ltr'>Fran·</span> 
     </span>
     <span class='ocr_line' id='line_1_43' title="bbox 126 3094 991 3191; baseline -0.012 -9"><span class='ocrx_word' id='word_1_374' title='bbox 126 3141 227 3183; x_wconf 89' lang='lat' dir='ltr'>corum</span> <span class='ocrx_word' id='word_1_375' title='bbox 243 3125 420 3181; x_wconf 85' lang='lat' dir='ltr'>exercituum</span> <span class='ocrx_word' id='word_1_376' title='bbox 434 3123 514 3178; x_wconf 87' lang='lat' dir='ltr'>visus</span> <span class='ocrx_word' id='word_1_377' title='bbox 537 3127 590 3191; x_wconf 89' lang='lat' dir='ltr'>est,</span> <span class='ocrx_word' id='word_1_378' title='bbox 604 3120 654 3190; x_wconf 90' lang='lat' dir='ltr'>qui</span> <span class='ocrx_word' id='word_1_379' title='bbox 673 3119 755 3188; x_wconf 76' lang='lat' dir='ltr'>iuxta</span> <span class='ocrx_word' id='word_1_380' title='bbox 780 3131 861 3187; x_wconf 91' lang='lat' dir='ltr'>posse</span> <span class='ocrx_word' id='word_1_381' title='bbox 886 3094 991 3187; x_wconf 86' lang='lat' dir='ltr'>pro-C</span> 
     </span>
     <span class='ocr_line' id='line_1_44' title="bbox 129 3206 956 3287; baseline -0.015 -16"><span class='ocrx_word' id='word_1_382' title='bbox 129 3217 225 3287; x_wconf 88' lang='lat' dir='ltr'>prium</span> <span class='ocrx_word' id='word_1_383' title='bbox 239 3215 307 3270; x_wconf 90' lang='lat' dir='ltr'>huic</span> <span class='ocrx_word' id='word_1_384' title='bbox 318 3212 444 3269; x_wconf 73' lang='lat' dir='ltr'>ecclesiae</span> <span class='ocrx_word' id='word_1_385' title='bbox 457 3211 597 3280; x_wconf 88' lang='lat' dir='ltr'>denegare</span> <span class='ocrx_word' id='word_1_386' title='bbox 608 3208 747 3264; x_wconf 87' lang='lat' dir='ltr'>voluisset</span> <span class='ocrx_word' id='word_1_387' title='bbox 757 3206 888 3261; x_wconf 88' lang='lat' dir='ltr'>beneficii</span> <span class='ocrx_word' id='word_1_388' title='bbox 899 3206 956 3260; x_wconf 89' lang='lat' dir='ltr'>do-</span> 
     </span>
     <span class='ocr_line' id='line_1_45' title="bbox 129 3293 952 3370; baseline -0.016 -9"><span class='ocrx_word' id='word_1_389' title='bbox 129 3305 267 3361; x_wconf 91' lang='lat' dir='ltr'>nativum.</span> <span class='ocrx_word' id='word_1_390' title='bbox 298 3301 369 3370; x_wconf 86' lang='lat' dir='ltr'>Quis</span> <span class='ocrx_word' id='word_1_391' title='bbox 391 3313 513 3370; x_wconf 88' lang='lat' dir='ltr'>namque</span> <span class='ocrx_word' id='word_1_392' title='bbox 536 3297 700 3353; x_wconf 91' lang='lat' dir='ltr'>mortalium</span> <span class='ocrx_word' id='word_1_393' title='bbox 728 3301 784 3351; x_wconf 75' lang='lat' dir='ltr'>hm</span> <span class='ocrx_word' id='word_1_394' title='bbox 813 3293 952 3350; x_wconf 90' lang='lat' dir='ltr'>obstinati</span> 
     </span>
     <span class='ocr_line' id='line_1_46' title="bbox 128 3382 956 3465; baseline -0.016 -16"><span class='ocrx_word' id='word_1_395' title='bbox 128 3393 253 3465; x_wconf 80' lang='lat' dir='ltr'>pectoris</span> <span class='ocrx_word' id='word_1_396' title='bbox 274 3406 306 3447; x_wconf 91' lang='lat' dir='ltr'>co</span> <span class='ocrx_word' id='word_1_397' title='bbox 323 3390 378 3446; x_wconf 92' lang='lat' dir='ltr'>loci</span> <span class='ocrx_word' id='word_1_398' title='bbox 389 3389 488 3444; x_wconf 83' lang='lat' dir='ltr'>adesse</span> <span class='ocrx_word' id='word_1_399' title='bbox 505 3392 614 3457; x_wconf 88' lang='lat' dir='ltr'>poterat</span> <span class='ocrx_word' id='word_1_400' title='bbox 630 3384 680 3454; x_wconf 88' lang='lat' dir='ltr'>qni</span> <span class='ocrx_word' id='word_1_401' title='bbox 692 3389 734 3439; x_wconf 92' lang='lat' dir='ltr'>tot</span> <span class='ocrx_word' id='word_1_402' title='bbox 748 3382 820 3438; x_wconf 88' lang='lat' dir='ltr'>visis</span> <span class='ocrx_word' id='word_1_403' title='bbox 834 3382 956 3437; x_wconf 90' lang='lat' dir='ltr'>miracu·</span> 
     </span>
     <span class='ocr_line' id='line_1_47' title="bbox 129 3471 956 3551; baseline -0.017 -13"><span class='ocrx_word' id='word_1_404' title='bbox 129 3482 224 3539; x_wconf 90' lang='lat' dir='ltr'>lorum</span> <span class='ocrx_word' id='word_1_405' title='bbox 239 3480 332 3551; x_wconf 83' lang='lat' dir='ltr'>signis</span> <span class='ocrx_word' id='word_1_406' title='bbox 355 3480 384 3533; x_wconf 94' lang='lat' dir='ltr'>in</span> <span class='ocrx_word' id='word_1_407' title='bbox 398 3477 494 3534; x_wconf 88' lang='lat' dir='ltr'>eadem</span> <span class='ocrx_word' id='word_1_408' title='bbox 513 3474 672 3531; x_wconf 90' lang='lat' dir='ltr'>solitudine</span> <span class='ocrx_word' id='word_1_409' title='bbox 692 3471 820 3542; x_wconf 88' lang='lat' dir='ltr'>triplicia</span> <span class='ocrx_word' id='word_1_410' title='bbox 844 3474 956 3526; x_wconf 80' lang='lat' dir='ltr'>aetarnae</span> 
     </span>
     <span class='ocr_line' id='line_1_48' title="bbox 128 3560 956 3641; baseline -0.013 -15"><span class='ocrx_word' id='word_1_411' title='bbox 128 3572 238 3627; x_wconf 89' lang='lat' dir='ltr'>virtute</span> <span class='ocrx_word' id='word_1_412' title='bbox 252 3577 428 3641; x_wconf 87' lang='lat' dir='ltr'>peractorum</span> <span class='ocrx_word' id='word_1_413' title='bbox 451 3564 584 3636; x_wconf 82' lang='lat' dir='ltr'>potentiae</span> <span class='ocrx_word' id='word_1_414' title='bbox 600 3563 668 3618; x_wconf 91' lang='lat' dir='ltr'>huic</span> <span class='ocrx_word' id='word_1_415' title='bbox 682 3561 762 3617; x_wconf 91' lang='lat' dir='ltr'>beato</span> <span class='ocrx_word' id='word_1_416' title='bbox 779 3574 857 3631; x_wconf 77' lang='lat' dir='ltr'>papae</span> <span class='ocrx_word' id='word_1_417' title='bbox 872 3560 956 3628; x_wconf 87' lang='lat' dir='ltr'>cujus</span> 
     </span>
     <span class='ocr_line' id='line_1_49' title="bbox 130 3648 956 3727; baseline -0.016 -11"><span class='ocrx_word' id='word_1_418' title='bbox 130 3660 236 3716; x_wconf 87' lang='lat' dir='ltr'>fiebant</span> <span class='ocrx_word' id='word_1_419' title='bbox 251 3659 351 3714; x_wconf 78' lang='lat' dir='ltr'>interito</span> <span class='ocrx_word' id='word_1_420' title='bbox 367 3655 531 3727; x_wconf 88' lang='lat' dir='ltr'>requirente</span> <span class='ocrx_word' id='word_1_421' title='bbox 547 3651 732 3708; x_wconf 83' lang='lat' dir='ltr'>famulaturis</span> <span class='ocrx_word' id='word_1_422' title='bbox 752 3648 880 3720; x_wconf 77' lang='lat' dir='ltr'>lugitivie</span> <span class='ocrx_word' id='word_1_423' title='bbox 900 3661 956 3703; x_wconf 93' lang='lat' dir='ltr'>non</span> 
     </span>
     <span class='ocr_line' id='line_1_50' title="bbox 130 3736 958 3820; baseline -0.016 -17"><span class='ocrx_word' id='word_1_424' title='bbox 130 3748 295 3820; x_wconf 83' lang='lat' dir='ltr'>provideret</span> <span class='ocrx_word' id='word_1_425' title='bbox 305 3745 430 3800; x_wconf 90' lang='lat' dir='ltr'>tribuere</span> <span class='ocrx_word' id='word_1_426' title='bbox 441 3738 812 3813; x_wconf 79' lang='lat' dir='ltr'>‹puoaleronturdonnrium</span> <span class='ocrx_word' id='word_1_427' title='bbox 828 3736 958 3793; x_wconf 91' lang='lat' dir='ltr'>substan·</span> 
     </span>
     <span class='ocr_line' id='line_1_51' title="bbox 131 3826 959 3899; baseline -0.018 -5"><span class='ocrx_word' id='word_1_428' title='bbox 131 3838 204 3894; x_wconf 82' lang='lat' dir='ltr'>tiae‘l</span> <span class='ocrx_word' id='word_1_429' title='bbox 217 3837 285 3892; x_wconf 90' lang='lat' dir='ltr'>dum</span> <span class='ocrx_word' id='word_1_430' title='bbox 301 3840 358 3891; x_wconf 87' lang='lat' dir='ltr'>tres</span> <span class='ocrx_word' id='word_1_431' title='bbox 380 3846 470 3889; x_wconf 78' lang='lat' dir='ltr'>cecos</span> <span class='ocrx_word' id='word_1_432' title='bbox 483 3831 588 3899; x_wconf 89' lang='lat' dir='ltr'>visum,</span> <span class='ocrx_word' id='word_1_433' title='bbox 605 3835 663 3884; x_wconf 90' lang='lat' dir='ltr'>tres</span> <span class='ocrx_word' id='word_1_434' title='bbox 687 3840 773 3897; x_wconf 88' lang='lat' dir='ltr'>atquc</span> <span class='ocrx_word' id='word_1_435' title='bbox 788 3826 891 3882; x_wconf 91' lang='lat' dir='ltr'>surdos</span> <span class='ocrx_word' id='word_1_436' title='bbox 902 3839 959 3880; x_wconf 89' lang='lat' dir='ltr'>au-</span> 
     </span>
     <span class='ocr_line' id='line_1_52' title="bbox 130 3912 955 3996; baseline -0.018 -14"><span class='ocrx_word' id='word_1_437' title='bbox 130 3927 238 3996; x_wconf 88' lang='lat' dir='ltr'>ditum,</span> <span class='ocrx_word' id='word_1_438' title='bbox 250 3924 346 3979; x_wconf 91' lang='lat' dir='ltr'>tribus</span> <span class='ocrx_word' id='word_1_439' title='bbox 357 3937 407 3978; x_wconf 87' lang='lat' dir='ltr'>nec</span> <span class='ocrx_word' id='word_1_440' title='bbox 417 3935 470 3977; x_wconf 85' lang='lat' dir='ltr'>iton</span> <span class='ocrx_word' id='word_1_441' title='bbox 487 3915 670 3975; x_wconf 90' lang='lat' dir='ltr'>mutissolvit</span> <span class='ocrx_word' id='word_1_442' title='bbox 683 3914 788 3985; x_wconf 77' lang='lat' dir='ltr'>linguae</span> <span class='ocrx_word' id='word_1_443' title='bbox 798 3912 955 3980; x_wconf 81' lang='lat' dir='ltr'>siliculum,</span> 
     </span>
     <span class='ocr_line' id='line_1_53' title="bbox 134 4001 959 4085; baseline -0.018 -16"><span class='ocrx_word' id='word_1_444' title='bbox 134 4013 307 4085; x_wconf 79' lang='lat' dir='ltr'>paralyticos</span> <span class='ocrx_word' id='word_1_445' title='bbox 329 4023 442 4082; x_wconf 71' lang='lat' dir='ltr'>equoque</span> <span class='ocrx_word' id='word_1_446' title='bbox 465 4006 696 4079; x_wconf 88' lang='lat' dir='ltr'>quamplurimos</span> <span class='ocrx_word' id='word_1_447' title='bbox 710 4010 775 4057; x_wconf 90' lang='lat' dir='ltr'>ante</span> <span class='ocrx_word' id='word_1_448' title='bbox 789 4001 863 4057; x_wconf 88' lang='lat' dir='ltr'>beati</span> <span class='ocrx_word' id='word_1_449' title='bbox 882 4014 959 4071; x_wconf 74' lang='lat' dir='ltr'>parve</span> 
     </span>
     <span class='ocr_line' id='line_1_54' title="bbox 133 4091 960 4171; baseline -0.021 -12"><span class='ocrx_word' id='word_1_450' title='bbox 133 4104 241 4160; x_wconf 89' lang='lat' dir='ltr'>ostium</span> <span class='ocrx_word' id='word_1_451' title='bbox 259 4102 388 4171; x_wconf 75' lang='lat' dir='ltr'>pristinae</span> <span class='ocrx_word' id='word_1_452' title='bbox 399 4097 533 4156; x_wconf 82' lang='lat' dir='ltr'>salvitatis</span> <span class='ocrx_word' id='word_1_453' title='bbox 545 4094 674 4150; x_wconf 82' lang='lat' dir='ltr'>banniret</span> <span class='ocrx_word' id='word_1_454' title='bbox 688 4091 780 4148; x_wconf 91' lang='lat' dir='ltr'>oculis</span> <span class='ocrx_word' id='word_1_455' title='bbox 793 4102 960 4158; x_wconf 86' lang='lat' dir='ltr'>recuperare</span> 
     </span>
     <span class='ocr_line' id='line_1_55' title="bbox 135 4178 960 4257; baseline -0.021 -9"><span class='ocrx_word' id='word_1_456' title='bbox 135 4192 302 4248; x_wconf 84' lang='lat' dir='ltr'>veiriedium.</span> <span class='ocrx_word' id='word_1_457' title='bbox 331 4189 410 4257; x_wconf 72' lang='lat' dir='ltr'>fland</span> <span class='ocrx_word' id='word_1_458' title='bbox 434 4186 584 4242; x_wconf 76' lang='lat' dir='ltr'>verissima</span> <span class='ocrx_word' id='word_1_459' title='bbox 610 4181 768 4238; x_wconf 88' lang='lat' dir='ltr'>assertione</span> <span class='ocrx_word' id='word_1_460' title='bbox 789 4178 960 4234; x_wconf 87' lang='lat' dir='ltr'>testificatur</span> 
     </span>
     <span class='ocr_line' id='line_1_56' title="bbox 134 4265 961 4347; baseline -0.019 -12"><span class='ocrx_word' id='word_1_461' title='bbox 134 4280 229 4336; x_wconf 89' lang='lat' dir='ltr'>adhuc</span> <span class='ocrx_word' id='word_1_462' title='bbox 243 4278 340 4334; x_wconf 92' lang='lat' dir='ltr'>crucis</span> <span class='ocrx_word' id='word_1_463' title='bbox 352 4275 532 4347; x_wconf 74' lang='lat' dir='ltr'>signaculum</span> <span class='ocrx_word' id='word_1_464' title='bbox 550 4273 579 4328; x_wconf 93' lang='lat' dir='ltr'>in</span> <span class='ocrx_word' id='word_1_465' title='bbox 593 4270 689 4326; x_wconf 88' lang='lat' dir='ltr'>codem</span> <span class='ocrx_word' id='word_1_466' title='bbox 706 4269 768 4324; x_wconf 92' lang='lat' dir='ltr'>loco</span> <span class='ocrx_word' id='word_1_467' title='bbox 781 4265 898 4322; x_wconf 91' lang='lat' dir='ltr'>sublimi</span> <span class='ocrx_word' id='word_1_468' title='bbox 911 4265 961 4320; x_wconf 90' lang='lat' dir='ltr'>sti·</span> 
     </span>
     <span class='ocr_line' id='line_1_57' title="bbox 136 4352 961 4436; baseline -0.021 -14"><span class='ocrx_word' id='word_1_469' title='bbox 136 4366 302 4436; x_wconf 88' lang='lat' dir='ltr'>piteiixuxn.</span> <span class='ocrx_word' id='word_1_470' title='bbox 319 4364 391 4418; x_wconf 88' lang='lat' dir='ltr'>lline</span> <span class='ocrx_word' id='word_1_471' title='bbox 406 4374 504 4429; x_wconf 89' lang='lat' dir='ltr'>nempe</span> <span class='ocrx_word' id='word_1_472' title='bbox 515 4365 624 4414; x_wconf 86' lang='lat' dir='ltr'>tantum</span> <span class='ocrx_word' id='word_1_473' title='bbox 642 4357 669 4411; x_wconf 93' lang='lat' dir='ltr'>in</span> <span class='ocrx_word' id='word_1_474' title='bbox 687 4356 821 4411; x_wconf 89' lang='lat' dir='ltr'>bonorem</span> <span class='ocrx_word' id='word_1_475' title='bbox 835 4352 961 4408; x_wconf 65' lang='lat' dir='ltr'>excrevit</span> 
     </span>
     <span class='ocr_line' id='line_1_58' title="bbox 136 4441 1003 4535; baseline -0.021 -25"><span class='ocrx_word' id='word_1_476' title='bbox 136 4455 218 4510; x_wconf 75' lang='lat' dir='ltr'>locrus</span> <span class='ocrx_word' id='word_1_477' title='bbox 229 4454 293 4522; x_wconf 91' lang='lat' dir='ltr'>iste,</span> <span class='ocrx_word' id='word_1_478' title='bbox 307 4458 347 4521; x_wconf 89' lang='lat' dir='ltr'>ut,</span> <span class='ocrx_word' id='word_1_479' title='bbox 359 4451 412 4506; x_wconf 91' lang='lat' dir='ltr'>etsi</span> <span class='ocrx_word' id='word_1_480' title='bbox 426 4450 455 4504; x_wconf 95' lang='lat' dir='ltr'>in</span> <span class='ocrx_word' id='word_1_481' title='bbox 466 4454 507 4505; x_wconf 92' lang='lat' dir='ltr'>tot</span> <span class='ocrx_word' id='word_1_482' title='bbox 517 4447 630 4502; x_wconf 90' lang='lat' dir='ltr'>vicibus</span> <span class='ocrx_word' id='word_1_483' title='bbox 640 4450 769 4514; x_wconf 89' lang='lat' dir='ltr'>repertus</span> <span class='ocrx_word' id='word_1_484' title='bbox 782 4441 962 4510; x_wconf 71' lang='lat' dir='ltr'>forctjmttu-</span> <span class='ocrx_word' id='word_1_485' title='bbox 975 4474 1003 4535; x_wconf 80' lang='lat' dir='ltr'>D</span> 
     </span>
     <span class='ocr_line' id='line_1_59' title="bbox 137 4534 964 4610; baseline -0.019 -11"><span class='ocrx_word' id='word_1_486' title='bbox 137 4549 227 4610; x_wconf 90' lang='lat' dir='ltr'>ratus,</span> <span class='ocrx_word' id='word_1_487' title='bbox 244 4542 343 4598; x_wconf 89' lang='lat' dir='ltr'>nullus</span> <span class='ocrx_word' id='word_1_488' title='bbox 357 4541 483 4595; x_wconf 92' lang='lat' dir='ltr'>locorum</span> <span class='ocrx_word' id='word_1_489' title='bbox 500 4536 625 4592; x_wconf 74' lang='lat' dir='ltr'>Francia</span> <span class='ocrx_word' id='word_1_490' title='bbox 642 4534 710 4589; x_wconf 91' lang='lat' dir='ltr'>huic</span> <span class='ocrx_word' id='word_1_491' title='bbox 729 4546 759 4588; x_wconf 90' lang='lat' dir='ltr'>se</span> <span class='ocrx_word' id='word_1_492' title='bbox 772 4535 876 4587; x_wconf 89' lang='lat' dir='ltr'>ornata</span> <span class='ocrx_word' id='word_1_493' title='bbox 896 4543 964 4598; x_wconf 65' lang='grc' dir='ltr'>μνω-</span> 
     </span>
     <span class='ocr_line' id='line_1_60' title="bbox 137 4615 963 4699; baseline -0.019 -14"><span class='ocrx_word' id='word_1_494' title='bbox 137 4630 307 4699; x_wconf 88' lang='lat' dir='ltr'>sumpsisset</span> <span class='ocrx_word' id='word_1_495' title='bbox 325 4627 468 4683; x_wconf 86' lang='lat' dir='ltr'>ullontndn</span> <span class='ocrx_word' id='word_1_496' title='bbox 483 4637 656 4692; x_wconf 68' lang='lat' dir='ltr'>‹ciampacare</span> <span class='ocrx_word' id='word_1_497' title='bbox 669 4621 720 4676; x_wconf 81' lang='lat' dir='ltr'>Sed</span> <span class='ocrx_word' id='word_1_498' title='bbox 736 4619 784 4675; x_wconf 90' lang='lat' dir='ltr'>nbi</span> <span class='ocrx_word' id='word_1_499' title='bbox 797 4631 869 4687; x_wconf 75' lang='lat' dir='ltr'>saepe</span> <span class='ocrx_word' id='word_1_500' title='bbox 886 4615 963 4687; x_wconf 85' lang='lat' dir='ltr'>ignis</span> 
     </span>
     <span class='ocr_line' id='line_1_61' title="bbox 138 4704 963 4787; baseline -0.018 -15"><span class='ocrx_word' id='word_1_501' title='bbox 138 4733 241 4773; x_wconf 88' lang='lat' dir='ltr'>vorans</span> <span class='ocrx_word' id='word_1_502' title='bbox 260 4718 390 4787; x_wconf 85' lang='lat' dir='ltr'>exigente</span> <span class='ocrx_word' id='word_1_503' title='bbox 411 4713 508 4786; x_wconf 91' lang='lat' dir='ltr'>populi</span> <span class='ocrx_word' id='word_1_504' title='bbox 535 4711 606 4766; x_wconf 91' lang='lat' dir='ltr'>mole</span> <span class='ocrx_word' id='word_1_505' title='bbox 623 4709 817 4780; x_wconf 85' lang='lat' dir='ltr'>peccaminum</span> <span class='ocrx_word' id='word_1_506' title='bbox 834 4704 963 4759; x_wconf 88' lang='lat' dir='ltr'>accidere</span> 
     </span>
     <span class='ocr_line' id='line_1_62' title="bbox 136 4790 964 4877; baseline -0.021 -15"><span class='ocrx_word' id='word_1_507' title='bbox 136 4808 330 4877; x_wconf 83' lang='lat' dir='ltr'>dignoscitur,</span> <span class='ocrx_word' id='word_1_508' title='bbox 354 4804 501 4859; x_wconf 85' lang='lat' dir='ltr'>excidium</span> <span class='ocrx_word' id='word_1_509' title='bbox 524 4798 705 4872; x_wconf 76' lang='lat' dir='ltr'>graverinum</span> <span class='ocrx_word' id='word_1_510' title='bbox 723 4804 750 4850; x_wconf 86' lang='lat' dir='ltr'>et</span> <span class='ocrx_word' id='word_1_511' title='bbox 764 4790 964 4849; x_wconf 83' lang='lat' dir='ltr'>inextricabile</span> 
     </span>
     <span class='ocr_line' id='line_1_63' title="bbox 139 4880 966 4960; baseline -0.019 -11"><span class='ocrx_word' id='word_1_512' title='bbox 139 4895 319 4950; x_wconf 85' lang='lat' dir='ltr'>terrestrium</span> <span class='ocrx_word' id='word_1_513' title='bbox 336 4892 498 4948; x_wconf 72' lang='lat' dir='ltr'>ieoiisuoscit</span> <span class='ocrx_word' id='word_1_514' title='bbox 514 4902 611 4960; x_wconf 85' lang='lat' dir='ltr'>parcre</span> <span class='ocrx_word' id='word_1_515' title='bbox 622 4884 816 4955; x_wconf 89' lang='lat' dir='ltr'>dispendium.</span> <span class='ocrx_word' id='word_1_516' title='bbox 830 4884 890 4936; x_wconf 83' lang='lat' dir='ltr'>Non</span> <span class='ocrx_word' id='word_1_517' title='bbox 908 4880 966 4935; x_wconf 87' lang='lat' dir='ltr'>vni-</span> 
     </span>
     <span class='ocr_line' id='line_1_64' title="bbox 139 4970 964 5053; baseline -0.015 -15"><span class='ocrx_word' id='word_1_518' title='bbox 139 4990 220 5039; x_wconf 90' lang='lat' dir='ltr'>retur</span> <span class='ocrx_word' id='word_1_519' title='bbox 231 4979 607 5053; x_wconf 89' lang='lat' dir='ltr'>itaquequisassistentium</span> <span class='ocrx_word' id='word_1_520' title='bbox 622 4979 786 5045; x_wconf 75' lang='lat' dir='ltr'>presentem</span> <span class='ocrx_word' id='word_1_521' title='bbox 798 4970 964 5027; x_wconf 85' lang='lat' dir='ltr'>lorumauri</span> 
     </span>
     <span class='ocr_line' id='line_1_65' title="bbox 138 5062 965 5141; baseline -0.018 -16"><span class='ocrx_word' id='word_1_522' title='bbox 138 5070 309 5141; x_wconf 85' lang='lat' dir='ltr'>argentique</span> <span class='ocrx_word' id='word_1_523' title='bbox 332 5072 414 5141; x_wconf 73' lang='lat' dir='ltr'>cripta</span> <span class='ocrx_word' id='word_1_524' title='bbox 440 5069 591 5135; x_wconf 90' lang='lat' dir='ltr'>nudatum,</span> <span class='ocrx_word' id='word_1_525' title='bbox 615 5064 682 5134; x_wconf 89' lang='lat' dir='ltr'>quia</span> <span class='ocrx_word' id='word_1_526' title='bbox 702 5062 748 5117; x_wconf 89' lang='lat' dir='ltr'>bis</span> <span class='ocrx_word' id='word_1_527' title='bbox 772 5064 836 5131; x_wconf 91' lang='lat' dir='ltr'>post</span> <span class='ocrx_word' id='word_1_528' title='bbox 853 5070 965 5129; x_wconf 83' lang='lat' dir='ltr'>gravem</span> 
     </span>
     <span class='ocr_line' id='line_1_66' title="bbox 141 5146 968 5221; baseline -0.025 0"><span class='ocrx_word' id='word_1_529' title='bbox 141 5160 299 5221; x_wconf 88' lang='lat' dir='ltr'>labentium</span> <span class='ocrx_word' id='word_1_530' title='bbox 320 5163 495 5218; x_wconf 86' lang='lat' dir='ltr'>invasionem</span> <span class='ocrx_word' id='word_1_531' title='bbox 522 5160 700 5214; x_wconf 86' lang='lat' dir='ltr'>flammarum</span> <span class='ocrx_word' id='word_1_532' title='bbox 705 5191 768 5207; x_wconf 92' lang='grc'>......</span> <span class='ocrx_word' id='word_1_533' title='bbox 799 5146 968 5204; x_wconf 86' lang='lat' dir='ltr'>cedentibus</span> 
     </span>
     <span class='ocr_line' id='line_1_67' title="bbox 141 5233 968 5315; baseline -0.028 -4"><span class='ocrx_word' id='word_1_534' title='bbox 141 5269 198 5311; x_wconf 88' lang='lat' dir='ltr'>non</span> <span class='ocrx_word' id='word_1_535' title='bbox 223 5253 279 5309; x_wconf 85' lang='lat' dir='ltr'>erit</span> <span class='ocrx_word' id='word_1_536' title='bbox 296 5255 507 5309; x_wconf 87' lang='lat' dir='ltr'>restauratum:</span> <span class='ocrx_word' id='word_1_537' title='bbox 533 5248 580 5303; x_wconf 90' lang='lat' dir='ltr'>sed</span> <span class='ocrx_word' id='word_1_538' title='bbox 599 5244 695 5315; x_wconf 88' lang='lat' dir='ltr'>potius</span> <span class='ocrx_word' id='word_1_539' title='bbox 715 5239 767 5297; x_wconf 92' lang='lat' dir='ltr'>tali</span> <span class='ocrx_word' id='word_1_540' title='bbox 791 5249 906 5293; x_wconf 87' lang='lat' dir='ltr'>cessans</span> <span class='ocrx_word' id='word_1_541' title='bbox 932 5233 968 5290; x_wconf 92' lang='lat' dir='ltr'>ab</span> 
     </span>
     <span class='ocr_line' id='line_1_68' title="bbox 140 5321 968 5412; baseline -0.028 -11"><span class='ocrx_word' id='word_1_542' title='bbox 140 5342 343 5412; x_wconf 88' lang='lat' dir='ltr'>admiratione,</span> <span class='ocrx_word' id='word_1_543' title='bbox 355 5339 470 5397; x_wconf 87' lang='lat' dir='ltr'>Cliristo</span> <span class='ocrx_word' id='word_1_544' title='bbox 484 5341 593 5408; x_wconf 86' lang='lat' dir='ltr'>satagat</span> <span class='ocrx_word' id='word_1_545' title='bbox 608 5345 706 5404; x_wconf 84' lang='lat' dir='ltr'>proces</span> <span class='ocrx_word' id='word_1_546' title='bbox 720 5325 892 5398; x_wconf 89' lang='lat' dir='ltr'>suppliciter</span> <span class='ocrx_word' id='word_1_547' title='bbox 906 5321 968 5379; x_wconf 91' lang='lat' dir='ltr'>lun·</span> 
     </span>
    </p>
   </div>
   <div class='ocr_carea' id='block_1_8' title="bbox 1084 2909 1625 5372">
    <p class='ocr_par' dir='ltr' id='par_1_9' title="bbox 1150 2909 1518 3159">
     <span class='ocr_line' id='line_1_69' title="bbox 1151 2909 1487 2981; baseline -0.012 -12"><span class='ocrx_word' id='word_1_548' title='bbox 1151 2914 1200 2969; x_wconf 88' lang='lat' dir='ltr'>Est</span> <span class='ocrx_word' id='word_1_549' title='bbox 1216 2913 1296 2969; x_wconf 88' lang='lat' dir='ltr'>locus</span> <span class='ocrx_word' id='word_1_550' title='bbox 1311 2911 1411 2967; x_wconf 84' lang='lat' dir='ltr'>beatas</span> <span class='ocrx_word' id='word_1_551' title='bbox 1428 2909 1487 2981; x_wconf 89' lang='lat' dir='ltr'>illo,</span> 
     </span>
     <span class='ocr_line' id='line_1_70' title="bbox 1150 2998 1473 3067; baseline -0.015 -10"><span class='ocrx_word' id='word_1_552' title='bbox 1150 3001 1263 3057; x_wconf 86' lang='lat' dir='ltr'>Corneli</span> <span class='ocrx_word' id='word_1_553' title='bbox 1279 2998 1473 3067; x_wconf 88' lang='lat' dir='ltr'>sanctissime,</span> 
     </span>
     <span class='ocr_line' id='line_1_71' title="bbox 1152 3092 1518 3159; baseline -0.016 -15"><span class='ocrx_word' id='word_1_554' title='bbox 1152 3092 1217 3147; x_wconf 84' lang='lat' dir='ltr'>Post</span> <span class='ocrx_word' id='word_1_555' title='bbox 1231 3100 1336 3159; x_wconf 89' lang='lat' dir='ltr'>agones</span> <span class='ocrx_word' id='word_1_556' title='bbox 1350 3093 1378 3141; x_wconf 92' lang='lat' dir='ltr'>et</span> <span class='ocrx_word' id='word_1_557' title='bbox 1388 3098 1518 3151; x_wconf 89' lang='lat' dir='ltr'>coronas,</span> 
     </span>
    </p>

    <p class='ocr_par' dir='ltr' id='par_1_10' title="bbox 1084 3177 1521 3423">
     <span class='ocr_line' id='line_1_72' title="bbox 1084 3177 1497 3249; baseline -0.022 -12"><span class='ocrx_word' id='word_1_558' title='bbox 1084 3186 1087 3191; x_wconf 87' lang='lat'>&#39;</span> <span class='ocrx_word' id='word_1_559' title='bbox 1149 3180 1211 3249; x_wconf 81' lang='lat' dir='ltr'>Quo</span> <span class='ocrx_word' id='word_1_560' title='bbox 1226 3177 1354 3248; x_wconf 84' lang='lat' dir='ltr'>quiescis</span> <span class='ocrx_word' id='word_1_561' title='bbox 1368 3186 1497 3243; x_wconf 88' lang='lat' dir='ltr'>corpore,</span> 
     </span>
     <span class='ocr_line' id='line_1_73' title="bbox 1150 3261 1521 3339; baseline -0.024 -13"><span class='ocrx_word' id='word_1_562' title='bbox 1150 3268 1204 3339; x_wconf 80' lang='lat' dir='ltr'>dur</span> <span class='ocrx_word' id='word_1_563' title='bbox 1220 3274 1270 3323; x_wconf 91' lang='lat' dir='ltr'>tuo</span> <span class='ocrx_word' id='word_1_564' title='bbox 1282 3263 1353 3320; x_wconf 81' lang='lat' dir='ltr'>felix</span> <span class='ocrx_word' id='word_1_565' title='bbox 1373 3261 1521 3332; x_wconf 88' lang='lat' dir='ltr'>triumpho</span> 
     </span>
     <span class='ocr_line' id='line_1_74' title="bbox 1151 3356 1480 3423; baseline -0.033 -9"><span class='ocrx_word' id='word_1_566' title='bbox 1151 3356 1299 3414; x_wconf 86' lang='lat' dir='ltr'>Gloriatur</span> <span class='ocrx_word' id='word_1_567' title='bbox 1312 3359 1480 3423; x_wconf 77' lang='lat' dir='ltr'>prepotens.</span> 
     </span>
    </p>

    <p class='ocr_par' dir='ltr' id='par_1_11' title="bbox 1153 3437 1625 3599">
     <span class='ocr_line' id='line_1_75' title="bbox 1179 3437 1625 3513; baseline -0.013 -14"><span class='ocrx_word' id='word_1_568' title='bbox 1179 3445 1267 3499; x_wconf 82' lang='lat' dir='ltr'>Roma</span> <span class='ocrx_word' id='word_1_569' title='bbox 1283 3441 1437 3513; x_wconf 87' lang='lat' dir='ltr'>quondam,</span> <span class='ocrx_word' id='word_1_570' title='bbox 1460 3444 1488 3495; x_wconf 86' lang='lat' dir='ltr'>te</span> <span class='ocrx_word' id='word_1_571' title='bbox 1503 3437 1625 3494; x_wconf 85' lang='lat' dir='ltr'>fruendo</span> 
     </span>
     <span class='ocr_line' id='line_1_76' title="bbox 1153 3529 1453 3599; baseline -0.017 -10"><span class='ocrx_word' id='word_1_572' title='bbox 1153 3529 1453 3599; x_wconf 87' lang='lat' dir='ltr'>Pullulabatactlbus,</span> 
     </span>
    </p>

    <p class='ocr_par' dir='ltr' id='par_1_12' title="bbox 1153 3615 1574 3944">
     <span class='ocr_line' id='line_1_77' title="bbox 1153 3615 1519 3680; baseline -0.025 0"><span class='ocrx_word' id='word_1_573' title='bbox 1153 3626 1235 3680; x_wconf 88' lang='lat' dir='ltr'>Nunc</span> <span class='ocrx_word' id='word_1_574' title='bbox 1250 3630 1298 3678; x_wconf 88' lang='lat' dir='ltr'>tua</span> <span class='ocrx_word' id='word_1_575' title='bbox 1314 3620 1421 3676; x_wconf 91' lang='lat' dir='ltr'>virtute</span> <span class='ocrx_word' id='word_1_576' title='bbox 1446 3615 1519 3674; x_wconf 89' lang='lat' dir='ltr'>fulta</span> 
     </span>
     <span class='ocr_line' id='line_1_78' title="bbox 1154 3705 1466 3769; baseline -0.029 0"><span class='ocrx_word' id='word_1_577' title='bbox 1154 3711 1324 3769; x_wconf 87' lang='lat' dir='ltr'>Gratulatur</span> <span class='ocrx_word' id='word_1_578' title='bbox 1347 3705 1466 3763; x_wconf 84' lang='lat' dir='ltr'>Francia</span> 
     </span>
     <span class='ocr_line' id='line_1_79' title="bbox 1156 3792 1574 3871; baseline -0.022 -14"><span class='ocrx_word' id='word_1_579' title='bbox 1156 3799 1303 3871; x_wconf 86' lang='lat' dir='ltr'>Prosperis</span> <span class='ocrx_word' id='word_1_580' title='bbox 1326 3797 1475 3865; x_wconf 91' lang='lat' dir='ltr'>versisque</span> <span class='ocrx_word' id='word_1_581' title='bbox 1488 3792 1574 3849; x_wconf 85' lang='lat' dir='ltr'>rebus</span> 
     </span>
     <span class='ocr_line' id='line_1_80' title="bbox 1155 3883 1454 3944; baseline -0.027 1"><span class='ocrx_word' id='word_1_582' title='bbox 1155 3891 1225 3944; x_wconf 88' lang='lat' dir='ltr'>bote</span> <span class='ocrx_word' id='word_1_583' title='bbox 1243 3892 1321 3943; x_wconf 83' lang='lat' dir='ltr'>tanta</span> <span class='ocrx_word' id='word_1_584' title='bbox 1337 3883 1454 3941; x_wconf 86' lang='lat' dir='ltr'>nobilis.</span> 
     </span>
    </p>

    <p class='ocr_par' dir='ltr' id='par_1_13' title="bbox 1156 3969 1576 4477">
     <span class='ocr_line' id='line_1_81' title="bbox 1192 3969 1574 4046; baseline -0.024 -13"><span class='ocrx_word' id='word_1_585' title='bbox 1192 3977 1252 4046; x_wconf 85' lang='lat' dir='ltr'>Qua</span> <span class='ocrx_word' id='word_1_586' title='bbox 1275 3976 1341 4045; x_wconf 75' lang='lat' dir='ltr'>ptius</span> <span class='ocrx_word' id='word_1_587' title='bbox 1360 3987 1408 4028; x_wconf 93' lang='lat' dir='ltr'>rex</span> <span class='ocrx_word' id='word_1_588' title='bbox 1429 3971 1489 4027; x_wconf 78' lang='lat' dir='ltr'>aede</span> <span class='ocrx_word' id='word_1_589' title='bbox 1501 3969 1574 4026; x_wconf 89' lang='lat' dir='ltr'>facta</span> 
     </span>
     <span class='ocr_line' id='line_1_82' title="bbox 1156 4059 1520 4125; baseline -0.016 -5"><span class='ocrx_word' id='word_1_590' title='bbox 1156 4064 1318 4121; x_wconf 86' lang='lat' dir='ltr'>Transtulit</span> <span class='ocrx_word' id='word_1_591' title='bbox 1341 4069 1368 4118; x_wconf 86' lang='lat' dir='ltr'>te</span> <span class='ocrx_word' id='word_1_592' title='bbox 1390 4059 1520 4125; x_wconf 79' lang='lat' dir='ltr'>Carolus,</span> 
     </span>
     <span class='ocr_line' id='line_1_83' title="bbox 1156 4148 1576 4224; baseline -0.017 -14"><span class='ocrx_word' id='word_1_593' title='bbox 1156 4155 1246 4224; x_wconf 87' lang='lat' dir='ltr'>Cujus</span> <span class='ocrx_word' id='word_1_594' title='bbox 1266 4157 1309 4207; x_wconf 89' lang='lat' dir='ltr'>est</span> <span class='ocrx_word' id='word_1_595' title='bbox 1333 4163 1448 4223; x_wconf 73' lang='lat' dir='ltr'>enorme</span> <span class='ocrx_word' id='word_1_596' title='bbox 1464 4148 1576 4218; x_wconf 88' lang='lat' dir='ltr'>pondus</span> 
     </span>
     <span class='ocr_line' id='line_1_84' title="bbox 1159 4236 1467 4305; baseline -0.029 -7"><span class='ocrx_word' id='word_1_597' title='bbox 1159 4239 1331 4297; x_wconf 83' lang='lat' dir='ltr'>Prominenti</span> <span class='ocrx_word' id='word_1_598' title='bbox 1349 4236 1467 4305; x_wconf 89' lang='lat' dir='ltr'>fabrica,</span> 
     </span>
     <span class='ocr_line' id='line_1_85' title="bbox 1158 4322 1541 4401; baseline -0.031 -13"><span class='ocrx_word' id='word_1_599' title='bbox 1158 4332 1283 4401; x_wconf 77' lang='lat' dir='ltr'>Quaque</span> <span class='ocrx_word' id='word_1_600' title='bbox 1297 4326 1379 4382; x_wconf 86' lang='lat' dir='ltr'>valde</span> <span class='ocrx_word' id='word_1_601' title='bbox 1404 4322 1541 4393; x_wconf 90' lang='lat' dir='ltr'>pretiosis</span> 
     </span>
     <span class='ocr_line' id='line_1_86' title="bbox 1161 4412 1451 4477; baseline -0.034 -2"><span class='ocrx_word' id='word_1_602' title='bbox 1161 4419 1250 4477; x_wconf 81' lang='lat' dir='ltr'>l‘ollet</span> <span class='ocrx_word' id='word_1_603' title='bbox 1266 4418 1295 4473; x_wconf 97' lang='lat' dir='ltr'>in</span> <span class='ocrx_word' id='word_1_604' title='bbox 1310 4412 1451 4472; x_wconf 89' lang='lat' dir='ltr'>donariis.</span> 
     </span>
    </p>

    <p class='ocr_par' dir='ltr' id='par_1_14' title="bbox 1160 4498 1595 5020">
     <span class='ocr_line' id='line_1_87' title="bbox 1195 4498 1595 4578; baseline -0.033 -14"><span class='ocrx_word' id='word_1_605' title='bbox 1195 4509 1256 4578; x_wconf 83' lang='lat' dir='ltr'>Quo</span> <span class='ocrx_word' id='word_1_606' title='bbox 1272 4506 1334 4562; x_wconf 91' lang='lat' dir='ltr'>loco</span> <span class='ocrx_word' id='word_1_607' title='bbox 1344 4501 1433 4558; x_wconf 89' lang='lat' dir='ltr'>multo</span> <span class='ocrx_word' id='word_1_608' title='bbox 1447 4498 1595 4568; x_wconf 91' lang='lat' dir='ltr'>triumpho</span> 
     </span>
     <span class='ocr_line' id='line_1_88' title="bbox 1162 4590 1538 4668; baseline -0.032 -15"><span class='ocrx_word' id='word_1_609' title='bbox 1162 4597 1246 4668; x_wconf 86' lang='lat' dir='ltr'>begis</span> <span class='ocrx_word' id='word_1_610' title='bbox 1261 4601 1346 4663; x_wconf 91' lang='lat' dir='ltr'>atque</span> <span class='ocrx_word' id='word_1_611' title='bbox 1363 4590 1538 4662; x_wconf 87' lang='lat' dir='ltr'>principum,</span> 
     </span>
     <span class='ocr_line' id='line_1_89' title="bbox 1160 4676 1524 4743; baseline -0.036 0"><span class='ocrx_word' id='word_1_612' title='bbox 1160 4685 1336 4743; x_wconf 78' lang='lat' dir='ltr'>elericorum</span> <span class='ocrx_word' id='word_1_613' title='bbox 1351 4694 1414 4737; x_wconf 92' lang='lat' dir='ltr'>cum</span> <span class='ocrx_word' id='word_1_614' title='bbox 1430 4676 1524 4732; x_wconf 88' lang='lat' dir='ltr'>favore</span> 
     </span>
     <span class='ocr_line' id='line_1_90' title="bbox 1162 4767 1538 4843; baseline -0.032 -12"><span class='ocrx_word' id='word_1_615' title='bbox 1162 4778 1201 4831; x_wconf 86' lang='lat' dir='ltr'>hc</span> <span class='ocrx_word' id='word_1_616' title='bbox 1216 4777 1384 4843; x_wconf 87' lang='lat' dir='ltr'>sequentum</span> <span class='ocrx_word' id='word_1_617' title='bbox 1402 4767 1538 4831; x_wconf 86' lang='lat' dir='ltr'>militurn,</span> 
     </span>
     <span class='ocr_line' id='line_1_91' title="bbox 1162 4853 1563 4935; baseline -0.032 -15"><span class='ocrx_word' id='word_1_618' title='bbox 1162 4866 1251 4935; x_wconf 50' lang='lat' dir='ltr'>aliique</span> <span class='ocrx_word' id='word_1_619' title='bbox 1265 4859 1343 4930; x_wconf 87' lang='lat' dir='ltr'>vulgi</span> <span class='ocrx_word' id='word_1_620' title='bbox 1359 4853 1563 4928; x_wconf 89' lang='lat' dir='ltr'>perstrepentis</span> 
     </span>
     <span class='ocr_line' id='line_1_92' title="bbox 1163 4944 1498 5020; baseline -0.042 -10"><span class='ocrx_word' id='word_1_621' title='bbox 1163 4955 1200 5010; x_wconf 85' lang='lat' dir='ltr'>Es</span> <span class='ocrx_word' id='word_1_622' title='bbox 1220 4955 1350 5020; x_wconf 87' lang='lat' dir='ltr'>receptos</span> <span class='ocrx_word' id='word_1_623' title='bbox 1365 4944 1498 5016; x_wconf 90' lang='lat' dir='ltr'>pondere.</span> 
     </span>
    </p>

    <p class='ocr_par' dir='ltr' id='par_1_15' title="bbox 1163 5031 1581 5197">
     <span class='ocr_line' id='line_1_93' title="bbox 1198 5031 1581 5101; baseline -0.029 -5"><span class='ocrx_word' id='word_1_624' title='bbox 1198 5042 1323 5095; x_wconf 81' lang='lat' dir='ltr'>Tanta...</span> <span class='ocrx_word' id='word_1_625' title='bbox 1343 5035 1383 5090; x_wconf 93' lang='lat' dir='ltr'>lbi</span> <span class='ocrx_word' id='word_1_626' title='bbox 1398 5031 1581 5101; x_wconf 89' lang='lat' dir='ltr'>triumphans</span> 
     </span>
     <span class='ocr_line' id='line_1_94' title="bbox 1163 5125 1410 5197; baseline -0.045 -9"><span class='ocrx_word' id='word_1_627' title='bbox 1163 5127 1294 5187; x_wconf 72' lang='lat' dir='ltr'>illiviavil</span> <span class='ocrx_word' id='word_1_628' title='bbox 1308 5125 1410 5197; x_wconf 88' lang='lat' dir='ltr'>gloria,</span> 
     </span>
    </p>

    <p class='ocr_par' dir='ltr' id='par_1_16' title="bbox 1164 5211 1564 5372">
     <span class='ocr_line' id='line_1_95' title="bbox 1165 5211 1564 5286; baseline -0.033 -10"><span class='ocrx_word' id='word_1_629' title='bbox 1165 5221 1202 5275; x_wconf 91' lang='lat' dir='ltr'>Ut</span> <span class='ocrx_word' id='word_1_630' title='bbox 1215 5230 1309 5274; x_wconf 84' lang='lat' dir='ltr'>comes</span> <span class='ocrx_word' id='word_1_631' title='bbox 1331 5213 1438 5286; x_wconf 90' lang='lat' dir='ltr'>phebea</span> <span class='ocrx_word' id='word_1_632' title='bbox 1455 5211 1564 5280; x_wconf 90' lang='lat' dir='ltr'>lampas</span> 
     </span>
     <span class='ocr_line' id='line_1_96' title="bbox 1164 5300 1465 5372; baseline -0.037 -6"><span class='ocrx_word' id='word_1_633' title='bbox 1164 5308 1333 5366; x_wconf 84' lang='lat' dir='ltr'>crederetur</span> <span class='ocrx_word' id='word_1_634' title='bbox 1356 5300 1465 5372; x_wconf 86' lang='lat' dir='ltr'>adfore,</span> 
     </span>
    </p>
   </div>
   <div class='ocr_carea' id='block_1_9' title="bbox 178 5492 1549 5595">
    <p class='ocr_par' dir='ltr' id='par_1_17' title="bbox 178 5492 1549 5595">
     <span class='ocr_line' id='line_1_97' title="bbox 178 5492 1549 5595; baseline -0.021 -16"><span class='ocrx_word' id='word_1_635' title='bbox 178 5543 189 5569; x_wconf 80' lang='grc' dir='ltr'>ι</span> <span class='ocrx_word' id='word_1_636' title='bbox 204 5536 254 5589; x_wconf 62' lang='lat' dir='ltr'>llil·</span> <span class='ocrx_word' id='word_1_637' title='bbox 270 5537 298 5588; x_wconf 70' lang='lat' dir='ltr'>tn</span> <span class='ocrx_word' id='word_1_638' title='bbox 314 5550 363 5589; x_wconf 62' lang='lat' dir='ltr'>pes,</span> <span class='ocrx_word' id='word_1_639' title='bbox 379 5533 489 5587; x_wconf 56' lang='lat' dir='ltr'>usitetur</span> <span class='ocrx_word' id='word_1_640' title='bbox 502 5544 577 5584; x_wconf 81' lang='lat' dir='ltr'>error</span> <span class='ocrx_word' id='word_1_641' title='bbox 589 5526 692 5595; x_wconf 82' lang='lat' dir='ltr'>uliquis</span> <span class='ocrx_word' id='word_1_642' title='bbox 707 5521 882 5590; x_wconf 70' lang='lat' dir='ltr'>iriqisisse...</span> <span class='ocrx_word' id='word_1_643' title='bbox 901 5514 1023 5570; x_wconf 74' lang='lat' dir='ltr'>Forsitan</span> <span class='ocrx_word' id='word_1_644' title='bbox 1045 5508 1088 5564; x_wconf 90' lang='lat' dir='ltr'>ill.</span> <span class='ocrx_word' id='word_1_645' title='bbox 1107 5508 1177 5559; x_wconf 76' lang='lat' dir='ltr'>ferret</span> <span class='ocrx_word' id='word_1_646' title='bbox 1193 5503 1277 5555; x_wconf 81' lang='lat' dir='ltr'>loeinn</span> <span class='ocrx_word' id='word_1_647' title='bbox 1296 5499 1413 5554; x_wconf 65' lang='lat' dir='ltr'>teatininis</span> <span class='ocrx_word' id='word_1_648' title='bbox 1433 5492 1549 5565; x_wconf 80' lang='lat' dir='ltr'>proprii.</span> 
     </span>
    </p>
   </div>
   <div class='ocr_carea' id='block_1_10' title="bbox 0 0 1974 6084">
    <p class='ocr_par' dir='ltr' id='par_1_18' title="bbox 0 0 1974 6084">
     <span class='ocr_line' id='line_1_98' title="bbox 0 0 1974 6084; baseline 0 0"><span class='ocrx_word' id='word_1_649' title='bbox 0 0 1974 6084; x_wconf 95' lang='lat' dir='ltr'> </span> 
     </span>
    </p>
   </div>
  </div>
 </body>
</html>
