3876 6090
54 221 129 284 istc
475 226 607 288 rsuooo
622 228 830 291 cmmmrmr
853 233 917 293 nn.
938 232 985 292 os
1009 234 1100 294 ιιι
1126 234 1332 297 summm.
1692 233 1763 301 turc

56 351 233 424 imperatore
257 357 309 410 aut
322 367 389 428 rege
402 358 499 429 ageret
516 360 550 414 ιιι
560 357 614 414 ιιι
626 355 705 415 netas
715 355 926 440 prohiberefii
942 361 1163 433 metropolitano
1186 363 1381 436 admoneatur,
1408 370 1437 424 ot
1459 366 1628 439 presbytcri,
1643 369 1672 424 et
1693 366 1763 424 dia-

54 446 118 500 tnr.
142 443 178 498 Et
193 443 262 513 quia
281 456 364 501 nemo
387 451 448 501 erat
464 445 705 517 Christianorum,
728 462 777 519 per
800 460 883 519 quem
939 453 1017 520 conl,
1039 457 1068 508 et
1089 450 1288 510 subdiaconis
1303 468 1357 512 suo
1373 455 1517 526 episcopo,
1533 463 1566 514 ut
1579 456 1676 514 doceri
1693 470 1763 526 pos·

56 531 113 588 hoc
143 530 252 588 malum
289 532 493 605 corrigeretur,
520 535 602 592 misit
624 536 724 594 diuina
757 536 884 608 potentia
940 539 1009 607 sint,
1034 541 1260 601 admoneantur:
1281 547 1310 601 et
1332 544 1450 600 interim
1472 545 1543 602 tales
1562 545 1762 618 presbyteriet

55 620 200 693 hagellum
211 633 386 693 paganorum
397 622 432 679 ad
444 622 608 682 ulciscenda
622 630 734 696 peccata
745 626 885 683 christia·
937 626 1036 685 clerici
1059 629 1203 688 celebrare
1225 632 1324 690 divina
1340 634 1475 705 mysteria
1490 638 1519 690 et
1531 633 1625 692 ollcia
1644 648 1762 706 snspen-

55 723 171 768 norum.
203 711 273 767 Nam
299 712 534 782 supervenientes
556 715 693 772 ltaraceni
716 715 883 773 innumeros
936 714 1052 787 dantur,
1072 722 1104 775 ut
1116 719 1195 776 docti
1217 721 1329 778 caleant
1350 721 1385 778 ad
1413 720 1543 779 debitum
1566 722 1760 781 ministerium
1811 759 1815 767 -

56 798 208 856 hominurn
235 799 451 873 interfecerunt,
476 804 594 861 castella
619 807 648 860 et
668 803 754 862 urbes
777 805 882 862 multas
936 806 1093 875 pervenire.

53 896 154 960 captas
166 894 280 961 accepta
294 891 388 961 preda
404 892 464 965 igni
478 892 634 950 dedorunt:
657 894 771 950 demum
789 907 882 966 regem
971 893 1078 963 Quinto
1101 897 1291 969 conilrmavit,
1314 913 1377 971 que
1400 899 1572 958 celestinus
1593 905 1621 957 et
1642 901 1762 972 ltagnno

51 983 251 1051 expugnantes
274 978 454 1051 fugaverunt,
470 987 508 1052 et,
525 982 625 1037 multis
643 981 736 1052 captis
747 987 775 1038 et
788 982 882 1039 inter-
935 981 990 1037 Leo
1011 983 1048 1040 de
1078 986 1223 1058 episcopis
1247 987 1444 1059 instituerant,
1472 988 1618 1060 videlicet,
1644 991 1678 1045 ut
1706 1000 1761 1043 non

53 1065 149 1135 lectis,
173 1069 297 1125 maxima
320 1069 467 1127 hominum
480 1075 508 1127 et
522 1071 650 1127 omniurn
666 1084 760 1129 rerum
787 1073 881 1143 preda
935 1074 1087 1131 conveniat
1107 1076 1273 1147 episcopum
1293 1077 1467 1147 consecrari,
1493 1078 1551 1135 nisi
1567 1090 1584 1134 a
1603 1075 1719 1135 clericis
1733 1077 1762 1132 et

53 1157 154 1214 onusti
166 1158 271 1214 reversi
286 1161 362 1214 sunt.
380 1158 432 1215 llic
452 1159 597 1216 ordinavit
611 1160 761 1230 episcopos
775 1161 880 1234 viginti
935 1163 1044 1232 populo
1060 1162 1148 1221 inerit
1164 1167 1342 1236 postulatus:
1363 1168 1432 1238 quia
1448 1167 1530 1224 nulla
1547 1167 1622 1225 ratio
1640 1166 1714 1224 sinit
1730 1168 1762 1222 ut

54 1245 196 1318 quinque,
210 1246 389 1318 presbyteros
404 1252 477 1318 octo,
497 1248 635 1306 diaconos
652 1253 718 1305 tres.
934 1251 1020 1308 aliter
1030 1256 1189 1311 consecrati
1204 1256 1280 1313 inter
1293 1256 1444 1327 episcopos
1464 1256 1633 1313 habeantur.
1647 1257 1682 1312 tit
1695 1268 1758 1311 cum

345 1337 389 1393 CV
419 1368 454 1377 —
468 1337 534 1395 LEO
551 1337 595 1393 lV.
838 1408 846 1419 ι
936 1340 966 1396 in
979 1342 1076 1398 eadem
1097 1343 1217 1400 ecclesia
1230 1345 1339 1417 dignus
1361 1358 1419 1401 uon
1438 1345 1594 1414 invenitur,
1611 1349 1680 1401 tuno
1695 1343 1760 1414 pri-

322 1422 414 1498 (dnno
425 1427 526 1482 cincti
538 1424 615 1496 847.)
936 1443 1013 1486 ιιι
1024 1430 1113 1488 altera
1124 1433 1245 1490 ecclesia
1259 1434 1401 1506 eligatur,
1417 1439 1446 1491 et
1457 1434 1588 1506 quamvis
1602 1433 1759 1490 necessitas

92 1516 157 1584 Leo,
171 1515 287 1572 natione
307 1516 461 1586 Romanus,
478 1517 553 1574 sedit
575 1530 665 1574 annos
679 1522 753 1588 octo,
770 1531 881 1576 menses
935 1520 1056 1589 eveniat,
1074 1525 1167 1577 ιιιιιι
1182 1521 1325 1578 invidiose
1338 1521 1419 1579 nullo
1433 1522 1515 1580 modo
1530 1528 1721 1579 consecretur.

54 1617 116 1674 sex,
129 1605 193 1662 dies
207 1610 275 1661 tres.
288 1607 369 1662 ilunc
392 1605 511 1663 Romani
526 1620 624 1663 omnes
639 1607 816 1664 unanimiter
828 1608 882 1665 ele·
970 1608 1053 1666 Sexto
1074 1611 1221 1681 precepit,
1236 1624 1280 1681 ne,
1295 1611 1377 1680 juxta
1392 1611 1590 1668 sardicensem
1608 1610 1757 1681 synodum,

54 1698 178 1767 gerunt:
195 1699 223 1751 et
243 1695 312 1752 dum
329 1695 359 1752 in
373 1696 437 1766 elus
451 1695 590 1751 electione
611 1695 700 1751 nimis
712 1696 878 1768 gauderent,
895 1697 1013 1794 Bultra
1026 1699 1115 1755 trium
1129 1699 1372 1756 hebdomadarum
1382 1700 1507 1770 spatium
1527 1700 1683 1771 episcopia
1698 1712 1761 1769 prc

54 1788 204 1854 ceperunt
231 1783 336 1840 iterum
365 1798 421 1841 non
447 1783 630 1840 mediocriter
654 1787 831 1857 contristari,
847 1800 881 1844 eo
935 1787 1009 1858 priis
1031 1788 1162 1844 ecclesiis
1182 1794 1338 1859 morentur,
1367 1789 1425 1846 nisi
1442 1788 1515 1847 lorte
1534 1791 1759 1861 periussionem

55 1872 133 1943 quod
149 1872 213 1930 sine
226 1872 371 1943 imperiali
388 1873 559 1930 auctoritate
573 1870 704 1932 luturum
720 1888 776 1932 non
789 1876 882 1933 aude·-
934 1876 1151 1946 metropolitani
1171 1876 1213 1932 vel
1235 1877 1378 1947 principis
1393 1892 1426 1934 ex
1452 1878 1623 1937 necessitate
1642 1880 1760 1936 contiu-

54 1959 125 2016 bant
147 1974 313 2018 consecrare
334 1961 516 2035 pontificem,
537 1965 734 2034 etpericulum
749 1964 881 2022 Romane
933 1972 997 2038 gat:
1012 1964 1085 2038 qnia,
1093 1965 1223 2022 absentia
1237 1966 1368 2037 episcopi
1385 1967 1555 2039 plerumque
1568 1967 1760 2027 titcalamitas

57 2050 142 2107 urbis
163 2050 287 2108 maxime
313 2052 486 2124 metuebant,
503 2068 538 2111 ne
561 2056 675 2126 iterum,
695 2059 728 2112 ut
747 2054 828 2123 olim,
844 2055 880 2111 ah
934 2051 1036 2124 piebis.

54 2141 126 2199 aliis
135 2141 267 2199 hostibus
279 2141 358 2199 beret
369 2142 493 2200 obsessa.
507 2146 675 2203 lloctimore
689 2144 781 2202 lutnri
796 2159 881 2204 casus
968 2142 1096 2213 Septimo
1108 2142 1269 2201 necessario
1282 2143 1389 2200 seruari
1405 2145 1550 2216 precepit,
1565 2148 1597 2202 ut
1611 2146 1694 2216 juxta
1708 2159 1760 2202 ec-

57 2231 217 2301 perterriti,
230 2245 295 2288 enm
318 2232 457 2290 continuo
470 2234 633 2304 portlocan
649 2249 705 2293 non
718 2232 880 2307 exspectata
934 2232 1050 2289 ciceiam
1072 2232 1198 2289 claustra
1223 2232 1449 2302 constituantur,
1476 2233 1634 2304 inquibus
1656 2233 1758 2290 clerici

57 2319 202 2391 principis
216 2322 367 2391 sententia,
384 2328 629 2381 consecraverunt.
650 2325 701 2380 llic
722 2326 879 2383 secundum
934 2321 1102 2392 disciplinis
1127 2321 1333 2380 ecclesiasticis
1365 2321 1545 2393 imbuantur,
1570 2328 1602 2380 ιι
1621 2323 1757 2381 omnibus

56 2408 206 2480 antiquam
222 2410 459 2467 consuetudinem
472 2413 609 2469 canonica
623 2413 797 2471 auctoritate
815 2427 880 2472 con·
934 2425 1024 2469 unum
1035 2411 1076 2468 sit
1090 2410 1274 2469 refectorium
1292 2426 1325 2469 ac
1339 2412 1555 2484 dormitorium,
1567 2413 1628 2471 sire
1649 2418 1757 2471 cetere

57 2498 167 2563 stituit,
182 2503 226 2570 ut,
240 2498 309 2556 dum
325 2512 405 2556 sacra
418 2500 570 2558 missarum
585 2501 724 2558 solemnia
740 2502 770 2557 in
785 2501 881 2559 eccle-
933 2499 1053 2558 ollcine
1078 2501 1113 2557 ad
1142 2501 1396 2557 ususclericorum
1428 2503 1606 2559 necessarie.
1630 2501 1759 2559 ltinlstri

56 2587 101 2643 sia
124 2586 315 2658 celebrantur,
347 2588 446 2646 nullus
473 2603 508 2646 ex
536 2589 620 2647 laicis
647 2591 676 2647 in
704 2590 880 2663 presbyterio
933 2603 999 2646 vero
1014 2595 1079 2661 post
1090 2590 1257 2661 episcopum
1266 2589 1338 2646 tales
1353 2589 1508 2662 eligantur,
1525 2604 1648 2663 quorum
1660 2591 1760 2647 vitaet

55 2681 142 2746 stare,
172 2675 216 2732 rel
231 2676 338 2749 sedere,
365 2683 416 2734 aut
440 2677 551 2750 ingredi
576 2683 738 2748 presumat,
760 2679 817 2735 nisi
833 2678 879 2735 illi
932 2679 1062 2737 doctrina
1084 2678 1259 2749 iiiospotins
1277 2686 1414 2737 exornent
1434 2693 1520 2751 qnam
1536 2680 1731 2736 dehonestent.

55 2765 106 2836 qui
123 2765 158 2821 ad
172 2763 246 2822 hanc
261 2765 502 2822 ministrationem
524 2767 599 2824 sacri
615 2765 702 2823 oltlcil
726 2767 878 2824 constituti
968 2768 1132 2839 Octaueni
1155 2767 1283 2838 episcopi
1298 2768 1454 2841 diligenter
1474 2781 1574 2825 curam
1591 2767 1714 2824 habeant
1728 2766 1758 2824 in

55 2853 200 2910 ridentur.
221 2853 313 2923 liuius
333 2853 512 2924 temporibus
535 2854 630 2911 Rome
650 2855 680 2911 in
705 2855 877 2926 quibusdam
935 2856 1157 2927 baptismalibus
1181 2856 1324 2927 plebibus,
1346 2863 1385 2928 et,
1400 2870 1464 2914 cum
1492 2856 1647 2913 necessitas
1672 2856 1758 2915 ineis

55 2941 186 3000 cavernis
195 2941 351 3000 basiliscus
360 2947 442 3000 ortus
453 2949 505 3013 est,
518 2943 569 3013 qui
580 2944 648 3000 ttatu
663 2956 715 3000 suo
725 2943 880 3001 acrisione
936 2944 1116 3016 presbyteros
1130 2945 1285 3002 ordinandi
1295 2946 1463 3015 occurrerit,
1477 2952 1509 3003 ut
1522 2947 1699 3005 reverentius
1713 2946 1762 3004 ob·

55 3043 155 3088 omnes
178 3032 345 3090 accedentes
370 3032 497 3102 necabat,
529 3037 558 3088 et
591 3033 676 3089 morti
707 3032 876 3090 mandabat:
895 3039 1092 3147 Cseruentur,
1114 3045 1170 3089 non
1191 3031 1255 3089 sine
1273 3046 1413 3090 consensu
1431 3032 1539 3090 ibidem
1564 3033 1760 3091 habitantium

56 3132 141 3191 suem
156 3120 310 3190 predictus
323 3119 451 3191 pontifex
461 3121 495 3178 ad
507 3120 603 3190 ipsum
612 3119 738 3177 toramen
751 3121 877 3190 ueniens,
934 3123 997 3180 lieri
1011 3122 1152 3179 convenit.

55 3222 109 3265 sua
121 3208 380 3283 orationoiugavtt,
397 3215 425 3266 et
450 3209 563 3266 nullum
590 3214 686 3280 postea
701 3223 735 3266 ex
756 3209 818 3280 ipso
833 3210 880 3266 si·
968 3213 1059 3281 Nono,
1079 3216 1112 3268 ut
1126 3211 1157 3266 in
1173 3209 1381 3282 congregandis
1393 3209 1509 3267 clericis
1527 3221 1583 3266 non
1599 3209 1762 3281 pluresad-

54 3310 143 3372 gnum
158 3298 286 3356 lesionis
298 3300 441 3371 apparuit.
459 3298 511 3355 llic
524 3304 650 3356 octavam
665 3298 881 3370 hssumptionis
935 3301 1098 3367 mittantur,
1116 3313 1200 3371 quam
1217 3298 1338 3379 lacultas
1348 3312 1444 3355 rerum
1461 3298 1505 3355 eis
1519 3298 1656 3356 canonice
1671 3298 1762 3355 attri-

54 3393 162 3444 sanctae
181 3389 231 3445 liei
252 3389 403 3462 genitricis
426 3389 522 3447 llarie
543 3381 728 3446 devotissime
754 3389 879 3459 primum
935 3390 1003 3446 buta
1018 3388 1146 3446 subicere
1167 3388 1267 3459 possit.

53 3475 219 3547 celebravit,
235 3483 383 3549 etsemper
398 3478 595 3537 celebrandam
617 3492 679 3535 osse
691 3478 773 3535 tirma
788 3478 877 3534 insti·
969 3478 1096 3548 Decimo,
1107 3483 1140 3534 ut
1154 3476 1315 3533 sacerdotes
1324 3474 1463 3532 constitui
1477 3488 1534 3532 non
1549 3479 1688 3545 oporteat,
1701 3475 1758 3532 nisi

55 3567 170 3624 tutione
190 3567 344 3624 mandavit
934 3566 1076 3637 ecclesiis,
1108 3570 1160 3622 aut
1180 3564 1300 3635 speciali
1323 3564 1497 3622 monasterio
1518 3564 1702 3636 deputentur,
1726 3577 1761 3620 ne

90 3655 279 3713 llicconsilio
294 3661 322 3712 et
343 3656 455 3713 auxilio
467 3655 597 3713 Lotharii
611 3654 805 3726 imperatoris,
827 3670 880 3712 ur-
938 3655 1094 3713 necessitas
1108 3654 1139 3710 in
1157 3653 1346 3711 secularibus
1363 3652 1499 3711 domibus
1522 3652 1584 3709 illis
1606 3651 1762 3710 habitandi

54 3741 130 3812 bem
154 3757 239 3814 quam
269 3743 347 3799 circa
371 3744 520 3800 ecclesiam
546 3744 575 3799 li.
604 3745 678 3800 Petri
713 3745 878 3815 incoeperat,
934 3752 1085 3816 occurrat;
1101 3743 1262 3815 alioquina
1278 3743 1404 3814 propriis
1416 3742 1570 3814 episcopis,
1586 3748 1636 3799 aut
1650 3741 1680 3798 in
1694 3743 1762 3813 epi·

54 3831 180 3902 pleniter
194 3833 412 3900 consummarit,
434 3838 462 3889 et
477 3847 542 3889 cum
556 3833 659 3890 litania
673 3847 734 3890 earn
751 3834 881 3891 circum·
934 3833 1043 3904 scopio,
1057 3837 1109 3889 ant
1123 3833 1152 3888 in
1174 3831 1357 3889 monasteriis
1375 3843 1461 3888 causa
1480 3830 1631 3887 habitandi
1646 3835 1675 3887 et
1688 3844 1761 3888 coo-

50 3919 136 3989 dant,
159 3925 189 3976 et
213 3933 287 3993 aqua
310 3921 469 3979 exorcizata
490 3935 653 3994 aspergens,
678 3922 878 3991 sanctificavit,
933 3922 1067 3983 versandi
1092 3934 1143 3991 pro
1165 3921 1321 3978 exercendo
1349 3919 1443 3977 cilicio
1468 3920 1692 3990 constituantur,
1710 3919 1760 3977 uhi
1837 3995 1840 3999 ‚

51 4012 82 4066 et
100 4023 155 4067 suo
167 4010 347 4080 postmodum
365 4010 481 4067 nomine
495 4012 665 4067 leonianam
681 4024 741 4067 eam
757 4011 877 4069 vocarit.
936 4011 1072 4067 mulieres
1087 4008 1196 4066 nnllam
1212 4009 1335 4066 habeant
1346 4010 1458 4080 copiam
1472 3999 1670 4066 conversandi.

50 4098 107 4156 llic
122 4098 225 4156 ridens
246 4099 337 4156 multa
351 4114 404 4157 suo
427 4100 456 4156 ln
483 4105 608 4170 tempore
628 4105 727 4156 contra
749 4099 838 4156 Deum
851 4104 879 4155 ιι
970 4098 1134 4167 Undecimo,
1160 4103 1192 4155 ut
1213 4100 1375 4156 sacerdotes
1398 4098 1498 4156 divina
1522 4097 1638 4171 eloquia
1661 4097 1760 4155 sedulo

51 4187 177 4244 salutem
191 4189 353 4247 animarum
367 4189 549 4260 impudenter
563 4189 637 4260 lieri,
657 4189 781 4246 consilio
794 4189 880 4259 impe
934 4193 1160 4261 perscrutentur,
1177 4191 1206 4243 et
1220 4186 1358 4256 populum
1373 4187 1554 4257 admoneant,
1571 4191 1599 4243 et
1612 4186 1696 4244 ludos
1709 4186 1761 4244 ali-

52 4285 183 4336 ratorum
205 4280 333 4336 botharil
357 4285 386 4337 et
400 4279 543 4339 Lodewici
560 4279 655 4336 Rome
675 4279 814 4351 synodum
829 4278 879 4335 ha·
935 4292 1008 4350 qnos
1028 4282 1096 4333 ante
1116 4288 1148 4332 se
1171 4274 1233 4332 leri
1249 4287 1305 4330 uon
1318 4274 1506 4332 delectentur.
1526 4274 1761 4347 Transgressores

51 4365 196 4423 bnltcnm
219 4369 368 4441 sexaginta
391 4374 497 4440 septem
517 4370 680 4441 episcopis:
696 4366 881 4438 cnmqnibus
936 4362 1759 4438 quippeadmonitioncepisoopiulteriusageredesinant3

51 4454 247 4528 qnadraginta
266 4456 324 4514 duo
339 4457 466 4528 capitula
480 4459 711 4516 Christianorum
726 4457 814 4515 saluti
836 4471 881 4514 ne
936 4457 1100 4525 sinautem,
1115 4452 1438 4524 canonicejudicentur.

50 4545 181 4601 cessaria
200 4545 303 4615 edidit,
319 4554 347 4603 et
371 4547 492 4604 tirmiter
507 4549 645 4605 firmanda
660 4561 721 4604 esse
734 4549 879 4618 precepit.
971 4544 1154 4615 Duodecimo,
1167 4548 1200 4601 nt
1210 4542 1381 4613 sacerdotes,
1397 4541 1447 4613 qni
1458 4541 1493 4598 ad
1506 4539 1638 4597 debitaet
1652 4552 1760 4610 oppor-

90 4635 122 4688 ln
147 4633 241 4704 primo
265 4635 342 4692 enim
362 4637 491 4706 capitulo
507 4637 648 4708 instituit,
673 4642 706 4693 ιιι
729 4637 882 4706 episcopus
938 4640 1005 4693 tuna
1024 4633 1116 4691 otilcia
1136 4633 1166 4689 in
1179 4633 1310 4690 ecclesiis
1326 4631 1522 4689 indifferenter
1536 4621 1780 4693 adessedebent,'

47 4723 137 4794 iuxta
150 4723 231 4781 l’auli
246 4724 449 4782 discretionem
474 4731 503 4782 et
516 4725 741 4783 admonitionem
756 4726 881 4796 irrepre-
937 4724 1033 4781 tenore
1042 4723 1151 4794 aliquo,
1163 4727 1215 4779 aut
1224 4722 1383 4793 venatione,
1391 4721 1435 4779 uel
1448 4721 1546 4793 aliqua
1557 4718 1760 4791 aucupatione,

50 4810 220 4881 hensibilis,
236 4819 265 4869 et
279 4812 347 4870 boni
361 4815 458 4885 operis
476 4814 681 4872 desiderabilis
703 4816 729 4881 (l
744 4817 813 4870 lim.
836 4815 881 4886 ιιι)
937 4814 1112 4871 rusticorum
1127 4810 1290 4868 ministerio
1304 4811 1422 4869 omnino
1437 4825 1493 4868 non
1508 4804 1693 4880 occupentur,
1711 4822 1762 4866 nec

48 4906 248 4960 consecretur.
936 4905 999 4962 siue
1011 4907 1114 4960 ornatu
1122 4898 1294 4958 sacerdotali
1307 4899 1497 4957 extradomos
1512 4912 1580 4955 suas
1594 4904 1760 4970 appareant,

87 4989 230 5060 Secundo,
259 4992 383 5065 quisque
411 4992 543 5051 sacerdos
563 4996 661 5050 careat
689 5006 724 5049 ne
752 4992 880 5064 premiis
935 4991 1123 5060 eteasolum,
1136 5002 1200 5062 que
1211 4990 1327 5044 Patrum
1339 4988 1498 5045 constituta
1508 4987 1654 5062 videntur,
1668 4988 1762 5046 obser·

49 5081 298 5138 consecrationem
310 5082 502 5154 adipiscatur,
517 5095 552 5139 ne
564 5083 694 5153 exemplo
705 5083 832 5142 Simonis
845 5083 875 5139 in
935 5086 1018 5152 vent3
1033 5077 1173 5136 contrarii
1188 5077 1313 5149 denique
1335 5076 1455 5148 inventi,
1471 5081 1522 5135 aut
1536 5077 1671 5150 deinceps
1679 5077 1762 5134 dosi-

49 5167 190 5239 laqueum
204 5169 314 5229 incidat
325 5171 437 5229 diaboli
454 5172 526 5238 (Act.
538 5172 610 5244 ιιι).
936 5176 1015 5242 nant,
1034 5174 1085 5226 aut
1098 5166 1244 5225 canonicae
1258 5166 1424 5237 discipline
1439 5166 1616 5237 subjaceant.

86 5257 196 5326 Tertio,
218 5264 251 5316 ut
278 5259 353 5317 bono
367 5274 452 5332 opere
465 5261 619 5332 episcopus
632 5260 747 5328 existat,
763 5266 792 5316 ot
809 5259 880 5317 bene
968 5257 1188 5321 tertiodecimo,
1204 5261 1237 5313 ut
1258 5257 1419 5313 sacerdotes
1433 5255 1462 5312 in
1478 5254 1665 5314 secularibus
1679 5264 1761 5323 nego

49 5347 219 5418 speculetur
242 5350 369 5422 qualiter
395 5350 533 5422 populum
559 5349 644 5407 verbo
663 5349 879 5421 predicationis
934 5349 986 5407 tiis
1001 5362 1052 5420 pro
1075 5346 1262 5418 testimonio,
1277 5352 1328 5402 aut
1346 5344 1535 5403 conficiendis
1559 5340 1760 5398 instrumentis

49 5436 198 5494 instruere
211 5438 323 5496 debeat.
934 5453 991 5496 non
1011 5440 1158 5509 rogentur,
1175 5437 1245 5508 quia
1270 5450 1319 5494 cos
1344 5436 1373 5493 in
1399 5434 1508 5492 talibus
1522 5430 1607 5489 rebus
1620 5441 1682 5485 esse
1701 5442 1758 5487 non

86 5527 206 5599 Quarto,
227 5534 268 5600 ut,
289 5530 314 5585 si
336 5530 489 5601 episcopus
513 5528 677 5586 inveniatur
702 5526 878 5598 inductus,a
932 5526 1076 5584 convenit.
1090 5527 1120 5582 Si
1131 5526 1207 5582 enim
1222 5530 1324 5584 eventu
1338 5537 1432 5582 cause
1445 5519 1558 5591 aliquid
1573 5516 1699 5575 viderint
1708 5524 1759 5577 aut
