3876 6090
92 283 135 345 509
458 277 711 337 coibnuiinnn.
731 311 768 324 —
784 281 933 342 bannito
950 284 1114 348 dolionis
1132 293 1168 349 IN
1186 293 1213 350 S.
1234 294 1415 354 MAXIMUM.
1738 302 1793 365 6i0

101 441 297 519 δδοίκονομίας
322 441 395 523 χάριν
424 447 608 520 συναναιρεῖται
634 445 668 521 τῇ
690 440 882 522 κοοιοπιστίορλ
916 409 1087 487 Aciiiliv).
1103 416 1132 472 Si
1155 423 1260 491 aulem,
1283 419 1509 492 dispensationis
1530 426 1633 496 gratia,
1656 441 1791 486 unacum

102 534 229 615 σωτήριος
242 533 340 601 πίστις,
361 533 493 613 χωρισμὸς
508 533 580 591 Θεοῦ
594 529 733 606 παντελής,
756 529 815 591 ἀλλ’
836 535 887 610 οὐχ

102 625 192 691 ἔνωσις
206 624 279 683 Θεοῦ
292 625 347 682 ἐστι
359 620 390 680 τδ
403 626 519 680 τοιοῦτον
530 611 595 685 ε’ίδος
607 625 654 691 τῆς
668 617 808 698 λίγομένης
816 621 886 678 olxo·

101 713 205 790 νομίκς,
219 711 273 771 Καὶ
285 707 334 792 γάρ
343 705 428 789 αύριον
438 710 462 767 οἱ
471 705 616 785 δυσώνυμοι
624 707 745 768 Ἰουδαῖοι
752 705 883 783 λέγουσιν’

101 799 327 876 Οίκονομήσωμεν
337 794 385 867 τήν
397 795 460 875 πρὸς
473 795 603 868 ἀλλήλους
616 795 779 878 είρήνην,καί
788 796 888 854 ἐνωθῶ·

102 913 163 967 μεν,
171 888 217 949 καί
225 884 383 966 περιίλωμεν
394 889 469 961 ἡμεῖς
481 881 527 962 μέν
536 882 584 954 τήν
594 882 747 964 περιτομὴν,
760 883 804 943 καί
814 886 887 959 ὑμαῖς

101 979 132 1039 τὸ
155 978 304 1058 βάπτισμα,
333 973 378 1034 καί
406 970 499 1051 μηκίτι
524 971 653 1044 ἀλλήλους
680 971 885 1048 πολεμήσωμεν.

102 1071 192 1129 Τοῦτο
207 1062 329 1146 Ἀρειανοί
341 1085 406 1122 ποτε
418 1059 567 1142 προέτειναν
581 1059 715 1143 ἐγγράφως
727 1060 769 1119 ἐπί
779 1065 828 1119 τοῦ
839 1081 888 1136 μι-

100 1155 184 1236 γιίλω
190 1148 528 1227 Κωνσταντίνυυολέγοντες·
538 1148 704 1230 Περιίλωμεν
712 1147 743 1209 τδ
750 1146 888 1226 δμοούσιον

102 1243 147 1303 καί
159 1240 192 1300 ab
204 1238 359 1319 θτερούσιον,
384 1239 429 1299 καί
447 1240 572 1297 ἐνωθΐὸσιν
584 1238 611 1296 ei
630 1235 776 1309 ἐκκλησίαι.
793 1235 847 1295 Καὶ
859 1238 888 1296 ού

102 1326 271 1396 ιπεδίξαντο
285 1331 309 1386 oi
326 1324 439 1408 θεοφόροι
461 1323 569 1406 πατίρες
591 1328 678 1403 ἡμῶν,
703 1323 763 1383 ἀλλ’
789 1321 889 1382 είλοντο

103 1420 205 1494 μᾶλλον
229 1414 364 1474 διώκεσθαι
384 1414 428 1473 καί
452 1416 599 1485 ἀποθανεῖν,
612 1411 630 1484 ή
645 1417 777 1484 σιωπῆσαι
801 1407 888 1492 φωνήν

102 1501 298 1586 παραστατικήν
311 1508 357 1574 τῆς
376 1512 437 1580 μιᾶς
451 1507 499 1561 τοῦ
517 1500 632 1581 Πατρός.
648 1501 693 1561 καί
702 1505 750 1560 τοῦ
763 1499 828 1559 ilos
841 1495 891 1557 atui

103 1599 149 1655 τοῦ
162 1593 240 1669 ἁγίου
253 1588 405 1668 Πνεύματος
421 1587 572 1671 ύπερουσίου
593 1585 713 1659 θεότητος
725 1609 733 1625 ·
749 1586 792 1645 καί
805 1589 890 1644 ταῦτα

104 1677 326 1757 συνεπιτιθεμένου
335 1684 387 1745 τοῖς
401 1676 434 1738 ri
447 1684 556 1737 τοιαῦτα
568 1674 729 1757 προτείνουσι
742 1679 790 1734 τοῦ
805 1670 889 1751 μεγά-

963 502 1132 560 credulitate
1143 520 1262 578 nequam
1276 510 1549 569 salutarisdemitur
1559 514 1638 585 tides,
1650 516 1792 586 separatio

962 589 1013 646 Del
1036 591 1067 647 nt
1087 595 1269 653 omnimoda:
1286 598 1334 655 sed
1360 612 1416 656 non
1440 601 1538 658 unitas
1556 607 1599 658 est
1625 603 1792 674 hujusmodl

963 680 1074 749 species
1085 683 1148 752 ejus
1160 699 1223 756 que
1234 686 1345 744 dicitur
1355 688 1542 760 dispensatio.
1559 691 1716 764 Siquidem
1729 707 1793 751 cras

963 765 1078 825 nefandi
1088 772 1178 829 iudai
1191 774 1305 831 dicent:
1322 776 1525 847 Dispensemus
1538 779 1567 835 in
1583 779 1738 839 alterutros
1748 795 1794 853 pa-

962 868 1033 929 cem,
1049 863 1078 915 et
1087 861 1223 918 uniamur
1236 869 1265 921 et
1275 869 1457 935 amputemus
1470 880 1522 924 nos
1533 868 1649 939 quidem
1662 870 1794 928 circum-

963 943 1112 1013 cisionem,
1127 961 1178 1005 vos
1188 964 1254 1008 uero
1269 950 1455 1025 baptismum,
1470 961 1500 1010 et
1522 969 1578 1012 non
1591 957 1650 1026 jam
1670 957 1792 1015 invicem

963 1031 1173 1108 impugnemus.
1187 1040 1245 1095 lioc
1258 1045 1287 1096 et
1298 1040 1398 1097 Ariani
1409 1042 1565 1114 aliquando
1581 1047 1794 1115 pretenderunt

964 1122 993 1179 ln
1009 1125 1127 1196 scriptis
1141 1126 1195 1183 sub
1210 1129 1310 1201 Magno
1319 1130 1505 1187 Constantino
1515 1131 1662 1190 dicentes:
1678 1134 1795 1192 Aufera-

963 1214 1143 1271 musdictum
1154 1217 1242 1274 unius
1252 1218 1429 1291 substantia,
1442 1226 1470 1277 el
1479 1221 1600 1279 alterius
1611 1224 1788 1297 substantia,

962 1303 991 1355 ct
1005 1301 1143 1359 uniantur
1163 1304 1306 1362 Ecclesia.
1325 1307 1361 1361 iit
1375 1320 1431 1363 uon
1449 1307 1478 1363 id
1494 1309 1673 1367 admiserant
1689 1311 1791 1369 deiferi

963 1393 1058 1458 patres
1083 1393 1186 1463 nostri,
1213 1394 1261 1450 sed
1287 1394 1435 1467 elegerunt
1453 1397 1550 1467 potius
1565 1401 1791 1469 persecutionem

963 1478 1020 1546 pati
1049 1484 1077 1535 et
1101 1482 1185 1554 mori,
1210 1497 1293 1553 quan
1320 1489 1412 1541 lacere
1439 1500 1534 1543 rocem
1562 1489 1792 1560 comprobantem

963 1579 1049 1622 unam
1073 1569 1176 1638 Patris,
1195 1578 1223 1627 et
1241 1571 1319 1641 Filii,
1340 1577 1368 1628 et
1380 1574 1507 1645 Spiritus
1522 1577 1613 1632 sancti
1641 1579 1795 1649 supersub-

962 1656 1125 1714 stantialem
1142 1658 1296 1731 deitatem,
1316 1666 1345 1716 el
1361 1662 1421 1718 baec
1441 1663 1592 1722 cohibente
1612 1666 1659 1723 bis
1673 1668 1722 1739 qui
1736 1668 1795 1725 bec

104 1773 150 1829 λο,
164 1767 375 1839 Kenermrimu,
390 1764 473 1832 ,οοιλλο
486 1766 591 1830 ο,ολλοῑο
601 1760 736 1843 λοοοοοοοο
746 1766 800 1828 ,ολ
815 1762 888 1843 ο,λο.
924 1739 949 1799 Β
964 1748 1175 1816 praetendebant
1190 1752 1290 1822 biagno
1301 1750 1497 1822 Constantino,
1510 1754 1617 1811 sicula
1633 1756 1734 1813 multis
1744 1771 1794 1815 re-

104 1855 190 1922 πόνιος
204 1855 238 1913 rit
251 1853 310 1915 τότε
323 1852 446 1933 γενόμενα
457 1853 582 1935 γράψασι.
593 1851 646 1911 Καί
655 1850 736 1916 οὐδεὶς
749 1852 801 1908 τῶν
812 1852 889 1927 βασι·

105 1942 171 2004 λίων
189 1944 301 2015 ἠδυνήθη
325 1943 414 2018 μέσαις
439 1946 535 2023 φωναῖς
556 1945 645 2001 πεῖσαι
669 1936 728 2005 reite
754 1934 891 2019 θεοφόρους

105 2030 220 2114 πατέρας
251 2030 459 2108 σ’ῡμύιύασθῆναι
479 2033 534 2095 τοῖς
556 2029 598 2089 ἐπὶ
620 2031 704 2088 αὐτῶν
726 2024 889 2107 αίρετίζουσι,

106 2119 177 2179 ἄλλα
199 2123 254 2185 ταῖς
276 2123 379 2191 τοαναῖς
402 2117 448 2177 καὶ
470 2117 569 2198 κυρίας,
592 2115 639 2176 καὶ
658 2113 833 2186 καταλλήλοις
853 2114 892 2194 τῷ

106 2204 259 2289 ζητουμίνιρ
279 2204 391 2285 δόγματι
413 2203 564 2286 ίκέχρηντο,
592 2203 709 2282 λέγοντες
731 2205 883 2284 προφανῶς·

107 2292 172 2353 Ὀτι
181 2293 271 2360 ίεοίων
285 2294 354 2354 ἐστὶν
366 2293 397 2353 τδ
407 2297 502 2364 ζητεῖν,
513 2291 556 2351 καί
567 2290 692 2370 ὁρίζεσθαι
701 2289 761 2370 περί
769 2292 820 2348 τεῖιν
830 2291 885 2348 eoi·

106 2364 347 2459 τηρίιιινδογμάτων
357 2385 403 2451 τῆς
412 2382 547 2450 καθολικῆς
556 2378 722 2449 Ἐκκλησίας.
734 2374 787 2436 Καί
800 2367 884 2441 εἶπας·

108 2469 140 2527 Τί
157 2459 219 2540 οἷίνλ
235 2471 294 2528 Οὐκ
306 2467 362 2528 ἐστι
376 2477 425 2534 πᾶς
440 2465 557 2545 βασιλεὺς
571 2464 714 2546 χριστιανδς
728 2463 774 2522 καί
787 2459 885 2542 ίερεύς;

112 2556 162 2614 Καὶ
175 2545 261 2615 εἷπον·
273 2557 331 2615 Ωὗκ
342 2553 417 2613 ἔστιν.
432 2550 500 2612 (liii
513 2550 561 2632 γάρ
577 2551 731 2630 παρίσταται
744 2556 883 2620 θυσιαστη-

111 2639 162 2704 air.
191 2642 236 2701 ναί
261 2640 327 2715 μετδι
345 2639 388 2699 τὸν
402 2639 530 2716 άγιασμδν
548 2645 594 2698 τοῦ
613 2637 690 2718 άρτου
711 2639 773 2716 ύψοῖ
796 2634 883 2707 αύτθν,

109 2727 202 2803 λε’·ςιιιν,
216 2727 250 2788 τδι
263 2730 324 2806 ύγια
334 2732 387 2794 τοῖς
400 2727 480 2805 όγίοις
509 2723 578 2786 oller
593 2725 718 2806 βαπτίζει,
734 2720 793 2783 ούτε
805 2722 886 2802 μύρου

112 2815 214 2887 πλάτην
227 2817 350 2888 ἐπιτελεῖ,
358 2811 416 2874 οὔτε
424 2817 575 2893 χειροθετεῖ,
585 2812 630 2872 καὶ
642 2816 710 2872 ποιεῖ
719 2806 885 2881 ἐπισκόπους,

114 2899 147 2955 καὶ
168 2896 369 2973 πρεσθυτάιους,
393 2899 436 2956 καὶ
457 2894 599 2963 διακόνους,
624 2896 682 2955 οὔτε
705 2896 772 2978 χρίει
790 2893 888 2961 ναούς·

117 2982 177 3043 (Mra
190 2981 223 3042 τδ
236 2983 356 3059 σίμθολκ
367 2979 418 3053 τῆς
428 2981 567 3063 ἱερωσύνης
579 2982 735 3064 ἐπιφέρεται,
744 2979 890 3065 ὧμοφόριον

961 1834 1062 1907 fertur,
1079 1837 1130 1908 qui
1145 1850 1253 1910 eaque
1268 1842 1336 1895 tunc
1351 1845 1429 1912 gesta
1442 1845 1510 1898 sunt
1522 1844 1651 1900 studiose
1665 1847 1792 1916 scripse-

962 1929 1038 1981 runt.
1056 1927 1090 1982 Et
1101 1926 1200 1983 nullus
1219 1927 1424 1997 imperatorum
1443 1930 1538 2000 potuit
1554 1931 1657 1988 mediis
1674 1933 1794 1990 vocibus

962 2015 1082 2072 suadere
1103 2014 1250 2086 deiloquis
1278 2016 1420 2088 Patribus,
1451 2022 1483 2074 ut
1500 2020 1685 2077 convenirent
1708 2021 1738 2077 in
1761 2035 1794 2078 ea

963 2117 1027 2174 que
1040 2103 1096 2175 ipsi
1113 2103 1310 2177 sectabantur,
1322 2105 1370 2161 sed
1389 2106 1532 2176 expressis
1545 2107 1663 2165 vocibus
1677 2122 1710 2164 ac
1723 2123 1795 2179 pro-

965 2192 1213 2265 priisetdogmati
1226 2194 1301 2265 quod
1313 2194 1646 2268 querebaturcongruis,
1659 2197 1704 2254 usi
1713 2202 1794 2271 sunt,

963 2279 1091 2337 dieentes
1112 2281 1235 2353 liquido,
1252 2283 1388 2354 quoniam
1408 2285 1587 2341 sacerdotum
1609 2289 1653 2342 est
1667 2300 1795 2358 querere

964 2381 997 2425 ac
1009 2368 1135 2427 diffinire
1144 2371 1180 2426 de
1191 2370 1370 2428 salutaribus
1381 2371 1513 2429 Ecclesia.
1524 2373 1673 2431 catholice
1682 2375 1797 2448 dogma-

964 2457 1052 2516 tibus.
1073 2461 1108 2515 Et
1128 2459 1247 2517 dixisti:
1270 2461 1344 2534 Ergo
1366 2475 1422 2518 non
1440 2466 1484 2518 est
1503 2462 1598 2519 omnis
1611 2463 1795 2520 christianus

964 2546 1119 2618 imperator
1130 2549 1216 2605 etiam
1230 2549 1383 2605 sacerdos?
1403 2550 1437 2605 lit
1456 2550 1536 2606 dixi:
1555 2552 1616 2607 Non
1630 2556 1682 2608 est.
1697 2554 1796 2623 Neque

964 2637 1040 2693 enim
1053 2637 1234 2709 astataltari,
1251 2651 1342 2709 neque
1358 2644 1422 2708 post
1438 2639 1693 2696 sanctificationem
1709 2640 1792 2711 panis

963 2725 1069 2781 exaltat
1085 2739 1160 2796 eum,
1179 2725 1294 2782 dicens:
1320 2727 1421 2782 Sancta
1436 2726 1555 2784 sanctis.
1574 2729 1671 2799 Neque
1698 2727 1798 2799 bapti-

964 2817 1017 2884 zat,
1044 2827 1136 2884 neque
1161 2812 1329 2869 chrismatis
1351 2811 1557 2870 coniectionem
1579 2818 1683 2886 patrat,
1704 2827 1796 2886 neque

964 2897 1035 2958 lacit
1046 2902 1204 2974 episcopos,
1219 2899 1262 2956 vel
1276 2900 1464 2971 presbyteros,
1477 2908 1526 2958 aut
1540 2901 1687 2970 diaconos,
1706 2915 1797 2973 neque

965 2989 1033 3046 linit
1047 2989 1193 3060 ecclesias,
1209 3002 1300 3059 neque
1320 2989 1429 3045 indicia
1445 2990 1598 3047 sacerdotii
1614 2989 1679 3060 lert,
1690 3003 1797 3061 super-

119 3072 152 3130 ιαὶ
163 3071 194 3130 ιδ
210 3071 379 3149 disperiet,
391 3069 477 3150 ὥσπερ
490 3076 537 3143 τῖς
551 3071 684 3151 βασιλείας
698 3068 742 3130 τόν
754 3095 784 3130 τε
796 3068 890 3150 στέφα-
923 3101 947 3165 (γ
966 3077 1111 3135 bumerale
1122 3077 1235 3134 scilicet
1246 3082 1274 3132 et
1286 3076 1482 3149 Evangelium,
1496 3078 1734 3148 quemadmodum
1747 3079 1798 3134 im·

121 3182 152 3217 ην
163 3162 205 3221 καὶ
217 3159 265 3229 τὴν
283 3161 428 3240 ἁλουργίδα.
457 3160 509 3219 Καὶ
522 3163 577 3225 πῶς
591 3164 609 3231 i
624 3157 708 3241 γραφή
724 3157 833 3238 βασιλέα
847 3157 891 3217 καὶ
966 3165 1038 3235 perii
1055 3179 1187 3223 coronam
1198 3171 1227 3222 et
1242 3178 1409 3236 purpuram.
1425 3167 1460 3221 lit
1471 3165 1591 3222 dixisti:
1607 3167 1642 3222 Et
1652 3167 1794 3238 quomodo

124 3246 259 3322 θρέτλὲγει
275 3237 340 3306 εἶναι
362 3247 409 3305 riv
429 3245 607 3326 Μελχισεδέκς
637 3247 713 3328 ἔφης.
730 3247 784 3306 Καὶ
806 3236 887 3322 εἶπον,

129 3333 168 3398 ei<
176 3341 221 3393 τοῦ
231 3333 305 3412 φύσει
316 3333 440 3414 βασιλέως
447 3336 518 3393 Θεοῦ
528 3338 581 3392 τῶν
592 3332 659 3393 δλων
667 3331 807 3413 γενομένου
816 3330 889 3414 φύσει

130 3417 207 3491 δελτίον
220 3426 295 3491 ἡμῶν
310 3423 438 3502 σωτηρίαν
452 3421 602 3502 ἀρχιερέως,
619 3412 658 3487 εἷς
672 3425 772 3499 ὑπῆρχε
785 3418 864 3485 τύπος
876 3423 891 3479 δ

133 3506 284 3587 θίιλγισεδέκ.
306 3512 354 3577 Ὡς
375 3509 403 3569 δέ
425 3534 455 3588 γε
478 3508 546 3569 κατά
568 3509 616 3583 τήν
637 3509 706 3579 τάξιν
727 3506 890 3588 Μελχισεδέκ

133 3589 196 3674 imper
214 3589 278 3657 sirau.
299 3597 381 3676 λέγεις
404 3596 513 3677 βασιλέα
533 3596 578 3656 καί
601 3594 680 3677 ίερέα,
703 3595 748 3655 καί
760 3591 793 3654 τά
812 3593 891 3655 λοιπδ

135 3684 240 3759 ῒθςιήσον
247 3690 336 3761 εἰπεῖν,
342 3686 384 3746 τδ·
394 3708 406 3741 ιι
414 3684 543 3765 ’λπαίτωρο
549 3685 668 3761 ἀμήτωρ,
674 3679 889 3762 άγενεαλόγητον,

963 3253 1112 3324 Scriptura
1137 3266 1229 3325 regem
1244 3260 1271 3308 et
1283 3251 1457 3308 sacerdotem
1475 3253 1552 3309 dicit
1568 3267 1629 3310 esse
1643 3253 1798 3311 bielcbise-

964 3341 1057 3398 decbr
1070 3342 1104 3396 Et
1118 3341 1199 3397 dixi:
1227 3340 1318 3396 Unius
1338 3345 1440 3396 natura
1456 3341 1532 3412 regis
1545 3345 1713 3397 cunctorum
1732 3342 1794 3413 Dei,

965 3435 1066 3487 natura
1089 3429 1175 3486 etiam
1197 3428 1234 3484 ob
1250 3426 1371 3485 salutem
1392 3432 1518 3484 nostram
1546 3426 1692 3499 portioris
1714 3426 1795 3489 iacti,

965 3531 1041 3576 unus
1061 3522 1122 3574 erat
1144 3523 1229 3588 typus
1249 3515 1469 3572 Melchisedech.
1491 3515 1570 3586 Quod
1593 3514 1618 3572 si
1638 3515 1793 3572 secundum

964 3607 1093 3666 ordinem
1117 3604 1338 3676 Melchisedech,
1359 3603 1449 3661 alium
1473 3604 1550 3661 dicis
1570 3618 1632 3661 esse
1651 3617 1743 3677 regem
1768 3608 1796 3661 et

964 3695 1158 3763 sacerdotem
1177 3697 1206 3751 et
1218 3692 1329 3764 reliqua
1345 3706 1484 3764 praesume
1495 3693 1601 3764 dicere,
1615 3693 1643 3748 id
1655 3697 1713 3749 est:
1730 3693 1796 3748 Sine

137 3768 459 3854 θίττᾶρχήνῆυερῆνμήτε
469 3771 542 3839 τέλος
554 3777 622 3844 ζωῆς
634 3771 817 3852 inme-”Mei
827 3768 891 3831 σκό·
960 3789 1051 3855 putre,
1067 3787 1126 3839 sine
1139 3787 1235 3846 matre,
1251 3784 1309 3837 sinu
1318 3782 1487 3850 noneolopio,
1507 3797 1593 3852 neque
1604 3783 1716 3836 initium
1736 3781 1793 3836 die·

136 3875 165 3914 τιι
174 3859 209 3919 τόν
221 3864 250 3921 ἐκ
262 3860 356 3922 τούτου
366 3859 540 3943 ἀναφυόμενον
553 3858 642 3918 κακόν.
654 3858 754 3924 Ἄλλος
762 3855 812 3938 γδρ
821 3859 890 3936 εὗρε·

138 3942 215 4012 θήσεται
223 3950 291 4018 θεὸς
304 3956 318 4010 ὁ
332 3956 445 4015 τοιοῦτος
459 3947 671 4027 άνιινθριοπήσας,
684 3943 753 4006 κατδ
764 3943 811 4017 τήν
823 3944 891 4014 τάξιν

140 4026 286 4113 Μελχισεδὲκ,
301 4037 360 4095 ἀλλ’
375 4039 405 4096 οὐ
417 4032 483 4095 xuni
496 4032 544 4105 τλν
552 4032 621 4103 τάξιν
643 4028 745 4113 Ἀαρὼν
758 4029 805 4103 τήν
816 4034 892 4110 ἡμῶν

140 4114 252 4203 θμαργῶν
266 4124 406 4205 σωτηρίαν.

166 4297 239 4371 Πλὴν,
252 4299 280 4360 τί
292 4298 399 4377 θέλομεν
412 4297 452 4360 eri
465 4302 569 4360 πολλῶν
584 4300 680 4372 ἐλθεῖν;
699 4299 745 4365 Εἰς
756 4296 803 4370 τήν
816 4297 892 4377 ἇγίαν

963 3890 1035 3937 rum,
1057 3888 1143 3943 neque
1161 3876 1242 3942 finem
1261 3873 1326 3926 uite
1341 3871 1483 3926 nabentem
1505 3870 1599 3941 (liebr.
1616 3871 1678 3943 vir).
1694 3872 1728 3926 iit
1741 3869 1796 3927 atl-

964 3966 1040 4020 verte
1054 3961 1129 4034 quod
1143 3975 1177 4017 ex
1195 3961 1248 4017 boc
1262 3958 1335 4016 oriri
1349 3958 1441 4015 valeat
1461 3958 1577 4014 malum.
1594 3958 1678 4015 nlius
1689 3959 1796 4030 quippe

964 4052 1033 4123 talis
1047 4052 1206 4123 reperietur
1219 4051 1295 4106 Deus
1310 4048 1477 4105 incarnatus
1493 4048 1650 4105 secundum
1665 4047 1794 4105 ordinem

963 4139 1182 4211 Melebisedecb,
1198 4142 1227 4195 et
1238 4152 1294 4194 nou
1317 4136 1474 4193 mundum
1488 4136 1618 4194 ordinem
1637 4136 1730 4195 Aaron
1745 4151 1796 4195 sa-

964 4233 1052 4290 lutem
1068 4234 1193 4287 nostram
1210 4225 1369 4299 perficiens.

999 4319 1209 4388 Verumtamen,
1221 4315 1290 4388 quid
1305 4313 1438 4371 volumus
1448 4327 1497 4384 per
1508 4312 1791 4372 multadiscurrere‘l

138 4376 237 4466 imbrii
251 4387 294 4447 tet
306 4392 353 4458 iii
367 4388 440 4464 brie<
454 4384 593 4469 τραπέζης’
610 4384 676 4463 lm³¹
688 4383 748 4453 τοὺς
758 4383 892 4464 dild‘iii‘i
925 4412 1041 4477 Dinter
1064 4421 1159 4464 sacras
1172 4405 1332 4476 oblationes
1347 4417 1433 4473 supra
1448 4406 1575 4459 sanctam
1592 4415 1716 4459 mensam
1731 4408 1794 4475 post

139 4468 166 4527 lbi
176 4472 250 4552 ίερίας
262 4474 306 4533 καί
325 4472 467 4545 διακόνους,
483 4475 526 4535 καί
536 4474 631 4540 παντὸς
651 4477 779 4554 ἱερατικοῦ
791 4473 892 4551 τάγμα·

137 4575 175 4625 aa
187 4560 248 4636 μετά
257 4566 309 4622 τῶν
315 4565 412 4622 λαῑκῶν
420 4567 445 4623 σί
454 4565 567 4642 βασιλεῖς
580 4561 793 4642 μνημονεύονται,
803 4559 893 4639 λόγον·

138 4657 220 4712 τ’θεοῦ
236 4651 368 4712 διακόνου·
393 4652 447 4713 Καί
468 4656 520 4712 τῶν
543 4654 569 4712 ἐν
586 4651 671 4713 πίστει
697 4648 893 4729 κεκοιμημένων

137 4727 222 4809 Mittin,
236 4743 442 4808 Κωνσταντίνου.
458 4738 637 4807 Κεύνσταντος.
652 4742 696 4801 καί
706 4737 766 4806 τοὺς
776 4737 888 4806 λοιπούς.

137 4820 195 4885 (δύτω
212 4829 239 4890 δὲ
252 4831 296 4892 καὶ
309 4834 360 4889 τῶν
374 4829 476 4900 ζώντων
496 4828 648 4908 μνημονεύει
663 4825 801 4909 βασιλέων,
827 4826 894 4907 μετά

92 4936 94 4941 ·
135 4908 177 4981 τνίις
186 4917 338 4996 ίερωμίνους
351 4918 459 4985 πάντας.
468 4921 561 4979 Ταῦτα
574 4921 651 4979 αὐτοῖν
664 4915 794 4996 λέγοντος,
806 4915 894 4998 κράζει

136 4999 241 5076 ίθίηνᾶς·
257 5009 349 5066 Ταῖπα
362 5004 445 5084 λέγων
464 5006 570 5086 ἔσλισας
592 5004 639 5078 τὴν
655 5003 823 5077 Ἐκκλησίαν.
840 5004 894 5064 Καὶ

135 5081 184 5166 ἐόλει
194 5092 254 5172 πρὸς
265 5092 353 5152 αὐτόν·
363 5095 397 5152 Εἰ
410 5092 517 5170 ὀλίγαν
525 5091 559 5151 τθι
569 5095 621 5152 τῶν
634 5091 713 5170 ἁγίων
723 5094 837 5172 γραφῶν,
849 5090 894 5151 καί

92 5220 94 5225 -
134 5169 894 5262 desuetudinemqlterlv'iixxieelmeetmpsv

92 5278 94 5287 '
132 5259 210 5328 rien
230 5268 309 5349 ἁγίων
327 5267 458 5349 δόγμάτα,
476 5270 503 5330 τί
523 5267 685 5349 δειχθήσεται
699 5272 734 5347 τῇ
750 5268 894 5351 Ἐκκλησίσρ

131 5359 205 5434 θεῶν,
216 5348 253 5418 ὧν
266 5358 358 5438 χωρὶς,
366 5354 423 5418 ούδέ
436 5356 498 5417 αύτὸ
511 5362 600 5428 τοῦτο,
610 5353 768 5427 Ἐκκλησίαν
778 5344 841 5413 εἶναι
850 5354 894 5413 δυ-

130 5442 203 5517 λπόνς
225 5445 281 5505 Καὶ
303 5445 422 5527 στραφεὶς
435 5443 639 5524 δσακελλάριος,
656 5433 712 5502 ε’ίπε
725 5445 778 5507 τοῖς
792 5439 894 5521 ἀνθρώ-

127 5548 172 5599 ποις
187 5537 233 5592 τοῦ
252 5531 360 5614 liriaco
382 5530 448 5611 μετδι
469 5535 598 5614 κραυγῆς·
611 5528 708 5594 Είπετε
723 5532 762 5612 τῷ
780 5527 889 5612 ἐξάρχιρ,

964 4498 1124 4570 pontifices,
1139 4499 1168 4552 et
1179 4495 1351 4565 sacerdotes,
1365 4497 1395 4548 et
1407 4492 1545 4549 diaconos
1559 4503 1728 4563 omnemque
1744 4505 1795 4549 sa-

964 4591 1073 4644 cratum
1088 4584 1228 4651 ordinem,
1246 4595 1311 4638 cum
1328 4580 1413 4638 laicis
1432 4581 1618 4650 imperatores
1633 4592 1796 4637 memoran-

965 4680 1023 4749 tur,
1033 4675 1146 4731 dicente
1160 4672 1300 4728 diaeono:
1317 4671 1472 4742 Eleorum,
1487 4669 1538 4741 qui
1554 4668 1583 4725 in
1599 4668 1654 4725 ilde
1665 4669 1796 4726 dormie-

965 4768 1043 4836 runt,
1053 4759 1793 4830 laieorumcouslanlini,consummetcaeterorum·

964 4855 1011 4914 Sic
1025 4858 1119 4911 autem
1132 4857 1161 4908 et
1174 4849 1303 4908 rivorum
1319 4847 1483 4904 memoriam
1505 4845 1576 4904 lacit
1590 4848 1794 4918 imperatorum

965 4949 1029 5016 post
1038 4946 1277 5000 sacratosomnes.
1292 4939 1364 5006 llaec,
1379 4936 1542 5007 eodicente,
1551 4935 1793 4993 clamatbiennas:

965 5036 1028 5090 liaec
1042 5032 1141 5089 dicens
1159 5027 1273 5085 scidisti
1291 5025 1456 5082 Ecclesiam.
1473 5027 1509 5081 Et
1522 5025 1595 5081 dicit
1607 5025 1642 5081 ad
1662 5039 1746 5082 eum:
1764 5026 1793 5080 Si

966 5124 992 5180 is
1016 5122 1065 5194 qui
1083 5119 1157 5177 dicit
1174 5131 1207 5174 ea
1229 5131 1292 5189 quae
1306 5120 1470 5172 sanctarum
1490 5120 1559 5171 sunt
1581 5114 1794 5185 seripturarum

965 5220 1052 5285 atque
1076 5213 1239 5268 sanctorum
1262 5207 1388 5274 Petrum,
1416 5203 1525 5261 scindit
1552 5203 1718 5275 Ecclesiam,
1743 5201 1794 5275 qul

965 5303 1070 5363 adimit
1084 5303 1248 5357 sauctorum
1270 5295 1413 5368 dogmata,
1429 5294 1499 5366 quid
1516 5293 1725 5351 monstrabitur
1739 5293 1796 5348 iic-

965 5391 1060 5451 clesie
1074 5388 1192 5459 iaciens,
1204 5384 1384 5456 sinequibus
1400 5397 1450 5440 nec
1461 5384 1520 5441 dici
1533 5383 1624 5454 ipsam
1639 5380 1795 5437 Ecclesiam

966 5486 1010 5540 est
1024 5476 1226 5552 possibile‘lEt
1239 5487 1393 5531 conversus
1405 5470 1573 5528 sacellarius
1584 5468 1661 5527 dixit
1674 5465 1797 5526 bomini-

967 5574 1022 5631 bus
1040 5566 1155 5626 exarobi
1177 5577 1243 5622 cum
1256 5562 1395 5619 clamore:
1412 5559 1505 5616 [licite
1518 5557 1658 5615 exarabo:
1686 5555 1795 5625 liujus-

970 5659 1046 5719 modi
1071 5654 1215 5714 bominem
1226 5650 1348 5709 debebas
1359 5647 1506 5704 dimittere
1524 5645 1619 5703 virere
1631 5642 1681 5707 ubi
1694 5653 1793 5715 prees,
