3876 6090
124 240 177 299 379

740 250 921 307 tunsnasit
946 244 1216 307 utuuiannmnml

96 343 99 351 ’
125 385 138 416 »
159 366 302 439 exhibuit,
328 368 387 425 baec
406 372 506 426 ornate
526 372 554 426 et
575 368 707 427 ordinate
721 371 825 443 agitari
854 367 993 426 dadai-A
1008 378 1038 421 se
1052 380 1146 423 vocem
1168 380 1217 437 per
1234 365 1402 438 deiloquum
1424 368 1512 425 David
1527 371 1556 424 et
1569 367 1715 439 psalmista

128 474 140 505 u
161 454 217 510 vit:
242 461 384 526 quatenus
408 457 602 514 incolumitati
628 473 678 530 per
702 459 822 531 gratiam
845 458 954 513 denaia

127 565 138 593 a
160 544 323 615 conjuncta,
354 545 586 602 indeclinabilem
613 548 831 618 perpetuitatem
863 551 892 602 et
912 545 952 601 in-

124 652 137 680 »
159 631 315 688 flexibilem
328 633 363 689 ad
378 639 498 706 utraque
510 640 611 692 nutum
624 637 684 692 veri
698 641 791 693 status
800 635 877 692 salva
889 650 952 690 cus-

125 742 138 769 a
160 720 281 777 tulliani.
304 740 318 771 a

194 847 366 916 Epiphanius
392 848 522 903 diaeonus
537 850 578 920 [ri
596 847 776 924 cubuclesius]
798 850 878 917 leqit:

158 951 187 1007 Si
213 952 346 1010 universa
367 960 497 1011 creatura
519 970 535 1011 a
561 958 617 1012 beo
644 957 759 1013 condita
789 957 896 1028 accepit
917 970 951 1013 cx

123 1055 180 1096 non
193 1045 320 1098 exstante
333 1043 509 1102 subsistendi
521 1045 666 1116 virtutem,
682 1060 757 1102 nunc
773 1046 836 1116 ejus
851 1047 952 1116 utique

124 1135 261 1202 praecepto
275 1135 348 1188 mota
365 1133 524 1206 etdirecta,
544 1134 624 1191 novit
644 1134 786 1191 creat-aris
805 1135 951 1192 custodire

123 1220 297 1290 mandatum,
322 1225 457 1292 tanquam
475 1221 512 1278 ab
538 1223 601 1293 ipso
623 1237 736 1294 quoque
758 1222 950 1294 provisionem

122 1308 222 1379 adeptu
240 1309 301 1364 sive
315 1309 473 1366 inanimata
487 1311 536 1382 sit,
552 1311 612 1367 sive
632 1312 767 1368 animata.
783 1311 840 1383 ipsi
855 1317 949 1368 autem

121 1397 305 1454 traditionem
322 1413 384 1469 quae
401 1413 417 1454 a
438 1399 553 1457 Christo
569 1400 653 1456 nobis
666 1400 695 1456 in
710 1405 809 1458 sancta
822 1401 950 1457 Ecclesia

121 1499 172 1541 sua
186 1487 220 1541 ad
242 1487 467 1544 recordationem
482 1487 639 1544 salutiferae
652 1488 878 1559 dispensationis
890 1505 949 1546 suae

120 1573 186 1631 data
206 1579 258 1646 est,
272 1575 512 1633 anathematizare
534 1583 787 1649 presumpserunt,
809 1579 951 1650 ignoran-

121 1668 163 1720 tes
178 1663 252 1734 quod
279 1665 353 1720 nibli
377 1679 476 1722 eorum
499 1681 561 1737 quae
583 1666 611 1721 in
636 1667 686 1723 illa
707 1672 786 1737 sunt,
801 1667 865 1723 sine
887 1669 992 1750 ipsoB

121 1752 209 1809 luerit
223 1751 344 1819 iactum,
361 1758 389 1809 et
404 1755 596 1812 ostenduntur
611 1756 780 1812 inanimatis
796 1757 951 1813 insensibi-

119 1842 218 1914 lioreS,
234 1848 262 1898 et
281 1842 534 1900 irrationabilibus
550 1845 813 1901 irrationabiliores
828 1863 835 1901 :
849 1851 877 1900 et
891 1860 947 1901 non

119 1930 211 1986 solum
230 1931 298 2001 lraec,
313 1931 361 1985 sed
379 1936 406 1986 et
421 1931 491 1987 bene
511 1946 540 1987 se
552 1946 667 1988 currere
684 1933 868 2005 arbitrantes,
888 1933 950 1989 tin-

119 2031 202 2089 guam
217 2018 246 2072 in
266 2018 361 2087 quavis
376 2019 558 2075 sermonibus
572 2025 600 2075 et
612 2019 796 2092 dogmatibus
813 2021 875 2077 suis
890 2021 949 2077 ial-

119 2107 206 2162 lacem
229 2106 435 2178 demonstrant,
459 2113 585 2164 sanctam
606 2109 657 2164 Dei
684 2110 839 2166 Ecclesiam
860 2110 948 2166 idolis

118 2194 248 2250 adornati
265 2194 463 2267 perhibentes3
477 2203 562 2267 atque
578 2198 757 2254 mendacium
774 2212 852 2269 spem
865 2212 947 2254 suam

120 2287 267 2353 ponentes,
283 2283 318 2338 ad
334 2297 395 2339 eam
411 2282 579 2354 proterunt:
604 2284 671 2340 l'ias
687 2291 751 2342 tuas
764 2286 840 2342 scire
860 2287 947 2343 nolu·

119 2369 261 2441 mustiob.
286 2369 356 2443 aar),
383 2373 636 2443 nequeantiquam
661 2373 853 2429 traditionem·
864 2375 946 2445 sequi

119 2458 317 2528 proponimus.
335 2460 370 2514 Et
386 2459 501 2529 quidem
517 2460 666 2516 audieuta
688 2460 805 2517 cbristo
819 2462 869 2533 qui
885 2475 946 2518 eam

117 2544 270 2601 fundavit:
302 2548 397 2603 Nescio
427 2562 475 2601 uos
503 2544 609 2619 (blatth
639 2562 691 2619 vn,
718 2548 808 2621 nuv);
834 2549 947 2622 lingunt

117 2639 212 2690 autem
228 2648 258 2692 se
272 2634 420 2692 diabolum
436 2636 625 2708 triumphare,
636 2637 764 2693 dicentes
778 2638 837 2693 ita:

242 2757 387 2825 drepanius
398 2761 538 2830 episcopus
548 2761 723 2816 Necessariae
735 2761 799 2829 legit
810 2779 818 2815 ι

154 2902 167 2934 r
186 2881 260 2952 Quia
283 2896 349 2939 vero
373 2882 421 2938 bic
441 2884 492 2954 qui
512 2882 547 2941 ob
564 2884 687 2954 priorem
710 2885 870 2943 claritatem
886 2890 946 2944 Lu-

118 2989 131 3019 »
152 2968 224 3026 ciier
245 2970 343 3027 dictus
367 2977 420 3043 est,
447 2973 595 3042 proprium
611 2973 740 3028 ordinem
762 2973 839 3030 circa
857 2977 944 3032 Deum

118 3077 131 3107 a
152 3058 323 3115 collocatum
353 3058 468 3131 babens,
499 3066 527 3116 et
554 3061 584 3115 in
608 3063 752 3118 excelsum
776 3067 874 3119 contra
898 3062 946 3119 ia-
1034 3094 1083 3150 A„
1106 3094 1254 3164 scriptum
1276 3093 1306 3149 q„
1330 3093 1428 3150 munqq

118 3165 131 3195 u
152 3152 258 3204 ctorem
279 3162 363 3205 suum
389 3162 504 3206 sensum
534 3150 699 3222 extendens,
729 3151 852 3208 tenebrae
877 3152 944 3208 binc

118 3256 130 3286 a
151 3250 216 3294 eum
231 3237 388 3306 apostatica
409 3238 516 3294 virtute
537 3252 589 3295 sua
608 3236 703 3295 iactus
716 3245 770 3312 est,
790 3244 819 3296 et
831 3254 867 3297 ex
879 3241 945 3313 glo-

117 3343 130 3374 »
153 3325 323 3395 riesissima,
350 3325 441 3382 lucem
461 3323 592 3397 iaciente,
615 3331 644 3382 et
666 3342 752 3399 super
771 3329 864 3387 lucem
886 3329 944 3385 exi·

117 3436 129 3466 »
150 3421 242 3473 stente
260 3415 311 3471 bei
336 3414 550 3486 principalitate
579 3422 680 3486 sponte
706 3418 820 3489 cadens,
849 3418 943 3475 omnis

117 3505 270 3562 »malitiae
298 3505 447 3562 ultroneus
476 3502 567 3561 iactor
593 3509 622 3561 et
651 3506 834 3563 inventurae
856 3509 943 3579 magi-

117 3616 129 3645 »
150 3601 208 3651 ster
228 3594 372 3665 apparuit,
388 3598 417 3649 et
438 3591 594 3649 offuscatus
608 3597 652 3648 est
668 3612 676 3663 3
698 3607 753 3649 non
765 3593 943 3665 ierensaspi·

116 3704 129 3734 »
148 3694 213 3739 cere
234 3682 377 3737 bominem
395 3695 411 3736 a
431 3681 488 3736 lieo
511 3687 638 3735 creatum
654 3695 705 3750 pro
721 3695 754 3737 eo
776 3682 941 3756 ingloriam

116 3794 128 3822 n
151 3771 360 3841 intromissum,
382 3769 410 3824 iu
427 3782 483 3839 qua
501 3771 562 3839 ipse
574 3768 668 3825 iuerat
681 3772 868 3837 constitutus,
885 3787 943 3831 onu-

116 3880 128 3909 n
154 3874 216 3915 nem
236 3858 373 3914 adversus
400 3871 465 3913 eum
497 3858 637 3914 malitiam
667 3874 747 3915 sunm
781 3864 939 3937 evacuavit,

115 3968 128 3997 a
149 3955 177 4003 et
199 3962 249 4018 pcr
267 3946 463 4016 deceptionem
489 3946 572 4003 illum
587 3961 603 4002 a
617 3948 716 4005 divina
732 3949 823 4021 gloria
845 3956 873 4008 et
887 3952 943 4009 cla·

115 4054 127 4085 u
149 4036 234 4091 ritate
254 4034 381 4091 reddidit
404 4034 541 4107 alienum,
567 4042 727 4093 creaturam
744 4039 940 4114 potiusquam

115 4145 127 4175 s
147 4124 307 4180 Creatorem
318 4123 436 4180 adorare
450 4124 612 4182 cohortans.
630 4145 643 4177 a

182 4248 354 4318 Epiphanius
379 4248 510 4304 diaconus
527 4245 567 4324 [et
589 4249 772 4327 cubuclesius]
784 4253 865 4322 legit:

146 4372 176 4429 Si
193 4373 309 4445 quidem
324 4376 423 4429 contra
446 4373 588 4431 idolorum
604 4375 781 4446 servitutem,
806 4378 850 4434 vel
872 4393 905 4435 co

114 4465 157 4519 tra
177 4467 374 4520 creaturarum
399 4462 577 4533 servitutem,
595 4477 679 4533 quam
707 4465 798 4522 sancti
811 4468 933 4537 apostoli

112 4551 162 4620 qui
177 4551 271 4609 induti
288 4555 356 4608 sunt
370 4551 504 4606 virtutem
517 4549 627 4621 exalto,
641 4550 674 4607 ac
685 4552 778 4610 divini
792 4557 936 4628 propbeta

112 4639 162 4710 qui
176 4644 242 4696 ante
256 4639 405 4696 vaticinati
421 4643 498 4706 sunt,
519 4638 620 4717 sicque
634 4642 749 4698 demum
763 4645 870 4718 egregii
887 4648 938 4702 Pa·

111 4731 169 4783 tros
180 4729 274 4785 nostri
288 4727 338 4798 qui
355 4727 421 4783 illos
433 4727 524 4784 secuti
537 4733 614 4798 sunt,
628 4730 840 4803 interdixerunt
849 4739 877 4791 et
890 4748 936 4791 ex·

111 4815 213 4872 secreti
238 4820 316 4886 sunt,
353 4829 445 4871 sermo
470 4829 568 4873 eorum
593 4822 676 4891 esset,
708 4834 807 4878 omues
833 4824 935 4894 utique

111 4903 220 4960 alumni
231 4902 864 4986 Ecclesiaecomponerent[assentirentur],et
875 4913 935 4969 baee
989 4894 1057 4936 ⁸⁰⁰⁵
1071 4893 1156 4949 supe*
1172 4877 1278 4944 ⁰¹e¹¹mv
1293 4881 1400 4944 swina

112 4993 221 5051 tradere
239 4993 390 5065 scripturae
420 4995 481 5052 illis
504 5002 695 5067 opportunum
715 5000 857 5058 existeret.
880 5002 932 5058 Sed
989 4974 1017 5070 ‘⁵2‘
1047 4968 1145 5069 ‘¹⁰¹⁰,⁸³
1173 4966 1258 5022 ΨΜ
1283 4978 1392 5031 οὓωω*
1415 4969 1444 5019 et
1527 5053 1532 5065 ,
1626 5052 1632 5065 ,

990 5058 1087 5130 lingua
1113 5069 1250 5127 ipsorum.
1276 5055 1447 5124 loquuntur
1472 5053 1600 5123 pacifica,
1625 5065 1654 5107 rn
1679 5065 1711 5110 se

990 5147 1095 5203 babent
1110 5145 1295 5201 inimicitiam
1310 5163 1316 5199 :
1332 5143 1535 5213 propterquod
1555 5149 1583 5198 et
1597 5141 1714 5199 inlerun

111 5082 180 5153 quia
205 5084 278 5139 banc
302 5084 474 5155 deserentes,
498 5086 678 5143 mendacium
706 5095 878 5162 protegunt3
906 5096 935 5147 et

113 5177 219 5242 patrem
241 5173 338 5245 hujus,
357 5174 504 5231 diabolum
528 5176 662 5232 videlicet
685 5177 832 5247 publicare
847 5181 938 5237 simu·

111 5260 211 5332 lanas,
237 5268 336 5319 contra
358 5276 472 5334 eaquae
494 5269 563 5320 sunt
581 5265 771 5336 immaculatae
789 5268 934 5342 Ecclesia,

111 5350 237 5423 linguam
260 5356 412 5421 exacuunt,
435 5357 462 5407 et
479 5366 639 5422 cauponum
663 5369 740 5411 more
764 5357 862 5415 vinum
885 5361 937 5416 mi·

111 5446 247 5497 acuerunt
256 5454 347 5511 aquae,
359 5446 387 5497 et
397 5440 583 5498 subversione
594 5442 761 5501 turbulenta
773 5449 934 5516 proximum

112 5534 209 5598 potare
224 5543 279 5587 uon
296 5534 363 5587 sunt
378 5530 504 5603 reveriti,
522 5530 600 5600 juste
614 5533 738 5590 audiunt
756 5534 884 5594 divinam
898 5538 933 5594 ad

1008 454 1093 509 latam
1110 474 1115 510 :
1130 454 1223 523 Quare
1235 457 1376 512 enarratis
1392 457 1525 526 iustitias
1540 471 1625 529 meas,
1642 462 1672 513 et
1684 469 1715 515 aa

1007 547 1207 600 testamentum
1233 559 1324 601 meum
1359 560 1409 615 per
1432 560 1464 602 os
1491 545 1641 602 restrum?
1666 559 1715 603 vos

1007 632 1317 706 odistisdiscipliuam,
1331 635 1532 705 etprojecistis
1547 648 1693 691 sermones
1705 649 1715 691 r

1007 725 1142 793 trorsum,
1159 723 1319 793 portionem
1331 730 1454 780 vestram
1477 730 1613 793 ponentes
1634 738 1702 781 cum

1006 811 1169 867 adulterant
1189 812 1321 883 dogmata
1343 812 1474 868 veritatis
1496 809 1577 882 (Psoi.
1595 812 1684 886 atax).
1705 812 1715 868 l

1008 899 1149 955 mutantes
1161 901 1321 976 veritatem,
1341 901 1439 957 aiunt:

1113 1045 1258 1111 tirrparius
1281 1048 1422 1115 metopas
1447 1046 1622 1102 Neocasariae
1643 1045 1711 1113 legit

1043 1206 1055 1236 a
1076 1185 1154 1242 Unde
1178 1189 1301 1258 propria
1322 1203 1423 1246 manus
1441 1204 1514 1259 opus
1528 1190 1609 1247 lictor
1626 1192 1705 1247 Deus

1007 1293 1019 1323 u
1040 1274 1131 1332 disca
1143 1278 1236 1334 modis
1256 1279 1391 1335 omnibus
1406 1279 1436 1334 in
1453 1280 1641 1350 perditionem
1660 1281 1715 1337 den

1005 1380 1019 1416 a
1041 1377 1220 1436 nequaquam
1246 1368 1397 1435 sustinuit,
1421 1369 1468 1424 sed
1486 1374 1550 1439 post
1566 1365 1619 1442 [dr
1640 1369 1715 1426 vider

1006 1469 1019 1500 u
1042 1452 1071 1507 in
1084 1468 1110 1523 p.
1124 1453 1290 1512 lubensnon
1301 1470 1412 1529 passus,
1427 1458 1505 1528 post]
1516 1458 1715 1529 diligentiam(

1006 1559 1019 1589 r
1042 1541 1130 1614 legem
1142 1548 1228 1614 atque
1239 1547 1392 1616 propbetas
1408 1562 1459 1617 pra
1470 1547 1556 1616 hujus
1567 1552 1611 1602 est
1620 1546 1715 1603 effecta

1008 1649 1020 1679 r
1042 1631 1225 1704 nondumque
1237 1634 1287 1690 illo
1297 1635 1390 1691 redire
1400 1636 1510 1692 valente
1524 1637 1552 1691 in
1565 1637 1715 1705 prioremn

1008 1738 1020 1767 r
1042 1724 1107 1790 tem,
1132 1721 1323 1793 dignatusest
1337 1725 1443 1781 Filium
1456 1740 1540 1781 suum
1554 1732 1583 1781 et
1602 1726 1715 1783 verbam

1007 1827 1019 1856 n
1040 1809 1169 1866 vissimis
1190 1817 1218 1866 et
1238 1814 1449 1883 praedestinatis
1469 1815 1647 1885 temporibus
1671 1814 1715 1871 mi‘

1006 1915 1018 1945 n
1041 1903 1154 1953 terrain
1170 1900 1224 1969 Qui
1238 1901 1384 1957 voluntate
1397 1908 1523 1974 paterna,
1540 1910 1569 1958 et
1582 1910 1715 1973 cooperui

1005 2003 1017 2033 u
1039 1985 1115 2041 vilici
1141 1992 1169 2043 et
1188 1989 1307 2059 aequalis
1328 1991 1385 2045 sibi
1407 1992 1532 2061 potentia
1552 1992 1716 2064 Spiritus,i

1005 2074 1174 2146 »virginali
1195 2076 1337 2151 babitans,
1365 2084 1393 2135 et
1415 2094 1449 2135 ex
1472 2085 1568 2136 sancta
1592 2087 1620 2137 et
1648 2082 1715 2138 imm

1004 2180 1017 2210 u
1038 2176 1123 2218 carne
1133 2165 1195 2234 eius
1209 2166 1238 2221 in
1253 2169 1368 2237 propria
1383 2169 1543 2224 substantia
1560 2169 1634 2240 idn,
1649 2170 1713 2227 exis

1003 2267 1016 2299 a
1039 2251 1080 2306 vel
1095 2252 1284 2312 subsistentia
1297 2270 1410 2312 carnem
1422 2272 1538 2314 sumens
1550 2258 1633 2314 nobis
1644 2273 1715 2316 cons

1003 2360 1016 2387 r
1039 2340 1147 2413 tialem,
1166 2343 1238 2400 banc
1248 2346 1390 2401 mediante
1402 2346 1497 2403 anima
1509 2347 1677 2404 rationabili
1687 2353 1715 2404 et

1003 2447 1016 2478 a
1038 2429 1123 2501 gibili
1133 2434 1345 2505 compaginavit
1357 2440 1443 2506 atque
1453 2433 1596 2503 formavit,
1606 2443 1634 2493 et
1647 2441 1716 2495 natu

1003 2535 1016 2566 »
1039 2517 1100 2588 ipsa
1113 2535 1200 2590 super
1212 2536 1322 2578 omnem
1334 2523 1472 2579 rationem
1483 2529 1511 2580 et
1523 2539 1635 2581 omnem
1650 2524 1715 2582 intel

1003 2631 1015 2660 s
1036 2609 1064 2661 et
1077 2609 1297 2681 cogitationem3
1313 2625 1482 2682 crucemque
1495 2613 1613 2682 pertulit
1626 2613 1715 2670 ultror

1002 2720 1015 2752 s
1037 2706 1154 2756 mortem
1172 2699 1267 2770 elegit,
1282 2704 1367 2770 atque
1383 2701 1466 2756 tertia
1482 2702 1530 2756 die
1542 2716 1715 2774 resurgenst

1001 2809 1015 2842 a
1036 2790 1107 2862 tuis,
1118 2788 1644 2860 omnemsalutaremdispensationem
1656 2790 1715 2863 imp

1088 2950 1260 3020 Epiphanius
1272 2949 1403 3004 diaconus
1414 2950 1455 3021 [et
1464 2950 1646 3020 cubuclesius]
1657 2951 1715 3019 topia

1457 3091 1566 3149 iactura
1583 3094 1671 3149 Deum
1694 3092 1714 3149 d

998 3187 1141 3241 Faciamus
1168 3183 1302 3239 hminem
1328 3177 1366 3237 ad
1393 3184 1538 3250 imupinern
1562 3186 1587 3235 et
1616 3182 1714 3236 similit

997 3280 1119 3330 nost-ram
1139 3276 1215 3344 (den.
1230 3275 1258 3348 1).
1275 3274 1377 3345 lugens
1391 3285 1457 3343 crgo
1476 3278 1520 3326 est
1541 3269 1711 3342 magnitudo

998 3363 1077 3433 tatis,
1098 3362 1166 3434 quia
1189 3366 1300 3416 terrena
1316 3359 1440 3431 imagine
1462 3359 1512 3414 Dei
1536 3357 1715 3414 honoratus<

996 3465 1031 3508 eo
1050 3452 1215 3507 seductione
1236 3449 1362 3516 cadente,
1383 3461 1488 3503 acuon
1513 3451 1700 3504 conservante

998 3538 1384 3611 plasmationisdignitatem,
1398 3536 1690 3607 bumanumgenusin
1708 3535 1715 3593 l

997 3629 1082 3685 triam
1101 3628 1293 3697 translapsum
1307 3630 1359 3681 cst.
1376 3627 1456 3681 llunc
1468 3626 1542 3679 Deus
1554 3629 1583 3679 et
1596 3624 1715 3681 Verbum

997 3717 1090 3773 iactus
1102 3718 1196 3786 bomo,
1218 3721 1246 3771 et
1259 3728 1315 3770 non
1328 3719 1436 3770 mutata
1451 3718 1561 3781 natura,
1580 3713 1715 3782 perlectus

996 3821 1095 3862 cansa
1115 3819 1193 3876 casu,
1209 3809 1295 3876 atque
1318 3816 1465 3859 removens
1479 3817 1543 3857 eum
1564 3801 1600 3858 ab
1619 3815 1715 3861 errore

996 3910 1071 3967 rum,
1099 3895 1193 3950 denuo
1216 3894 1245 3949 in
1270 3891 1514 3948 immortalitatem
1536 3890 1627 3962 tingit,
1655 3904 1715 3960 prae

995 3986 1101 4041 donum
1116 3982 1441 4053 suspectantibus
1455 3981 1556 4036 iterata
1570 3980 1657 4048 tlctio,
1668 3980 1715 4036 Dei

996 4075 1153 4144 inspectrix
1163 4072 1286 4129 edicitur
1297 4090 1304 4141 3
1314 4076 1341 4127 et
1352 4071 1442 4140 priori
1458 4070 1574 4125 iictione
1585 4074 1715 4139 praestant

994 4165 1101 4220 donum
1118 4163 1194 4233 ltin,
1216 4163 1279 4217 liae
1301 4161 1396 4230 priore
1413 4158 1582 4215 deiformior
1596 4162 1624 4213 et
1639 4171 1715 4227 praes

994 4252 1166 4309 formatione
1176 4251 1207 4306 nt
1223 4248 1400 4314 reformatio,
1416 4262 1449 4304 ac
1461 4248 1507 4317 d]
1520 4251 1668 4303 aternum.
1680 4248 1715 4303 lla

908 4394 937 4435 n·
949 4359 977 4421 1)
992 4342 1132 4399 donorum
1154 4339 1368 4411 magnitudines
1382 4336 1568 4393 obtenebrare
1579 4338 1716 4406 volentes,

992 4431 1186 4489 idololatriam
1200 4444 1250 4501 per
1264 4429 1402 4486 iacturam
1417 4428 1574 4499 imaginum
1588 4440 1637 4482 cre
1646 4440 1715 4498 aspa

990 4522 1090 4578 bibent
1106 4520 1262 4591 introduci,
1281 4524 1309 4574 et
1323 4517 1545 4588 redemptionem
1560 4530 1660 4573 novam
1678 4516 1715 4587 lar

990 4610 1093 4667 iactmn
1116 4610 1191 4680 [dr.,
1220 4622 1269 4678 per
1290 4621 1320 4663 se
1344 4605 1461 4675 iactam]
1483 4610 1666 4673 asseverant3
1684 4610 1715 4662 et

990 4700 1085 4756 verbis
1099 4713 1181 4756 suam
1199 4697 1370 4754 sententiam
1393 4698 1573 4762 consuentes,
1590 4694 1715 4751 Ecclesia

989 4796 1124 4861 tanquam
1149 4793 1288 4844 errantem
1318 4785 1460 4855 judicant,
1488 4783 1649 4839 mollientes
1673 4796 1716 4841 ser

1421 4874 1549 4944 quadam
1574 4873 1715 4943 pronunti

1465 4963 1592 5031 jaculum
1614 4962 1716 5019 saucia

1203 5305 1347 5374 drepanius
1362 5306 1502 5375 opiscopus
1518 5305 1602 5373 lepit:

1027 5470 1040 5502 a
1061 5451 1190 5507 demovit
1204 5463 1282 5506 nasa
1294 5449 1508 5519 corruptionem
1520 5445 1715 5506 iacientedaen

991 5558 1005 5591 u
1025 5539 1201 5613 magisterio,
1218 5538 1247 5595 id
1265 5543 1317 5609 cst,
1341 5537 1376 5593 ab
1392 5537 1534 5594 idolorum
1547 5551 1643 5594 errore
1668 5552 1715 5609 par
