3876 6090
156 197 211 257 523
784 203 960 259 ANASTASII
980 202 1249 259 BlBLIOTiiECARH
1810 209 1866 268 bit

190 323 321 382 Darius·
335 327 421 383 annis
435 329 640 391 novemdecim.
996 329 1026 389 A
1074 327 1251 398 Ptolemaeus,
1272 335 1459 407 cognomentp
1484 329 1640 401 Dionysius
1663 333 1676 372 h
1699 330 1786 388 annis
1805 332 1867 388 tri-

189 412 983 473 ArtaxerxesiticmnonilariictParisatidisiilinsannis
1037 417 1126 489 ginta.

154 502 355 574 quadraginta.
1070 507 1218 577 Cleopatra
1232 507 1375 562 Ptolemai
1392 505 1451 563 iilia
1463 506 1548 562 annis
1564 505 1667 579 viginti
1681 507 1806 564 duobus.

187 589 367 661 Artaxerxes,
380 594 429 666 qui
448 598 476 652 et
484 593 590 667 Ochus,
604 597 690 652 annis
706 595 811 668 viginti
821 595 935 652 duobus
945 597 977 641 b·
1070 597 1161 667 Hujus
1172 595 1342 652 annotertio
1353 596 1754 668 primusoccupavitregnum
1767 597 1863 655 Rome

185 680 272 738 Arses
286 682 356 739 Ochi
372 685 458 741 annis
473 693 606 757 quatuor.
1032 687 1061 741 C.
1078 686 1173 742 Julius
1186 685 1287 757 Caesar,
1301 699 1318 740 a
1333 699 1390 756 qno
1404 699 1502 742 omnes
1515 685 1652 756 deinceps
1672 686 1862 757 imperatores

184 771 291 829 Darius
313 773 443 831 Arsamis
463 775 549 831 annis
567 775 976 845 sex.iiocsub1ato,etdeieio
1033 775 1149 830 Bomani
1163 775 1287 831 Caesares
1298 774 1434 844 appellati
1448 773 1573 831 inerunt.

150 860 272 931 imperio
293 863 454 935 Persarum,
473 863 634 920 Alexander
651 865 766 921 Macedo
783 865 912 936 regnavit
927 877 974 920 au·
1065 865 1116 920 llic
1132 864 1355 937 regnavitannis
1370 869 1503 935 quatuor.
1522 865 1670 922 mensibus
1682 872 1802 936 septem.

148 950 195 1006 nis
210 964 269 1021 sex,
295 952 403 1021 potitus
425 966 520 1009 rerum
541 960 606 1010 ante
620 955 699 1009 Darii
717 955 865 1009 interitum
888 953 973 1008 annis
1063 954 1128 1009 Posi
1152 951 1261 1009 lulium
1297 953 1426 1022 regnavit
1457 953 1552 1009 Bomae
1579 953 1673 1010 Caesar
1707 954 1858 1028 Augustus

145 1039 308 1097 duodecim.
325 1044 456 1098 Mortuus
480 1041 537 1099 luit
552 1042 692 1113 Babylone
707 1056 797 1098 annos
811 1048 895 1098 natus
915 1043 974 1098 tri-
1026 1041 1198 1098 ilctavianus
1210 1043 1294 1098 annis
1307 1041 1520 1113 quinquaginta
1541 1056 1601 1113 sex,
1626 1043 1776 1102 mensibus
1796 1060 1854 1102 sex.

145 1129 225 1200 ginta
241 1130 380 1202 quinque,
396 1131 449 1200 vei,
467 1130 561 1189 utaiii
579 1131 770 1203 tradiderunt,
781 1131 902 1203 triginta
911 1145 968 1187 sex.
1061 1131 1103 1186 Ab
1118 1132 1171 1187 hoc
1186 1131 1321 1200 deinceps
1347 1129 1521 1186 Antiocheni
1547 1144 1637 1187 annos
1660 1146 1730 1189 suos
1751 1148 1857 1191 nume-

179 1218 238 1276 iiex
252 1220 343 1293 igitur
357 1220 415 1278 luit
428 1221 514 1278 annis
528 1220 750 1292 septemdecimc
766 1263 772 1276 .
1026 1223 1099 1275 rant.

177 1308 296 1380 Subegit
310 1310 477 1366 Barbaricas
489 1311 619 1366 nationes
632 1323 751 1367 numero
765 1310 869 1383 viginti
885 1311 966 1382 duas,
1059 1308 1111 1365 ilic
1124 1322 1199 1365 anno
1215 1308 1330 1379 imperii
1341 1309 1387 1364 sui
1399 1308 1510 1364 decimo
1520 1309 1632 1381 quinto,
1648 1310 1763 1369 sublata
1778 1313 1857 1372 Cleo-

129 1399 168 1452 et
179 1395 296 1454 Graeciae
306 1399 439 1457 civitates
448 1400 613 1457 tredecimd.
842 1433 845 1438 ·
1026 1404 1118 1469 patra,
1138 1399 1241 1455 evertit
1262 1412 1381 1470 regnum
1404 1397 1631 1468 Ptolemaeorum,
1652 1400 1703 1470 qui
1731 1401 1806 1459 iliud
1824 1404 1852 1460 in

175 1486 964 1575 Mortuusiutdiximus)inPersiile,Aoreiiteinipcrio.
1021 1489 1139 1561 AEgypto
1162 1492 1314 1545 tenuerant
1332 1485 1417 1557 annis
1439 1487 1573 1544 ducentis
1597 1489 1757 1562 nonaginta
1784 1506 1853 1564 sep-

175 1574 308 1632 Uniiersi
324 1576 359 1631 ab
374 1576 462 1633 Adam
479 1591 571 1649 usque
594 1578 630 1634 ad
655 1586 774 1634 mortem
798 1577 964 1650 Alexandri,
1021 1583 1088 1633 tem.

139 1663 209 1727 anni
227 1663 385 1738 quinquies
410 1664 490 1723 mille
510 1669 624 1722 centum
651 1667 833 1739 septuaginta
845 1671 1005 1736 septem.R
1055 1667 1166 1721 sirinano
1199 1683 1216 1719 c
1250 1669 1335 1720 rnortc
1364 1665 1520 1720 Alexandri
1548 1681 1634 1737 risque
1660 1667 1699 1722 od
1712 1667 1850 1725 Christum

457 1790 568 1848 CAPUT
577 1790 646 1849 vm·
1018 1760 1113 1810 ruitum
1124 1757 1206 1810 crinis
1219 1755 1328 1810 decena
1339 1756 1437 1823 uiginti
1452 1759 1516 1819 tres,
1527 1755 1649 1824 Augusti
1659 1757 1849 1828 quadraginta

173 1914 240 1974 Post
252 1920 370 1973 mortem
385 1914 540 1973 Alexandri
549 1916 644 1988 iiagni
659 1917 771 1987 primus
783 1930 833 1973 rex
844 1916 963 1974 Alexan·
1018 1845 1081 1899 duo·
1334 1915 1445 1971 CAPUT
1462 1916 1510 1972 tx.

135 2003 692 2088 drieinAEgyptoiuitPtoiemaeuslagi
709 2005 962 2078 tilinsannisqua-
1050 2004 1235 2078 Colliguntnr
1255 2005 1352 2075 itaque
1378 2003 1505 2061 universi
1523 2005 1558 2061 ab
1584 2005 1672 2063 Adam
1690 2021 1787 2080 usque
1811 2011 1844 2067 ad

34 2094 39 2101 ’
135 2092 277 2164 draginta.
1016 2095 1133 2151 initium
1147 2093 1263 2164 imperii
1277 2093 1410 2166 Augusti,
1425 2094 1581 2152 secundum
1597 2097 1764 2167 exquisitos
1780 2104 1850 2157 tem·

169 2181 338 2239 Ptolemaeus
358 2182 566 2254 Philadelphus
578 2183 664 2240 annis
678 2183 869 2256 quadraginta
883 2188 956 2242 octo.
1014 2197 1115 2255 porum
1129 2183 1331 2254 descriptores,
1357 2183 1426 2238 anni
1443 2183 1599 2254 quinquies
1612 2185 1693 2242 mille
1706 2188 1844 2258 qnadrin

133 2272 191 2327 iioc
215 2276 350 2345 regnante
369 2272 444 2329 sacri
469 2273 539 2329 libri
561 2271 742 2330 Hebraeorum
771 2274 800 2330 in
828 2273 957 2346 linguam
1013 2272 1090 2346 genti
1116 2271 1328 2343 quinquaginta
1352 2274 1459 2343 septem
1474 2271 1489 2326 l.
1504 2271 1616 2344 Quippe
1629 2273 1795 2349 Augustus,
1814 2285 1844 2335 ut

131 2359 258 2417 Graecam
271 2362 396 2420 traducti
413 2361 539 2434 inerunt,
555 2369 584 2419 et
599 2362 719 2433 repositi
735 2361 765 2418 iii
781 2361 957 2419 Bibliotheca
1012 2362 1184 2432 estdictum,
1198 2360 1349 2431 imperium
1362 2360 1772 2437 tenuitannisquinquaginta
1782 2381 1843 2441 sex,

130 2450 332 2511 Alexandrina.
353 2451 538 2509 pontificatus
558 2452 711 2509 Bieazaris.
1013 2450 1160 2508 mensibus
1185 2464 1242 2506 sex.
1258 2451 1339 2506 Anno
1352 2454 1446 2506 antem
1471 2450 1692 2523 quadragesimo
1714 2458 1841 2514 secundo

166 2539 336 2597 Ptolomaeus
350 2541 582 2613 Evergetaannis
595 2541 699 2614 viginti
715 2541 854 2613 quinque.
1011 2540 1105 2613 ipsius
1118 2545 1202 2597 natus
1230 2538 1286 2596 iiiii
1309 2540 1466 2596 secundum
1491 2553 1603 2596 carnem
1627 2556 1662 2597 eii
1688 2552 1789 2602 sancta
1815 2552 1842 2602 et

164 2628 335 2686 Ptolomeus
345 2627 604 2699 Philopatoraunis
616 2630 827 2701 septemdecim.
1009 2630 1131 2701 Deipara
1143 2629 1255 2703 virgine
1271 2629 1360 2685 hiaria
1385 2629 1524 2685 Dominus
1542 2635 1640 2687 noster
1652 2632 1737 2690 iesus
1753 2635 1841 2692 Chri-

163 2709 334 2775 Ptolomaeus
347 2717 528 2788 Epiphanes⁰
541 2704 739 2792 annisviginti
756 2732 814 2775 sex.
1009 2724 1080 2776 stus.
1108 2719 1183 2775 Dens
1206 2724 1340 2788 aeternus,
1359 2718 1390 2773 in
1417 2718 1524 2789 oppido
1541 2719 1644 2776 iudaeae
1673 2721 1839 2782 Bethlehem

127 2806 220 2877 liujus
235 2807 413 2878 temporibus
436 2821 469 2865 ea
493 2813 570 2880 gestu
595 2812 663 2865 sunt
686 2823 749 2880 qua
776 2808 811 2866 de
836 2809 955 2865 hiarba·
1008 2808 1161 2865 antediem
1184 2821 1234 2863 viii
1252 2807 1401 2864 Kalendar.
1427 2807 1568 2871 tannarii.
1594 2809 1644 2879 qni
1658 2814 1703 2866 est
1717 2811 1839 2871 Cbieaci

128 2894 355 2969 baeisleguntur.
483 2935 485 2939 ι
1008 2896 1164 2954 vicesimus
1198 2909 1299 2968 nonus,
1330 2895 1463 2968 idemque
1489 2895 1653 2954 Decembris
1681 2900 1838 2960 vicesimus

162 2986 332 3045 Ptolomeus
343 2986 518 3046 Philometor
530 2988 746 3061 annistriginia
757 2988 895 3060 quinque.
948 3002 952 3011 ·
971 2988 1144 3072 cquintus.

160 3075 328 3134 Ptolemaeus
350 3078 468 3134 minori
480 3079 565 3135 annis
579 3079 683 3151 viginti
697 3093 807 3135 novem.
1042 3078 1191 3148 cyreneus
1206 3092 1231 3142 i,
1256 3081 1318 3134 tum
1340 3078 1471 3134 asenatu
1497 3075 1614 3146 missus,
1639 3093 1761 3139 censum
1779 3085 1838 3158 egit

158 3161 328 3225 Ptolemaeus
348 3167 477 3240 Physcon
498 3178 512 3216 ο
532 3168 617 3225 annis
643 3169 777 3242 sedecim,
804 3169 951 3226 mensibus
1007 3167 1246 3238 patrimoniorum
1261 3172 1290 3222 et
1311 3165 1481 3223 incolarum.
1495 3166 1584 3224 Fiunt
1597 3168 1691 3240 igitur
1704 3172 1834 3230 universi

124 3268 182 3314 sex.
1005 3253 1040 3313 ab
1055 3258 1144 3314 Adam
1167 3257 1201 3313 ad
1229 3255 1343 3312 Domini
1369 3256 1461 3311 nostri
1486 3256 1552 3313 lesu
1566 3257 1676 3315 Christi
1692 3260 1725 3316 in
1751 3276 1836 3320 carne

158 3344 327 3406 Ptolomeus
340 3347 499 3407 Alexander
523 3351 609 3408 annis
629 3351 735 3408 decem.
1005 3345 1296 3416 administrationem,
1318 3345 1347 3400 id
1361 3350 1404 3401 cst
1416 3333 1541 3419 ivoipxov
1555 3338 1708 3418 οἰκονομίαν
1729 3351 1835 3424 exqui-

158 3436 326 3497 Ptolemaeus
339 3437 427 3496 irater
440 3440 527 3512 hujus
542 3442 627 3497 annis
647 3446 720 3498 octo.
1005 3436 1147 3493 citissima
1162 3434 1284 3506 ratione,
1301 3433 1369 3490 anni
1383 3433 1540 3505 quinquies
1563 3435 1642 3492 mille
1666 3438 1831 3514 quingenti.

693 3529 725 3584 A.
738 3527 853 3584 CONTit
865 3527 966 3584 NOTAE
983 3521 1267 3584 CHRONOLOGICAE.

121 3595 269 3672 Scriptura
283 3612 433 3657 numerare
448 3605 574 3671 tempora
590 3614 640 3670 per
654 3613 745 3655 annos
763 3605 945 3655 externorum
1004 3594 1151 3677 superiori
1166 3595 1260 3665 capite
1284 3595 1417 3651 mendum
1430 3600 1481 3652 est.
1506 3597 1578 3654 Sunt
1594 3596 1716 3670 igitura
1742 3606 1832 3658 morte

120 3673 285 3742 principum
313 3685 385 3741 qnos
399 3671 486 3727 etiam
496 3673 548 3728 hoc
562 3669 832 3741 capitecomplexus
847 3675 890 3725 est
900 3671 947 3726 Ni-
1000 3666 1154 3723 Alexandri
1167 3679 1259 3736 nsque
1275 3671 1374 3722 natum
1389 3666 1550 3740 Christum,
1568 3668 1595 3724 id
1615 3675 1661 3726 est
1697 3673 1832 3746 uadrage

120 3713 522 3814 ephorus.daereiumquam
540 3740 944 3797 intersedissentiantGraeci
1000 3739 1106 3795 simum
1131 3738 1288 3794 secundum
1311 3737 1355 3794 Au
1378 3738 1569 3820 astiannum,
1594 3741 1664 3796 aiini
1710 3740 1765 3812 233
1791 3743 1827 3800 ab

119 3820 251 3871 auctores
264 3812 300 3868 de
311 3811 492 3884 singulorum
517 3812 736 3868 monarchorum
750 3812 844 3880 annis,
869 3811 943 3867 nulli
999 3809 1088 3892 Adam
1104 3822 1169 3865 vero
1185 3809 1325 3892 usquead
1349 3754 1496 3866 &hristum
1508 3811 1577 3894 anni
1593 3809 1674 3881 5508,
1692 3813 1719 3870 si
1733 3829 1829 3872 omnes

119 3888 231 3940 nonest
246 3884 396 3939 incertum.
412 3883 464 3939 Sed
492 3883 684 3953 Nicephorum
704 3883 883 3953 probatiores
896 3897 946 3940 se-
1000 3880 1138 3951 speciales
1152 3885 1180 3936 et
1194 3894 1341 3936 universas
1363 3894 1491 3938 summas
1506 3897 1588 3952 prius
1611 3885 1760 3953 expositas
1774 3891 1827 3942 eta

118 3958 217 4013 cutum
242 3953 332 4013 inisse
355 3953 527 4010 credendum
549 3959 610 4026 cst,
626 3968 718 4038 neque
745 3954 821 4009 enini
837 3952 896 4010 iere
909 3955 945 4011 ab
999 3953 1083 4009 nobis
1099 3953 1248 4008 restitutas
1263 3951 1293 4007 iii
1321 3965 1407 4008 unam
1422 3952 1634 4025 collegerimus.
1646 3953 1729 4013 Aiter
1743 3957 1829 4015 Nice-

117 4024 242 4082 Euscbio
254 4030 282 4080 et
296 4025 406 4082 isidoro
419 4025 556 4081 dissentit
568 4031 596 4082 et
610 4025 696 4082 libris
707 4027 802 4082 Esdrae
816 4031 843 4081 et
857 4027 945 4083 Neine
999 4024 1107 4095 phoras
1122 4023 1173 4079 lib.
1188 4037 1196 4077 i
1211 4023 1374 4079 Ecclesiast.
1391 4024 1498 4080 ilistor.
1522 4040 1546 4082 c.
1566 4023 1599 4082 10
1621 4030 1649 4082 et
1670 4041 1698 4083 c.
1717 4027 1770 4084 uit.
1786 4029 1827 4086 ait

118 4096 192 4153 mliii.
209 4097 323 4153 Summa
336 4101 429 4153 antem
448 4110 588 4153 annorum
610 4097 754 4153 areducta
776 4097 943 4166 captivitate
997 4109 1072 4151 anno
1086 4094 1185 4151 mundi
1198 4092 1378 4150 5505011001
1393 4093 1661 4153 iuisscCliristum:
1681 4098 1826 4157 Ccdrcnus

118 4166 220 4238 (quain
234 4167 417 4238 pretermisit
428 4165 896 4241 Nicephoruslestannorumbdl,
906 4168 942 4224 ab
997 4181 1074 4239 vero,
1088 4165 1271 4222 annemundi
1288 4163 1359 4221 5500
1370 4185 1376 4221 :
1389 4167 1463 4223 aiter
1475 4167 1580 4238 tribus,
1592 4167 1665 4224 aiter
1680 4184 1749 4227 vero
1759 4172 1826 4229 duc·

118 4238 232 4311 origine
247 4253 311 4296 vcro
327 4239 426 4296 mundi
437 4258 445 4310 ς
458 4240 486 4296 iil
507 4246 559 4309 est,
581 4240 616 4296 ab
639 4241 702 4311 ipso
722 4239 830 4295 Adamo
850 4254 942 4311 iisque
997 4238 1051 4294 biis
1066 4244 1176 4294 tantum
1188 4237 1273 4293 annis
1283 4237 1319 4292 ab
1331 4237 1383 4292 hac
1395 4243 1493 4296 nostra
1509 4239 1684 4297 deiicientes.
1702 4242 1756 4299 Sed
1768 4242 1825 4299 Aac

116 4309 151 4367 iid
165 4314 282 4369 mortem
297 4310 451 4367 Alexandri
470 4312 575 4384 Magni,
592 4324 732 4367 annorum
750 4307 830 4367 5185.
957 4282 1082 4380 unam
1095 4308 1266 4380 collegimus
1277 4309 1460 4365 exactissima
1471 4316 1514 4366 est
1526 4319 1554 4367 et
1567 4324 1623 4367 usu
1636 4325 1654 4367 a
1665 4311 1825 4375 Graecaltc

150 4381 264 4438 AnCir.
280 4383 347 4439 l'tli.
366 4413 403 4425 -
422 4383 590 4454 Superiores
614 4382 853 4452 computationes,
871 4387 942 4454 quot
995 4380 1083 4437 ciceia
1105 4384 1226 4450 receptu,
1242 4385 1274 4436 rit
1289 4381 1417 4437 ostendit
1430 4394 1522 4440 canon
1537 4382 1643 4438 tertius
1666 4385 1772 4455 synodi
1794 4386 1823 4443 iu

115 4454 339 4527 annisquisque
363 4468 560 4511 successorum
587 4452 742 4509 Alexandri
768 4453 797 4509 in
821 4455 939 4526 AEgypto
994 4452 1103 4509 Trullc.
1119 4457 1208 4520 sexta,
1221 4452 1404 4521 niiiversalis,
1416 4457 1444 4508 et
1456 4453 1560 4510 iiorolo
1581 4453 1642 4514 ium
1656 4455 1822 4514 Craecorum

114 4526 286 4607 regnaverit,
299 4525 431 4594 Eusebio,
450 4525 571 4596 isidoro,
586 4531 615 4580 et
637 4525 748 4580 ceteris
761 4524 940 4598 chronogra-
993 4522 1121 4579 venetiis
1135 4523 1305 4592 impressum
1316 4536 1390 4580 anno
1404 4523 1514 4580 Christi
1526 4521 1558 4579 1“
1579 4523 1608 4595 5,
1619 4539 1706 4596 quem
1716 4540 1821 4587 anniiiu

115 4594 181 4664 plits
196 4597 267 4652 mire
288 4597 550 4666 consentiuiit3seil
571 4596 703 4652 collectio
716 4597 806 4652 totius
820 4612 937 4654 sumine
994 4594 1024 4650 in
1039 4607 1139 4677 magno
1160 4593 1243 4661 Cyclo
1260 4594 1392 4651 l'aschaii
1419 4594 1459 4650 ibi
1476 4595 1605 4666 subjecto
1631 4594 1704 4654 iacit
1715 4613 1821 4657 aunum

113 4677 170 4719 non
184 4668 325 4723 conrciiit.
341 4670 416 4735 Quot
429 4672 523 4722 autem
543 4667 611 4722 anni
631 4668 766 4723 intersint
777 4669 852 4724 inter
865 4683 939 4724 mor-
993 4667 1093 4723 mundi
1109 4661 1198 4731 ibit,
1215 4666 1383 4736 aqiiibussi
1401 4664 1469 4722 1530
1483 4667 1626 4725 ademeris
1650 4683 1748 4728 anuos
1759 4672 1819 4729 sci-

114 4738 170 4791 tem
179 4735 332 4794 Alexandri
344 4741 372 4792 et
383 4737 491 4793 Christi
504 4739 680 4795 nativitatem
698 4741 828 4810 sequenti
841 4741 937 4809 capite
993 4736 1187 4808 licetChristi,
1197 4737 1419 4819 restabuntanni
1429 4709 1818 4801 5508,anniscllicetmundi

112 4805 315 4863 adnotabimus
334 4821 395 4863 esso
409 4807 471 4880 315,
492 4817 618 4881 quotque
633 4811 668 4866 ab
678 4808 771 4866 Adam
794 4811 828 4866 ad
849 4811 937 4866 Chri·
993 4810 1131 4881 usquead
1145 4809 1293 4864 Christum
1307 4816 1405 4866 natum
1420 4807 1444 4864 i.
1461 4809 1553 4866 Sedet
1566 4824 1642 4867 nunc
1665 4818 1818 4870 vertentem

112 4881 189 4932 stum
199 4879 351 4934 Dominum
367 4882 456 4937 Deum
468 4886 608 4937 nostrum.
991 4894 1097 4936 aniinm
1113 4880 1220 4935 Christi
1236 4877 1301 4937 1571
1320 4879 1491 4937 incitannos
1504 4881 1604 4938 mundi
1618 4879 1702 4955 1019,
1719 4889 1749 4941 et
1757 4886 1818 4956 ejus
1873 4918 1882 4931 -

147 4946 188 5003 Au
202 4949 265 5004 Cir.
281 4953 327 5006 IX.
347 4983 379 4991 —
395 4953 425 5007 ln
450 4954 571 5009 summis
597 4953 688 5008 totins
702 4953 883 5009 collectionis
908 4957 935 5008 et
992 4957 1118 5022 tempora
1133 4958 1160 5007 ct
1176 4950 1247 5007 festa
1264 4952 1380 5012 mobilia
1397 4953 1541 5028 praecipua
1555 4954 1598 5008 sic
1609 4955 1710 5011 tradit.
1724 4958 1816 5013 Grada
1862 4996 1882 5007 -

697 5041 849 5098 BiUSBBhi
870 5042 971 5098 NOTA:
992 5041 1188 5097 lliSTi'lillCrB.

142 5121 157 5150 ⁸
169 5110 274 5167 Notius
289 5111 369 5168 addit
387 5112 565 5171 Anastasius.
1027 5114 1130 5169 siinnc
1141 5119 1169 5168 et
1181 5114 1386 5172 Sotrrrmvocat
1395 5113 1546 5174 Eusebius.

124 5252 130 5265 ι
144 5178 160 5223 ¹¹
174 5183 255 5266 Apud
267 5184 433 5255 Eusebium,
447 5186 588 5271 isidorum
601 5191 629 5241 et
641 5184 836 5257 Anastasium,
848 5185 936 5256 hujus
1024 5184 1209 5266 ambiendos
1229 5187 1278 5256 qui
1292 5189 1485 5257 ethicopsius,
1499 5188 1569 5261 legit
1580 5187 1763 5251 Anastasius.

111 5250 207 5381 ¹¹¹3]ss
218 5256 482 5401 ¹Aegeitpiitiitriesrtla’siffiifils.
1022 5255 1393 5412 Ξῗξξξῗίέῃῗιᾞοῖιοιέοῶθηείε
1413 5331 1622 5406 AEgypriomm
1639 5334 1784 5409 incipiens
1795 5344 1882 5394 a..

144 5393 338 5455 ‘Anastasius
354 5399 380 5455 u.
988 5398 1078 5453 viial.
1097 5399 1269 5474 Decembris,
1286 5408 1318 5459 ut
1331 5402 1414 5460 docet
1428 5403 1510 5476 Beda,
1533 5404 1569 5461 de
1581 5407 1693 5465 Natura
1708 5423 1882 5480 rerunt-2

144 5467 288 5526 ‘illirstris
302 5472 388 5528 vertit
401 5470 582 5532 Anastasius.
987 5483 1048 5583 cog.
1067 5465 1108 5525 11.

144 5531 360 5601 1101101000
375 5542 460 5601 idem.
1030 5553 1035 5561 ·
1050 5539 1167 5611 corioro
1182 5540 1252 5617 legit
1261 5545 1439 5606 Anastasius.
