3876 6090
114 255 163 315 tlt
726 249 904 309 admissu
928 247 1199 309 blbhlolhacnhh

114 387 191 443 etad
214 382 343 441 laetitiam
368 381 503 455 gratiosi
533 380 606 451 Quia
629 392 695 437 vero
723 373 978 434 insurrexeruntA
995 387 1074 446 mus3
1097 380 1126 432 et
1145 389 1207 432 eam
1228 390 1313 448 mam
1333 390 1425 447 nuper
1446 378 1632 435 intexuerunt
1657 391 1725 437 exa

116 476 232 549 quidam
265 472 332 543 viri,
359 471 478 528 formam
510 468 624 543 quidem
650 466 766 539 pietatis
793 463 938 534 habentes,
996 465 1054 522 tilis
1076 466 1297 538 ignominiosam
1321 479 1506 538 grossamque
1520 470 1636 538 vestem,
1659 467 1725 526 ide

115 565 251 639 quoniam
272 561 425 621 sacerdotii
444 561 586 635 dignitate
609 555 819 615 circumamicti
852 558 938 623 sunt3
995 556 1118 612 ctrinam
1134 554 1244 626 salsam,
1263 555 1445 627 disrumpere
1467 562 1496 613 et
1510 557 1652 629 scindere,
1667 560 1725 614 etr

28 652 33 661 '
115 657 250 713 virtutem
269 657 365 711 autem
385 651 449 721 eius
463 651 645 722 abnegantes,
656 650 685 704 et
701 643 940 717 babylonensium
995 644 1088 702 dosia
1124 644 1319 716 incorruptam
1348 658 1516 703 conservare
1544 644 1614 716 ltin,
1649 659 1724 718 expe

116 744 294 802 sacerdotum
305 741 479 799 calumniam
501 733 733 814 [accusationem]
747 733 939 806 arripientes,
996 735 1123 792 tunicam
1144 734 1319 793 studeamus.
1335 736 1434 808 ltaque
1448 735 1622 806 apostolicas
1641 741 1670 793 et
1690 748 1725 809 pa

118 847 190 905 quos
202 838 230 889 et
243 829 392 902 prophetia
408 827 537 901 publicat
555 827 670 884 dicens:
694 827 811 894 Egresso
828 827 868 879 est
880 822 942 876 iei-
997 824 1168 882 traditiones
1184 829 1345 897 sequentes,
1361 825 1501 882 audemus
1519 829 1614 882 autem
1626 824 1725 883 dicore

117 924 234 992 guttere
248 919 434 975 sacerdotibus
446 914 695 986 halophantam.
711 913 786 985 1111).
803 914 863 969 lano
875 923 941 967 vero
995 914 1154 984 spiratione
1172 913 1348 971 sanctissimi
1371 914 1499 985 Spiritus
1522 919 1725 986 consonantes,

114 1010 301 1083 caiphaicum
328 1007 486 1066 concilium
510 1008 678 1076 statuentes,
703 999 854 1076 genitores·
872 998 940 1056 iacti
995 1017 1113 1076 oemqne
1138 1004 1250 1061 collecti
1291 1004 1510 1075 [convenientes]
1541 1004 1671 1062 universi
1699 1019 1725 1063 ct

116 1107 184 1158 sunt
208 1101 372 1172 dogmatum
396 1097 570 1168 impiorum:
592 1100 621 1152 et
632 1109 665 1151 os
685 1090 898 1149 maledictionis
914 1093 942 1146 et
996 1093 1109 1149 dautem
1154 1093 1239 1150 nobis
1282 1092 1418 1150 habentes
1457 1094 1642 1151 traditionem
1689 1094 1725 1153 Ee

115 1189 322 1247 amaritudinis
343 1187 489 1259 habentes,
504 1185 656 1257 praevalere
675 1183 705 1241 in
724 1179 940 1255 malisgloriam
996 1181 1153 1253 catholicae,
1197 1182 1395 1239 consonantiis
1431 1197 1494 1255 quae
1537 1181 1665 1239 formatae
1704 1197 1725 1241 a

116 1278 249 1336 arbitrati
270 1281 346 1334 sunt.
368 1275 562 1347 infamemque
590 1274 718 1348 linguam
746 1277 775 1329 et
800 1270 941 1329 calamum
996 1271 1105 1329 sanctis
1143 1285 1193 1329 sex
1235 1271 1449 1330 universalibus
1490 1272 1626 1329 conciliis
1668 1286 1724 1331 ron

116 1368 328 1425 ministrantem
362 1366 431 1423 huic
452 1364 641 1436 possidentes,
665 1368 694 1419 et
714 1375 796 1420 voces
819 1373 883 1432 quae
905 1357 941 1414 ab
995 1361 1087 1417 effecti
1125 1375 1234 1433 sumns,
1266 1361 1539 1418 anathematizantes
1569 1361 1629 1418 hrii
1665 1376 1725 1419 vesa

116 1459 179 1530 ipso
202 1459 259 1514 Deo
274 1457 474 1529 prolataesuut
493 1454 703 1526 impugnantes,
719 1456 806 1523 atque
823 1451 942 1521 porten-
994 1451 1154 1508 llacedonii
1194 1450 1311 1523 rabiem,
1343 1451 1518 1522 Apollinarii
1552 1451 1725 1509 insensatum

115 1555 184 1604 tosa
197 1546 290 1618 regale
312 1544 514 1615 sacerdotium,
529 1547 558 1599 et
570 1546 681 1614 gentem
693 1544 830 1610 muctam,
853 1543 880 1595 et
893 1550 942 1593 eos
996 1554 1070 1610 sum,
1084 1539 1210 1597 Nestorii
1223 1539 1374 1597 humanam
1392 1539 1534 1597 culturam
1552 1540 1708 1611 [culturam

115 1638 166 1708 qni
181 1634 328 1693 Christum
341 1633 509 1705 induerunt,
525 1632 655 1705 etgratia
666 1633 730 1703 eius
744 1629 780 1687 ab
797 1627 941 1686 idolorum
997 1629 1063 1700 nisl,
1074 1628 1242 1701 Eutychetis
1253 1634 1281 1685 ct
1294 1628 1424 1685 Dioscori
1436 1627 1640 1686 confusibilem
1658 1628 1725 1687 vani

116 1739 212 1783 errore
221 1725 323 1782 salvati
335 1728 413 1796 sunt,
428 1720 737 1780 idololatrasvocantes
747 1695 981 1794 [tir.,porten-B
996 1724 1025 1776 et
1043 1733 1108 1776 cum
1130 1719 1193 1776 illis
1221 1719 1425 1791 polycephalon
1447 1719 1582 1792 hydram3
1606 1718 1726 1793 origeni

115 1821 185 1887 10⁵0,
199 1819 266 1882 etc,
279 1805 940 1887 id0101³irisi0carunt].Etnequamoperatio·
997 1810 1074 1881 dymi
1090 1814 1118 1866 et
1131 1808 1246 1882 Evagrii
1256 1809 1432 1881 desipientes
1452 1808 1663 1878 tabulationes,
1678 1809 1725 1867 Ser

116 1907 162 1964 nis
177 1905 313 1962 habentes
334 1907 441 1973 votum,
457 1915 558 1958 manus
573 1901 607 1957 ad
629 1899 734 1957 illicita
749 1896 943 1972 immiserunt,
998 1900 1129 1971 llonorii,
1153 1906 1182 1956 et
1203 1900 1279 1972 Cyri,
1296 1904 1324 1957 et
1342 1900 1456 1972 l‘yrrhi,
1478 1905 1507 1956 et
1527 1899 1704 1958 asseclarum

115 1995 250 2054 demoliri
263 1993 374 2065 opinati
386 1991 595 2050 venerabilium
618 1990 759 2059 picturam
773 1988 942 2062 imaginum.
999 1990 1097 2063 unius,
1120 1989 1178 2047 imo
1193 2002 1314 2060 nequam
1340 1990 1429 2047 moris
1452 1989 1645 2047 voluntatem:
1672 2003 1725 2049 nec

114 2089 150 2145 Et
173 2085 289 2158 quidem
319 2095 497 2154 quacunque
519 2081 555 2139 de
575 2078 700 2137 tessellis
719 2077 837 2136 luerunt
859 2077 942 2147 iacta,
1001 2080 1048 2136 his
1064 2078 1189 2135 similem
1210 2078 1375 2151 vanitatem,
1391 2092 1454 2151 quae
1469 2083 1532 2149 post
1548 2079 1600 2135 bas
1614 2093 1725 2153 vaneg

116 2175 293 2232 effoderunt:
308 2184 371 2243 quae
383 2182 449 2227 vero
461 2182 496 2225 on
510 2180 573 2224 cera
587 2165 666 2224 tuere
686 2165 801 2237 perinso
815 2165 944 2224 colorum
999 2174 1098 2226 contra
1109 2167 1286 2224 venerabiles
1313 2168 1463 2241 imagines,
1478 2174 1668 2226 consonanter
1682 2174 1713 2227 et

115 2275 209 2334 opere,
224 2259 403 2328 deleverunt,
417 2255 682 2326 venerabiliumque
698 2255 857 2326 imaginum
872 2250 942 2329 [θη
999 2256 1085 2314 miter
1104 2256 1140 2313 ab
1158 2257 1270 2328 Spiritu
1294 2262 1437 2314 sumentes
1454 2257 1582 2330 verbum,
1595 2263 1624 2314 et
1641 2258 1680 2315 ab
1700 2272 1725 2317 et

116 2346 299 2423 templorum]
321 2348 410 2404 decus
429 2345 457 2401 in
483 2345 608 2402 dedecus
633 2343 854 2401 transtulerunt.
873 2344 942 2400 Cum
999 2347 1106 2404 rientes
1118 2347 1251 2404 mundam
1266 2360 1381 2419 aquam,
1395 2348 1516 2421 spongia
1533 2348 1725 2421 dogmatumt'

117 2440 163 2497 his
173 2443 270 2495 autem
282 2440 354 2493 etea
369 2448 433 2506 quae
446 2434 477 2490 in
491 2432 601 2489 tabulis
613 2432 643 2488 in
660 2431 824 2489 memoriam
834 2430 943 2489 Christi
1000 2448 1062 2492 rum
1083 2434 1262 2506 delevimus,
1283 2439 1312 2493 et
1334 2436 1495 2493 inventores
1517 2438 1725 2510 tergiversator:

114 2528 166 2584 Dei
182 2525 275 2583 nostri
289 2531 316 2581 ct
332 2527 494 2581 sanctorum
506 2523 570 2591 elus
584 2520 768 2592 exstiterunt,
782 2519 844 2592 igni
857 2520 944 2576 tradi-
998 2538 1063 2582 cum
1076 2524 1213 2581 novitatis
1224 2524 1392 2596 [novatricis
1410 2525 1557 2597 vanitatis]
1570 2526 1605 2583 ab
1619 2526 1725 2585 ecclesi

114 2617 230 2674 derunt.
253 2614 289 2670 Ei
303 2617 335 2671 ut
354 2613 485 2684 apertius
504 2610 647 2679 dicamas,
671 2609 808 2666 ecclesias
831 2613 944 2667 nostras
997 2612 1151 2669 vestibulis
1159 2612 1258 2684 procul
1271 2614 1431 2672 emisimus.
1446 2616 1480 2672 Et
1494 2616 1571 2672 sicut
1586 2622 1725 2675 manuset

115 2701 283 2775 depopulati
297 2698 560 2759 conturbaverunt:
584 2700 613 2754 et
628 2695 696 2754 iacti
710 2703 779 2753 sunt
800 2697 942 2754 hereseon
997 2701 1179 2760 concorditer
1196 2702 1300 2759 animae
1320 2705 1446 2762 motibus
1467 2705 1625 2778 agitantur,
1641 2706 1684 2764 ila
1704 2707 1725 2775 a

117 2791 272 2866 principes,
293 2789 442 2861 quierant
460 2787 606 2858 principes
630 2786 828 2858 sacerdotnm
843 2789 871 2843 et
891 2799 943 2857 pro
998 2791 1058 2850 ritu
1067 2798 1183 2862 accepta
1198 2793 1291 2865 gratia
1305 2799 1332 2850 et
1343 2793 1524 2867 tortitudine,
1538 2796 1688 2867 vestrique
1699 2810 1725 2855 cs

115 2896 183 2954 pace
205 2880 322 2952 quidem
336 2877 546 2935 cruentiorem
567 2874 674 2947 populo
695 2874 939 2940 cananaeorum:
997 2897 1047 2940 sus
1056 2881 1161 2952 plerane
1172 2881 1279 2953 pariter
1288 2884 1432 2941 etauxrno
1442 2884 1552 2958 uanam,
1563 2884 1651 2942 simul
1660 2885 1725 2944 acet

115 2984 200 3044 porro
223 2983 274 3040 pro
298 2966 441 3025 frumento
460 2965 570 3022 zizania
584 2965 613 3021 iu
640 2964 846 3022 ecclesiasticis
866 2965 943 3022 arvis
997 2986 1072 3042 mus,
1086 2971 1291 3043 veritatemque
1304 2972 1543 3043 pradieavhnus:
1560 2974 1723 3034 omnimodi

113 3060 344 3127 seminaverunt;
368 3057 467 3115 vinum
492 3055 672 3113 miscuerant
692 3070 784 3127 aquae,
800 3059 828 3113 et
840 3055 941 3128 proni·
957 3035 982 3100 G
998 3060 1066 3118 licet
1080 3059 1259 3131 recipiendas
1271 3062 1448 3119 venerabiles
1460 3064 1724 3136 imaginesliomlul

114 3165 192 3208 mum
216 3152 386 3222 potaverunt
407 3147 594 3205 subversione
616 3144 802 3219 turbulenta,
824 3152 855 3203 et
877 3160 942 3204 cum
995 3150 1062 3206 lesu
1086 3147 1206 3221 Christi,
1231 3151 1389 3206 meandum
1413 3151 1487 3223 qnod
1513 3152 1657 3224 perlectus
1677 3161 1724 3213 est

113 3239 176 3312 lupi
205 3236 322 3294 Arabici
336 3241 441 3307 essem,
469 3235 543 3308 pelle
566 3234 663 3293 ovium
687 3247 717 3291 sc
734 3234 946 3293 simulaverunt
997 3236 1107 3308 iactus3
1129 3243 1158 3294 et
1169 3252 1348 3310 quaecunque
1361 3239 1499 3298 historice
1510 3243 1668 3300 secuudum
1679 3256 1725 3301 eva

113 3342 175 3385 esse
201 3328 336 3385 indutos:
361 3331 389 3382 et
409 3325 529 3383 veritate
550 3323 720 3396 parvipensa
740 3319 942 3399 [defraudata],
997 3341 1058 3385 cam
1088 3328 1283 3386 narrationem
1315 3329 1503 3387 scribuntur:
1531 3337 1618 3404 atque
1650 3333 1725 3392 inter

114 3418 293 3476 mendacium
304 3417 508 3486 arripuerunt,
522 3414 570 3471 sed
582 3428 634 3471 ova
643 3414 777 3486 aspidum
791 3420 941 3488 ruperunt,
995 3418 1120 3476 dominae
1132 3423 1236 3476 nostrae
1246 3424 1351 3476 sanctae
1360 3422 1411 3476 Dei
1424 3420 1591 3494 Genitricis,
1604 3429 1723 3483 sanctor

112 3516 141 3568 et
164 3509 248 3566 telam
280 3519 390 3563 aranee
420 3504 579 3562 secundum
600 3503 767 3575 prophetam
789 3507 943 3562 texuerunt
996 3508 1163 3581 angelorum
1181 3505 1224 3577 (nt
1244 3509 1320 3565 enim
1344 3511 1475 3568 homines
1493 3515 1725 3584 apparueruntb

115 3601 182 3672 (lso.
198 3597 275 3669 nrn):
291 3602 319 3652 et
331 3595 383 3666 qui
405 3598 587 3650 comesturus
601 3597 654 3661 est,
670 3605 755 3649 ovum
767 3605 866 3648 corum
878 3607 943 3650 con·
995 3597 1078 3669 digni
1113 3595 1182 3653 iacti
1202 3604 1270 3655 sunt
1294 3600 1479 3669 apparitione
1505 3602 1647 3673 ipsorum)
1678 3618 1725 3663 unt

113 3696 219 3759 terens,
235 3682 403 3741 calefactum
418 3677 590 3755 [putridum]
605 3679 741 3750 inveniet,
757 3683 785 3736 et
797 3679 875 3738 ineo
893 3695 942 3738 re-
997 3684 1132 3743 omnibus
1163 3687 1291 3744 sanctis:
1322 3701 1432 3746 necnon
1463 3696 1492 3746 et
1513 3692 1706 3750 certaminum

114 3776 214 3851 guium
226 3786 288 3830 esse
297 3782 404 3827 veneno
419 3774 447 3824 et
460 3769 567 3839 spiritu
587 3766 735 3825 mortifero
754 3768 880 3839 plenum.
903 3771 938 3825 Et
997 3788 1102 3847 agones
1114 3775 1280 3848 figurandos
1293 3778 1473 3837 decrevimus
1487 3784 1544 3837 tam
1557 3781 1588 3838 in
1602 3781 1714 3841 rabum

113 3865 183 3937 quia
196 3862 255 3917 haec
268 3860 308 3915 ita
327 3858 543 3928 disposuerunt,
557 3861 585 3913 et
604 3855 752 3914 veritatem
762 3857 941 3916 mendacium
998 3862 1132 3935 rictibus,
1145 3878 1230 3936 quam
1251 3865 1280 3922 in
1297 3867 1388 3925 saeris
1400 3869 1477 3926 vasis
1490 3875 1518 3926 et
1530 3871 1669 3945 vestibus,
1687 3887 1725 3945 qn

111 3951 237 4023 depavit,
263 3961 318 4005 nou
335 3946 510 4017 indulsistis,
533 3945 757 4004 mansuetissimi
782 3946 943 4020 atqueior-
997 3953 1144 4011 moduma
1166 3954 1272 4025 priscis
1295 3957 1472 4027 temporibus
1487 3965 1585 4017 sancta
1608 3961 1659 4018 liei
1686 3970 1725 4020 cat

112 4038 221 4098 tissimi
234 4038 420 4108 imperatores
436 4037 539 4108 nostri,
564 4036 743 4108 temporibus
757 4037 860 4095 vestris
875 4052 943 4110 per·
995 4040 1122 4098 Ecclesia
1147 4043 1263 4114 recepit,
1288 4048 1317 4101 et
1343 4046 1373 4101 in
1397 4046 1485 4120 legem
1505 4049 1615 4120 accepit
1639 4054 1698 4106 tam
1720 4066 1725 4107 a

114 4141 228 4186 manere
250 4131 306 4184 tam
330 4124 508 4196 pestilentem
531 4131 558 4182 et
577 4125 690 4182 animas
712 4131 941 4200 corrumpentem
998 4129 1157 4202 primisque
1170 4132 1308 4190 doctrinae
1327 4141 1432 4193 nostrae
1452 4138 1610 4211 magistris,
1626 4151 1715 4210 quam

113 4230 238 4276 errorem
250 4234 258 4288 ;
271 4214 320 4273 sed
332 4215 408 4272 buno
418 4228 488 4272 aura
500 4214 593 4272 divini
603 4214 740 4285 Spiritus,
753 4214 804 4285 qui
817 4215 848 4272 in
860 4216 942 4273 vobis
997 4235 1061 4277 rum
1074 4222 1290 4282 successoribus
1305 4226 1486 4298 egregiisque
1500 4228 1634 4286 Patribus
1651 4235 1725 4287 nostr

115 4307 235 4380 habitat,
249 4305 439 4363 exterminare
452 4304 647 4376 procurastis:
665 4307 807 4376 quatenus
825 4304 942 4363 stabilis
998 4311 1049 4367 has
1059 4312 1228 4382 adorandas,
1254 4314 1282 4370 id
1296 4319 1339 4372 est
1352 4316 1533 4374 salutandas:
1548 4318 1677 4390 idipsum
1696 4333 1725 4377 er

115 4400 277 4470 permaneat
291 4393 425 4451 Ecclesiae
435 4397 740 4451 scetusctcunotorum
757 4392 940 4452 subditorum
956 4376 984 4438 D
998 4405 1170 4473 utrumque:
1187 4400 1273 4454 κυνεῖν
1293 4406 1400 4477 quippe
1422 4408 1543 4480 antiqua
1555 4409 1653 4466 Graeca
1672 4409 1725 4484 ling

114 4488 219 4546 collato
237 4480 402 4562 [collectio],
416 4490 503 4555 atque
522 4483 675 4555 imperium
694 4487 820 4540 restrum
835 4497 943 4541 secun-
996 4490 1123 4547 salutare
1141 4497 1170 4547 et
1188 4492 1315 4551 osculari
1337 4495 1499 4569 signifieat:
1525 4504 1553 4555 et
1573 4489 1637 4571 πρὸς
1660 4514 1725 4572 pm,

114 4579 183 4635 dum
202 4588 357 4650 cognomen
378 4579 502 4632 vestrum
522 4572 804 4646 paciticedirigatur.
823 4575 880 4633 Nec
894 4581 943 4632 to-
996 4584 1180 4651 augmentum
1194 4581 1336 4652 quoddam
1348 4586 1629 4657 signiticatamoris3
1643 4602 1725 4659 quem

116 4665 234 4723 lerabile
254 4664 297 4720 vel
320 4661 461 4735 portabile
488 4660 625 4726 duxistis,
649 4676 704 4735 quo
734 4662 830 4722 minus
852 4678 942 4722 unum
996 4668 1065 4724 dum
1080 4658 1152 4742 φέρω
1172 4675 1200 4727 qt
1219 4667 1371 4747 προσφέρῶ,
1390 4671 1463 4750 κυρῶ
1484 4682 1512 4732 et
1531 4673 1689 4752 προσκυρῶ,
1705 4693 1725 4730 2

117 4751 188 4830 [Gr.,
205 4760 237 4811 ut
252 4755 282 4810 in
294 4752 364 4810 aliis
385 4751 501 4823 quidem
523 4765 623 4823 unum,
635 4749 702 4829 etc]
720 4754 903 4826 sentiremus,
914 4759 943 4810 et
996 4753 1136 4831 προσκυνῶ
1155 4760 1230 4833 quod
1246 4761 1449 4820 salutationem
1472 4765 1592 4839 indicat,
1612 4773 1642 4824 et
1668 4781 1725 4827 secr

117 4844 147 4901 in
169 4843 295 4914 idipsum
315 4841 543 4915 conveniremus,
558 4848 587 4898 et
604 4857 671 4916 erga
684 4843 750 4900 vitae
768 4848 873 4901 nostrae
890 4858 942 4901 ca-
997 4849 1207 4918 protensionem
1219 4850 1394 4908 amicitiam:
1411 4855 1485 4924 quod
1498 4855 1573 4912 enim
1585 4855 1654 4929 quis
1666 4870 1725 4915 oscv

118 4932 253 5005 pitulum,
266 4928 943 5007 idestpaoemEcclesiarum[dr.,Eccl.,essent
996 4941 1024 4994 et
1039 4938 1156 4996 adorat:
1181 4944 1210 4995 et
1231 4941 1307 5012 quod
1331 4944 1442 5014 adorat,
1464 4944 1592 5016 pacieoto
1611 4951 1640 5003 et
1658 4961 1725 5005 oscu

116 5023 193 5080 inter
212 5034 265 5078 nos
283 5019 432 5097 dissidial,
449 5034 532 5079 nemo
550 5035 584 5079 ex
599 5022 707 5080 nostris
720 5035 749 5079 se
765 5022 942 5081 discinderet
996 5028 1073 5084 siout
1084 5034 1211 5086 tenmtm
1223 5029 1348 5089 humana
1361 5033 1484 5099 allectio,
1499 5048 1589 5107 quea
1608 5036 1725 5095 nobisa

116 5119 145 5171 et
158 5109 435 5181 abscinderet30um
444 5110 578 5168 Christus
587 5110 627 5168 sit
637 5116 723 5184 caput
735 5116 875 5182 nostrum,
889 5126 942 5170 nos
995 5131 1044 5175 cos
1066 5117 1196 5191 habetur,
1219 5124 1249 5176 et
1267 5120 1353 5178 lectio
1376 5121 1447 5194 [Gr.,
1472 5123 1621 5184 obviorum
1642 5140 1725 5202 congr

117 5208 212 5260 summ
231 5203 437 5270 consequenter
460 5198 585 5256 membra
606 5204 635 5257 et
655 5213 744 5257 unum
763 5214 869 5273 corpus
892 5215 942 5273 per
996 5206 1055 5263 haec
1078 5205 1160 5263 ambo
1180 5207 1338 5277 perticiens.
1363 5211 1421 5270 lloc
1442 5219 1536 5272 autam
1558 5229 1615 5273 non
1641 5215 1725 5276 solun

117 5295 242 5348 mutnac
255 5288 343 5347 unius
351 5287 499 5359 opinionis
510 5287 602 5345 tidem.
618 5289 734 5360 Propter
744 5289 819 5362 quod
830 5303 940 5348 sacratu
996 5310 1057 5367 nos,
1071 5295 1119 5353 sed
1133 5297 1208 5367 apud
1225 5304 1332 5357 veteres
1348 5300 1378 5357 in
1402 5303 1501 5360 divina
1513 5303 1665 5377 Scriptura
1683 5321 1725 5367 scr

118 5384 243 5438 nostram
255 5383 284 5435 et
296 5377 463 5449 populosam
477 5377 785 5449 congregarilussistis
798 5383 941 5440 catervam
996 5385 1162 5458 reperimus.
1178 5389 1210 5444 ln
1223 5387 1357 5446 historiis
1376 5405 1498 5465 namque
1516 5408 1669 5468 regnorum
1686 5412 1725 5457 scr

119 5471 149 5527 in
163 5470 215 5527 hac
226 5466 392 5525 Nicensium
406 5465 567 5538 metropoli,
581 5469 613 5522 nt
626 5466 817 5526 Ecclesiarum
831 5470 941 5531 dissen-
994 5482 1053 5534 est:
1080 5478 1116 5532 Et
1132 5478 1225 5533 David
1238 5483 1361 5537 sumserit
1381 5485 1406 5537 et
1431 5484 1529 5540 reddit
1552 5487 1584 5541 in
1600 5488 1715 5554 sociem

119 5561 228 5619 sionem
247 5557 425 5631 repellentes,
446 5555 594 5627 disjuncta
613 5557 648 5614 ad
674 5557 813 5616 unitatem
838 5564 940 5621 traha·
995 5567 1084 5622 movit
1096 5567 1174 5622 artic
1185 5567 1343 5634 Jonmhom,
1360 5574 1387 5626 et
1408 5571 1582 5632 deoscutetur
1597 5581 1639 5633 ert
1653 5591 1718 5637 eam
