3876 6090
115 284 169 344 399
737 281 913 340 ndnsrnsll
936 277 1204 338 lillttlorllecnltll

117 412 225 481 scripta
237 415 289 467 est.
311 411 422 467 Etenim
438 413 577 469 Dominus
594 414 749 469 monadum
765 411 841 480 quod
853 410 937 464 homo
954 403 978 460 Α
993 411 1148 465 secundum
1172 414 1246 482 quod
1263 414 1385 469 verbum
1401 428 1468 470 caro
1484 413 1662 470 factumest!
1679 417 1710 469 et

118 498 260 569 perlectus
285 506 354 571 erat,
373 515 437 556 cum
456 505 531 557 esset
553 502 583 556 in
607 502 734 570 Galilaa,
756 505 885 556 nonerat
908 498 936 552 in
994 495 1082 565 plicos
1095 500 1278 568 garrulitates
1297 518 1313 557 a
1337 517 1367 557 se
1383 503 1481 572 procul
1512 503 1664 571 repellunt,
1689 500 1716 557 si

115 588 221 658 iudea,
232 590 391 660 ethocipsc
401 591 512 647 alirmat
528 591 646 647 dicens:
661 593 763 645 Eirmos
773 591 802 643 in
814 590 937 644 Judaom
992 587 1076 643 corde
1091 589 1187 644 omnia
1199 605 1261 660 vguae
1277 593 1383 647 tradita
1395 599 1463 648 sunt
1479 593 1507 647 in
1519 592 1646 647 Ecclesia
1661 605 1719 647 sust

116 679 213 733 lteram
227 674 317 749 (loon.
341 677 395 750 xl).
411 679 447 735 Et
469 692 533 738 cum
548 680 584 736 de
598 682 702 735 Lazaro
722 676 938 735 dissereretdi-
993 682 1049 744 tes3
1066 683 1094 732 et
1119 677 1263 735 intuentes
1283 681 1422 753 picturas,
1446 681 1519 737 nihil
1539 681 1619 736 aliud
1637 678 1719 737 intell

115 765 237 836 scipulis
251 767 324 840 suis,
339 768 463 824 itadixil
474 786 480 822 :
492 769 601 826 Gaudeo
609 773 719 838 propter
732 783 788 831 vos,
802 768 869 837 quia
883 780 938 820 aon
993 764 1050 820 nisi
1064 780 1127 835 quae
1141 767 1293 837 signantur
1309 770 1338 825 in
1356 769 1435 839 ipsis.
1450 770 1560 825 Etenim
1574 783 1638 825 curn
1653 767 1719 824 vide

114 869 189 910 eram
198 856 238 910 ibi
246 852 330 927 (ibid.
340 855 358 930 l.
383 859 470 914 Porro
490 857 645 913 secundum
664 857 740 927 quod
753 858 828 913 Deus
842 858 894 922 est,
907 855 937 909 in
993 853 1105 922 pictura
1117 856 1272 923 parientem
1286 857 1433 929 Virginem
1443 864 1472 913 et
1481 857 1598 928 angelos
1611 869 1719 926 supras

114 944 193 1001 omni
205 943 267 1000 loco
278 944 486 1003 dominationis
495 960 554 1002 snae
564 949 666 1015 praesto
676 950 729 1014 est,
744 958 861 1001 manens
873 956 938 999 mo-

113 1031 304 1090 disomnibus
312 1033 591 1105 incircumscriptus.
603 1034 749 1103 Quomodo
757 1032 939 1105 ergcvanilo·

114 1121 194 1192 qniis
203 1121 384 1192 qmibnsdam
393 1122 518 1179 vanitate
530 1123 608 1179 vocis
617 1126 835 1193 perstrepentes,
843 1121 939 1176 verbo

113 1209 328 1269 santurinireni
338 1210 835 1284 linguadicentes:circumscripsit
845 1210 939 1280 pictor

992 955 1057 996 curn
1070 943 1242 1012 pastoribus,
1260 945 1417 1016 recogitant
1431 946 1519 1001 Deum
1537 946 1719 1001 humanatum

994 1035 1108 1098 propter
1127 1031 1247 1087 salutem
1273 1039 1416 1102 nostram,
1440 1039 1467 1090 et
1481 1033 1656 1090 cantitentur
1670 1031 1719 1089 dic

994 1119 1020 1172 ls
1028 1118 1077 1189 qui
1089 1119 1244 1174 sinccarne
1253 1124 1323 1191 erat,
1335 1135 1401 1178 caro
1412 1120 1504 1178 iactus
1514 1128 1566 1188 est,
1578 1120 1719 1177 Verbumi

993 1212 1086 1262 satum
1107 1212 1159 1279 est,
1184 1208 1328 1266 increatus
1348 1216 1471 1279 creatus,
1492 1210 1700 1282 impalpabilis,
1717 1226 1719 1232 ⁴

113 1300 270 1357 secundum
282 1302 356 1372 quod
367 1302 460 1358 visum
474 1301 712 1358 estvanitatisuae
723 1299 937 1357 incircumscri·
993 1300 1041 1351 tus
1054 1301 1098 1351 est
1113 1314 1119 1350 ε
1132 1303 1217 1368 atque
1232 1313 1320 1355 unum
1341 1301 1527 1370 eumdemque
1546 1300 1719 1356 cantitentur

114 1388 216 1459 ptibile
229 1389 347 1446 deitatis
365 1390 634 1460 circumscriptione
646 1398 747 1445 creata
768 1386 890 1444 carnis?
906 1386 936 1441 Si
992 1387 1069 1438 ctum
1087 1384 1116 1440 in
1129 1385 1235 1441 deitate
1253 1393 1281 1442 et
1296 1385 1450 1455 perlectum
1472 1388 1708 1457 inhumanitate

113 1477 331 1549 circumscripta
347 1483 391 1535 εει
412 1478 543 1535 reclinati
558 1483 587 1535 et
597 1477 752 1534 cunabulis
766 1474 889 1534 involuti
907 1475 936 1529 in
992 1472 1129 1528 veraciter
1141 1478 1170 1528 et
1181 1473 1324 1530 bominem
1335 1477 1481 1531 veraciter.
1498 1478 1633 1532 Praeterea
1651 1476 1719 1532 dicta

113 1563 936 1641 praesepionatura[decumanum]humanitatisnatura
993 1564 1068 1615 retro
1077 1559 1113 1615 de
1122 1562 1239 1618 scelesta
1250 1565 1374 1620 Nestorii
1388 1564 1580 1635 herminula
1594 1565 1719 1636 imagine

111 1655 278 1713 divinitatis
287 1657 360 1727 elus,
370 1656 457 1712 simul
469 1656 688 1726 circumscripta
698 1660 741 1710 est
750 1655 836 1710 etiam
848 1653 877 1708 in
893 1653 938 1708 de·
992 1647 1053 1719 gies
1069 1649 1098 1704 in
1109 1650 1189 1706 nullo
1205 1666 1269 1708 cum
1284 1666 1316 1708 ea
1328 1655 1518 1722 concordant3
1535 1659 1563 1710 et
1582 1653 1719 1711 subicient

113 1743 188 1814 picta
204 1743 328 1816 imagine
343 1744 532 1803 humanitatis
545 1745 608 1814 eius
619 1741 870 1812 incircumscripta
880 1708 977 1796 dei·B
993 1741 1069 1792 ctum
1081 1745 1133 1793 est.
1149 1740 1228 1808 Quod
1246 1741 1271 1796 si
1286 1743 1456 1811 oportuerit,
1468 1749 1496 1798 ct
1508 1744 1611 1800 iterum
1624 1744 1719 1801 dicetu

112 1836 156 1888 tas
169 1832 251 1902 ejvs:
266 1831 402 1889 similitor
425 1835 453 1888 et
477 1833 507 1889 in
527 1846 611 1889 cruce
623 1833 647 1888 si
661 1830 880 1900 circumscripta
895 1836 938 1885 est

112 1925 214 1978 natura
233 1917 314 1995 [cum
330 1917 404 1996 nat]
422 1921 611 1978 humanitatis
625 1925 726 1976 natura
735 1918 854 1975 deitatis
864 1920 936 1989 ejus,

112 2010 199 2066 simul
215 2010 434 2080 circumscripta
445 2014 523 2067 estet
534 2011 564 2066 in
575 2010 688 2080 depicta
706 2008 832 2080 imagine
842 2007 939 2064 huma·

113 2098 215 2155 nitatis
228 2099 290 2167 elus
301 2099 552 2170 incircumscripta
564 2099 657 2156 deitas
675 2100 746 2167 ejus.
767 2098 796 2153 Si
809 2110 875 2152 vero
887 2095 938 2151 illa

112 2200 168 2243 non
184 2191 227 2244 est
239 2186 332 2245 iactus
344 2184 353 2262 l
363 2190 423 2252 Cr„
434 2186 508 2243 iacta
519 2202 575 2243 non
588 2185 684 2262 santi,
697 2200 747 2242 nec
758 2187 811 2242 hoc
824 2185 935 2254 utique.

112 2275 217 2347 Utique
229 2275 540 2349 cognovissentdeiieri
552 2276 683 2346 Dionysii
703 2276 814 2331 dictum
827 2273 857 2328 ln
873 2287 937 2328 ser-

112 2377 194 2421 mone
203 2366 239 2421 de
250 2366 413 2422 hierarchia
427 2366 467 2421 ita
486 2365 665 2435 perhibentis
677 2363 686 2435 (
696 2381 755 2433 cap.
770 2362 819 2435 El:
840 2365 937 2433 Neque

112 2452 189 2507 enim
204 2458 280 2509 certa
292 2450 368 2526 [Cn.
389 2450 505 2527 exacta]
522 2453 686 2509 similitudo
708 2457 750 2507 est
770 2452 937 2508 causalibus

111 2545 138 2596 et
152 2541 267 2611 causis,
293 2542 340 2598 sed
371 2541 603 2612 habentquidem
628 2540 755 2596 causalia
784 2553 936 2596 causarum

111 2628 310 2685 convenientes
322 2629 480 2701 imagines:
505 2629 573 2698 ipsae
590 2635 684 2685 autem
701 2641 793 2684 causac
808 2628 939 2685 causali-

111 2715 165 2773 bus
174 2716 387 2786 supereminent
400 2721 429 2772 ct
439 2716 663 2788 superstabilitae
684 2722 762 2787 sunt,
779 2717 935 2772 secundum

32 2877 34 2881 ¹
112 2804 251 2875 principii
262 2805 307 2860 sui
327 2805 476 2862 rationem.
494 2806 591 2875 ltaque
615 2809 760 2861 ostensum
784 2808 827 2860 est
850 2805 937 2859 ctiam

113 2891 161 2949 his
175 2893 225 2963 qui
246 2906 335 2964 pauca
353 2893 514 2966 intelligere
529 2898 660 2963 possunt,
678 2894 753 2963 quod
769 2905 869 2949 vanam
885 2907 938 2948 vo-

113 2994 178 3037 cum
193 2981 344 3053 quamdam
360 2982 512 3038 novitatem
531 2980 714 3038 introducere
728 2986 804 3037 tenet
822 2981 938 3037 resarci-

114 3072 199 3125 natus
208 3082 306 3126 eorum
322 3084 424 3140 sermo,
439 3073 538 3127 contra
552 3070 718 3141 Ecclesiam,
732 3075 760 3124 et
773 3083 828 3126 non
839 3074 939 3124 contra
953 3073 978 3136 c

114 3156 251 3229 pictorem
261 3172 365 3231 agones
376 3172 529 3229 apponens.
548 3159 635 3215 Porro
647 3158 854 3229 impudentiam
867 3172 940 3214 con-

114 3245 270 3320 tinuantes,
286 3253 391 3305 tamem
404 3247 526 3305 dicunt:

324 3375 469 3444 Cragorite
489 3376 628 3446 episcopos
646 3375 728 3443 legit:

152 3501 165 3534 u
184 3480 343 3538 Damnandl
359 3485 454 3538 autem
468 3480 504 3538 ab
517 3480 564 3537 bis
587 3481 637 3551 qui
660 3481 730 3537 bene
752 3480 891 3551 sentiunt,
906 3493 939 3536 eo

115 3588 128 3622 a
151 3570 225 3642 quod
240 3569 537 3641 icomprehensibilcm
552 3574 580 3624 et
593 3569 873 3639 incircumscriptam
889 3568 941 3624 di-

115 3678 129 3711 »
149 3659 245 3715 vinam
259 3657 366 3714 Christi
379 3661 509 3713 naturam
525 3657 641 3728 pingere
651 3660 801 3726 conentur,
813 3655 939 3726 proiecto

115 3765 129 3797 a
150 3746 185 3802 ad
194 3745 281 3802 aliam
293 3742 460 3816 confugient
473 3743 553 3798 mala
566 3743 791 3799 machinationis
800 3742 940 3800 defensio

115 3851 129 3884 a
150 3847 225 3897 nem,
246 3832 315 3903 quia
334 3831 427 3887 solius
442 3831 537 3887 carnis
564 3830 746 3901 illiusquam
770 3830 897 3887 vidimus
911 3840 939 3887 et

115 3939 128 3971 a
151 3918 330 3991 palpavimns
344 3923 372 3975 et
386 3932 450 3975 cum
462 3932 517 3989 qua
528 3918 686 3976 conversati
703 3934 813 3989 sumus,
827 3919 938 3976 iconam

115 4025 129 4058 a
149 4007 352 4080 depingimus3
369 4008 444 4078 quod
457 4011 500 4064 est
516 4006 639 4079 impium
650 4013 678 4064 ει
692 4008 856 4065 Nestoriani
871 4022 939 4078 pes-

115 4113 129 4146 »
150 4095 217 4152 siml
234 4109 335 4153 sensns
351 4095 515 4152 inventio.»

310 4203 481 4275 Epiphanius
505 4204 635 4259 diaconas
667 4205 747 4272 legit:

148 4309 250 4367 Adhuc
259 4309 365 4367 eisdem
376 4310 583 4368 continuantur
597 4310 732 4367 artificiis
743 4309 808 4366 ialsi
819 4316 940 4368 asserto

994 1828 1085 1881 tantes
1099 1832 1194 1882 autem
1206 1827 1235 1883 in
1251 1842 1281 1883 se
1296 1829 1366 1899 quid
1381 1830 1551 1902 intelligere,
1570 1831 1674 1888 aiunt:

1216 1954 1360 2029 Gregorius
1382 1957 1522 2035 episcopus
1547 1957 1631 2024 legit:

1030 2076 1043 2108 a
1063 2058 1717 2133 Tractandumestcniminhoc,quiasisecund

995 2160 1008 2193 a
1030 2144 1169 2202 thodoxos
1179 2149 1275 2203 Patres
1288 2150 1375 2205 simul
1389 2164 1465 2223 caro,
1480 2150 1567 2206 simul
1577 2152 1627 2207 Dei
1643 2151 1719 2208 l'erb

994 2253 1007 2283 »
1031 2247 1176 2305 nunquam
1193 2237 1359 2306 partitionis
1376 2254 1489 2294 sensum
1501 2241 1673 2312 suscipiens,
1697 2256 1719 2297 ει

994 2345 1007 2376 a
1029 2339 1062 2380 ex
1071 2330 1130 2380 tcto
1140 2339 1156 2380 a
1165 2325 1262 2381 divina
1273 2334 1373 2382 natlvra
1385 2335 1514 2398 suscepta
1527 2335 1554 2385 ot
1567 2331 1676 2401 integre
1686 2330 1719 2387 de

995 2435 1007 2466 a
1029 2421 1081 2483 cst,
1105 2416 1247 2484 quomodo
1262 2416 1419 2485 scindetur,
1445 2418 1486 2472 vel
1508 2426 1658 2489 separatim
1677 2424 1719 2475 sta

995 2524 1008 2554 a
1029 2504 1064 2559 ab
1081 2503 1126 2558 his
1148 2504 1198 2574 qui
1221 2504 1308 2574 impie
1329 2505 1380 2561 hoc
1395 2519 1476 2576 agere
1490 2505 1652 2561 certantur‘.l
1675 2506 1719 2562 Sir

994 2610 1008 2642 a
1029 2598 1122 2648 autem
1143 2597 1170 2646 et
1191 2607 1277 2661 super
1297 2594 1360 2662 ejus
1384 2595 1504 2650 habetur
1524 2596 1628 2650 amma.
1650 2595 1719 2652 hssv

994 2700 1007 2732 a
1033 2681 1139 2750 quippe
1152 2679 1218 2735 Filii
1230 2681 1335 2736 deitate
1352 2682 1380 2736 in
1394 2683 1508 2753 propria
1527 2696 1646 2753 persona
1656 2697 1719 2739 rarv

996 2786 1008 2818 a
1031 2775 1135 2837 turam,
1150 2768 1245 2823 anima
1262 2769 1412 2825 mediatrix
1425 2770 1522 2826 allecta
1540 2777 1583 2827 est
1597 2771 1719 2828 intende

994 2874 1007 2907 a
1028 2864 1056 2912 et
1066 2857 1161 2911 carnis
1174 2858 1409 2927 crassitudinem3
1421 2866 1448 2914 ct
1460 2860 1630 2916 sicntsimul
1642 2874 1719 2932 caro,

995 2946 1078 2999 »liei
1101 2945 1178 3000 verbi
1203 2959 1268 3001 caro
1287 2951 1343 3002 est:
1360 2947 1400 3002 ita
1420 2948 1506 3004 simul
1529 2949 1635 3016 anima,
1658 2949 1715 3006 sim

995 3053 1008 3085 a
1030 3034 1112 3090 Verbi
1126 3035 1220 3089 anima
1236 3041 1295 3090 est:
1311 3043 1339 3092 et
1356 3043 1476 3108 utraque
1493 3039 1591 3097 simul.
1612 3039 1716 3094 deilica

995 3143 1008 3174 a
1030 3124 1096 3180 licet
1117 3123 1222 3195 anima,
1239 3125 1354 3181 sicutet
1375 3140 1502 3197 corpore,
1519 3132 1546 3182 et
1566 3127 1601 3183 ab
1626 3127 1675 3183 his
1694 3128 1719 3185 it

995 3233 1008 3264 a
1029 3214 1135 3269 deitate
1148 3219 1277 3269 manente
1288 3214 1373 3269 etiarn
1389 3215 1419 3270 in
1432 3216 1494 3285 ipsa
1505 3217 1705 3285 disjunctione

996 3321 1009 3352 »
1029 3315 1175 3372 acorpore
1187 3302 1215 3357 in
1231 3302 1393 3358 voluntaria
1407 3305 1547 3375 passione.
1561 3305 1612 3360 Ubi
1629 3306 1710 3362 enirn

996 3408 1008 3440 a
1029 3390 1148 3460 Christi,
1172 3390 1211 3445 ibi
1224 3396 1251 3447 et
1267 3391 1377 3447 deitas:
1395 3397 1422 3447 et
1437 3394 1487 3448 ubi
1513 3408 1617 3464 corpus
1635 3393 1719 3451 Chris

995 3497 1008 3529 n
1029 3478 1167 3534 etdeitas.
1182 3497 1195 3527 a

1189 3585 1361 3654 Epiphanius
1372 3586 1503 3640 dio-conus
1517 3587 1597 3654 legit:

1028 3688 1146 3758 Quando
1163 3689 1289 3759 aliquem
1304 3691 1408 3747 tacturi
1428 3697 1496 3746 sunt
1512 3705 1692 3762 nequaquam
1709 3710 1719 3752 ε

995 3790 1056 3831 nem
1068 3776 1251 3833 subversores
1269 3778 1418 3834 catholicae
1438 3780 1569 3836 Ecclesiae
1581 3787 1590 3855 l
1602 3784 1662 3843 Gr..
1675 3798 1716 3854 qu

993 3869 1059 3920 tunt
1071 3880 1128 3922 sca
1143 3868 1283 3924 catholica
1296 3865 1457 3942 Ecclesial,
1481 3878 1633 3926 assumunt
1649 3871 1719 3944 aliqv

994 3967 1092 4010 omnes
1102 3954 1289 4024 profitentur:
1308 3960 1340 4011 ut
1353 3971 1402 4026 per
1413 3971 1527 4013 sensum
1544 3958 1651 4015 bonurn
1664 3961 1715 4032 qui

993 4058 1055 4100 esse
1065 4045 1204 4116 cernitur,
1215 4059 1266 4100 nec
1275 4045 1310 4101 de
1323 4045 1445 4117 reliquis
1454 4046 1641 4104 incredibiles
1653 4045 1719 4123 [ida

995 4133 1092 4188 minus
1105 4130 1203 4206 digni]
1218 4134 1395 4202 jndicentur.
1409 4137 1500 4191 l’auea
1512 4136 1587 4191 enirn
1605 4138 1719 4207 quadan

994 4222 1222 4292 pronuntiantes,
1246 4227 1274 4277 et
1295 4222 1502 4291 ‹pnodammcdo
1524 4226 1629 4296 glareis
1652 4240 1719 4295 man

995 4310 1219 4378 commiscentes,
1247 4314 1333 4381 atque
1353 4312 1387 4367 ad
1411 4313 1549 4367 vomitum
1570 4315 1719 4384 proprium

115 4412 161 4456 res
169 4400 246 4456 circa
260 4399 417 4470 veritatem,
427 4401 461 4455 ad
476 4399 670 4470 impudentem
682 4400 937 4456 contradictionem
954 4390 979 4450 D
994 4398 1104 4468 dantes
1119 4397 1202 4453 aiunt
1213 4398 1305 4453 scindi
1324 4405 1352 4454 ot
1363 4401 1515 4470 separatim
1532 4403 1619 4457 stntm
1635 4418 1719 4460 unun

114 4488 254 4545 conversi.
269 4489 372 4544 Verum
381 4487 578 4543 convenientia
589 4487 645 4542 sibi
655 4488 791 4558 dicentes,
805 4487 937 4543 incidunt

115 4575 145 4631 in
170 4575 303 4647 laqueum
325 4574 528 4646 blaspbemiae3
542 4579 570 4630 et
591 4575 722 4631 amentiae
736 4575 937 4632 continuantes

113 4661 208 4734 verba,
234 4662 262 4719 id
278 4667 321 4718 est
340 4662 658 4732 incomprehensibilem
674 4668 702 4719 et
716 4664 937 4720 incircumscri-

114 4749 435 4820 plamdivinamChrlsti
443 4753 584 4820 naturam,
598 4758 733 4810 accusant
745 4751 935 4822 Christianos,

113 4838 240 4895 dicentes
251 4839 323 4894 hanc
336 4851 385 4895 eos
397 4838 642 4896 circumscribere.
659 4841 766 4897 Deinde
781 4841 937 4899 artillciosc

114 4925 271 4998 loquentes,
294 4940 392 4984 corum
412 4928 583 4985 assumendo
599 4942 759 5000 personam,
775 4927 847 4986 salso
867 4944 938 5001 prc-

114 5015 259 5087 nuntiant,
272 5015 341 5087 qnia
353 5016 444 5074 solius
458 5017 555 5074 carnis
568 5017 652 5074 illius
666 5032 751 5088 quam
770 5018 897 5074 vidimus
911 5023 939 5074 et

113 5103 300 5176 palpavimus,
323 5108 427 5162 etcum
444 5119 499 5177 qua
513 5105 672 5162 conversati
690 5120 801 5175 sumus,
826 5106 937 5163 iconam

112 5192 310 5264 depingimus:
337 5199 369 5249 ut
396 5193 478 5264 quasi
503 5207 538 5248 ex
557 5192 610 5248 hoc
627 5193 731 5248 iterum
757 5194 788 5249 in
810 5193 936 5251 Nestorii

112 5280 318 5352 blasphemiam
330 5281 484 5336 Ecclesiam
498 5281 645 5338 inducant.
659 5280 738 5337 Unde
747 5286 775 5337 et
788 5282 934 5341 inierunt:

111 5367 192 5439 Quod
202 5375 245 5426 est
254 5369 421 5440 impium,et
430 5369 593 5425 Nestoriani
607 5369 722 5438 pessimi
732 5371 938 5429 sensusinven-

112 5459 164 5516 tio.
178 5461 251 5532 Ergo
261 5458 407 5516 veritatem
417 5457 546 5513 audiant.
560 5457 718 5513 Christiani
729 5473 817 5515 unum
829 5463 938 5518 Emma-

112 5547 179 5605 nuel
190 5547 313 5606 scientes
325 5545 472 5603 Christum
490 5544 654 5617 Dominum,
670 5545 764 5618 ipsum
776 5547 937 5622 depingunt

993 4491 1068 4541 stum
1086 4485 1121 4540 ab
1136 4486 1182 4541 his
1193 4487 1242 4557 qui
1260 4487 1404 4556 recipiunt
1417 4489 1591 4546 venerabiles
1607 4491 1718 4563 imagin

992 4582 1098 4630 ctavras.
1115 4577 1148 4630 Et
1160 4575 1390 4644 vituperabiliter
1409 4577 1539 4650 edantur,
1560 4594 1711 4651 nunquam

992 4664 1083 4719 tionis
1105 4677 1219 4719 sensum
1244 4662 1335 4720 luisse
1360 4673 1512 4736 receptum.
1543 4668 1719 4742 Eiquetergv

994 4750 1161 4823 ignorentur
1174 4751 1209 4807 ab
1224 4751 1266 4806 eis
1282 4753 1396 4808 Patrum
1413 4768 1503 4811 voces.
1524 4752 1679 4832 Studiose[
1691 4759 1719 4817 Gr

992 4836 1148 4914 gitatione]
1162 4841 1374 4911 quippeomnes
1383 4844 1589 4912 separationem
1600 4845 1719 4902 duarun

993 4941 1089 4983 rarum
1103 4930 1268 4998 expressius
1287 4930 1452 5004 pradicant,
1470 4933 1588 4989 sednon
1605 4933 1704 5007 rebus,

992 5017 1091 5087 perius
1105 5017 1278 5085 dictumest,
1291 5019 1378 5075 sicuti
1391 5020 1554 5091 blaspheme
1561 5023 1715 5083 Nestorius

992 5119 1081 5161 ausus
1090 5114 1141 5162 est.
1156 5108 1240 5163 Nulla
1253 5112 1347 5163 autem
1359 5117 1402 5165 cst
1416 5111 1514 5179 procul
1526 5111 1615 5168 dubio
1625 5114 1719 5172 ratior

993 5195 1085 5250 sionis
1098 5196 1140 5250 vcl
1165 5196 1363 5268 separationis,
1385 5203 1436 5253 aut
1450 5199 1575 5268 alicuius
1591 5200 1719 5260 division

994 5299 1095 5339 rursus
1112 5286 1243 5341 essentiae
1257 5284 1447 5358 confusionis,
1465 5289 1706 5358 quemadmodum

992 5370 1063 5428 ialso
1074 5374 1235 5429 concionati
1249 5381 1325 5439 sunt,
1339 5391 1390 5445 pro
1401 5390 1433 5432 eo
1447 5377 1522 5447 quod
1537 5378 1670 5451 pingitur
1680 5383 1719 5440 Do

992 5462 1149 5517 secundum
1167 5462 1195 5518 id
1218 5463 1293 5532 quod
1311 5465 1395 5520 homo
1410 5464 1467 5520 luit
1491 5465 1644 5535 perlectus.
1666 5469 1715 5528 Ali

990 5550 1066 5606 enim
1084 5551 1187 5624 imago,
1215 5559 1243 5608 et
1263 5552 1345 5610 aliud
1370 5554 1547 5626 principale:
1571 5563 1601 5613 et
1628 5573 1719 5633 propr
