3876 6090
114 251 183 314 4444
417 220 420 225 ’
502 256 647 317 arrum.
667 255 716 314 44
731 254 813 315 suc.
834 255 883 312 ur.
903 283 941 299 -
957 251 1137 315 44444444
1163 253 1248 313 num
1271 250 1417 313 4444444
1750 240 1817 304 rma

114 381 205 438 multa
227 380 342 454 11144444,
363 383 518 454 predictus
538 397 610 456 papa
630 383 775 441 universis
793 381 938 454 episcopis
952 383 983 443 Α
995 384 1095 446 anain
1114 398 1163 439 nec
1173 384 1266 451 444444
1281 381 1487 439 manantem.
1503 380 1539 436 114
1552 378 1579 434 si
1591 376 1694 446 444444
1707 375 1818 442 4444444-

114 471 241 542 ejusdem
264 472 418 544 provincia
439 473 558 545 scripsit
572 472 659 546 (epist.
682 471 737 546 85),
752 485 876 544 arguens
889 487 938 532 eos
993 472 1067 529 dinis
1087 475 1116 528 oi
1135 475 1176 529 ita
1195 475 1301 542 premnt
1323 474 1477 541 apqrcoati
1499 475 1540 534 ut,
1561 467 1639 539 qaod
1653 464 1743 536 poalo
1760 469 1817 520 4444

113 558 191 630 (dist.
208 559 254 635 64,
271 576 297 618 4.
312 562 465 636 diamur),
485 564 560 636 quod
584 562 774 620 ambientium
796 578 939 634 praesum·
989 564 1162 635 poscebatur,
1183 565 1234 620 sad
1248 565 1400 635 prasentia
1419 560 1570 618 sacerdotis
1590 557 1750 626 signifiare
1768 569 1818 610 444

115 651 186 723 ptio,
201 656 230 709 et
245 652 393 725 popularis
412 652 555 711 tumultus
574 653 718 710 intantum
733 654 808 724 apud
823 667 939 711 44444-
992 653 1102 709 4444444
1123 644 1337 710 44444444444444
1353 651 1474 722 46444444
1495 645 1739 706 sircmnstantiam
1754 657 1818 714 pro-

114 740 198 812 lebat‚
216 745 248 799 ut
263 742 392 815 indignis
407 743 571 815 quibusque
590 742 731 815 pastorale
746 742 895 816 fastigium
911 748 939 801 et
992 742 1068 798 desse
1087 743 1230 807 debebant,
1245 746 1276 798 at
1292 743 1376 798 mmai
1394 745 1419 796 et
1432 739 1604 812 punitentia
1617 739 1645 792 et
1659 733 1818 791 4444444144-

113 830 246 889 lioclcsiae
259 831 429 904 gubernatio
440 832 605 890 crederetur
615 851 622 904 3
634 833 735 890 dicens
745 833 798 889 boc
810 847 867 890 non
877 847 940 891 esse
993 835 1075 890 tionis
1090 833 1247 904 tenemium
1261 834 1472 903 consequantur,
1492 832 1604 884 seruata
1619 831 1714 882 tamen
1731 823 1818 891 reputo

113 919 262 978 consulere
286 921 412 993 populis,
437 922 486 980 sed
511 935 637 993 nocere3
660 935 711 978 nec
733 927 867 993 presure
891 936 939 979 re·
993 938 1127 978 canonum
1145 926 1326 994 paternorum
1345 923 1418 976 44444
1438 935 1531 976 eoram
1546 929 1698 988 pesonae.
1723 915 1773 983 qui
1792 915 1818 967 in

115 1023 203 1081 gnum
218 1007 379 1087 [regimen],
396 1012 444 1070 sed
465 1025 570 1085 augere
589 1012 758 1082 discrimen,
774 1013 843 1084 quia
862 1013 941 1069 iute-
993 1014 1109 1068 1444444
1123 1012 1176 1083 nde
1190 1011 1353 1068 discedendo
1364 1010 1550 1082 4444444444.

115 1099 206 1170 gritas
227 1101 444 1171 praesidentium
467 1100 547 1159 salus
564 1105 608 1158 est
628 1100 831 1173 subditorum3
846 1107 876 1158 et
890 1101 940 1159 ubl
1030 1101 1106 1157 ldem
1123 1115 1194 1172 papa
1212 1099 1423 1173 inepistolaad
1439 1087 1569 1156 ilicetum
1586 1091 1817 1166 aquilegiensem

115 1193 159 1245 est
174 1189 360 1248 incolumitas
380 1190 561 1263 obedientia,
585 1190 626 1248 ibi
643 1204 711 1247 sana
726 1197 770 1248 est
784 1189 876 1249 torma
894 1191 943 1250 do·
995 1190 1162 1261 episcopum
1183 1190 1294 1247 directa
1315 1190 1404 1262 (epist.
1426 1186 1474 1260 in)
1496 1187 1598 1244 dicit:
1622 1183 1656 1241 Si
1679 1184 1819 1253 quaequam

116 1279 226 1335 otriuae.
249 1279 433 1350 Principatus
450 1284 545 1339 autem
561 1279 600 1352 (4,
615 1294 643 1351 q.
659 1279 684 1350 4,
700 1295 725 1336 4.
745 1280 940 1353 Principalem),
995 1280 1153 1335 salubribus
1178 1281 1323 1352 praeceptis
1351 1281 1510 1348 satisfacere
1539 1273 1748 1333 detrectaverit,
1771 1272 1818 1325 sior

118 1382 201 1440 quem
217 1376 268 1427 aut
284 1370 390 1428 seditio
409 1372 575 1428 4444444444
592 1370 726 1440 44444144,
747 1369 941 1428 autambitua
994 1369 1041 1424 illc
1068 1372 1105 1426 sit
1130 1371 1253 1433 41444444,
1278 1369 1454 1432 siscianus,
1479 1368 1515 1423 ab
1543 1365 1677 1422 limiesie
1704 1362 1818 1417 amictae

116 1460 278 1532 occupavit,
293 1461 406 1517 etiamsi
421 1460 550 1518 moribus
564 1465 649 1531 atque
662 1473 718 1517 non
731 1459 845 1517 actibus
858 1459 942 1518 oden·
991 1461 1124 1533 pellatur.

116 1547 278 1619 dil,ipsius
289 1553 382 1606 444444
398 1549 476 1605 444444
488 1550 534 1606 444
545 1555 589 1606 444
598 1549 779 1620 periculosus
790 1545 942 1623 [pernicio
1030 1552 1110 1622 14444,
1139 1549 1168 1606 44
1192 1549 1315 1620 epistola
1338 1548 1373 1605 ad
1395 1547 1580 1606 1444444444-
1594 1539 1817 1601 Alexandrinam

118 1638 178 1708 sus]
200 1638 329 1709 exemplo
343 1657 351 1709 i
364 1642 393 1696 et
413 1637 531 1695 dibleile
553 1644 597 1696 est
619 1644 651 1697 ut
674 1639 749 1696 bono
768 1644 942 1711 peragantur
995 1640 1162 1710 episcopum
1179 1640 1266 1696 missa
1281 1638 1372 1710 (epist.
1388 1634 1435 1709 st)
1451 1635 1590 1707 precepit
1603 1637 1638 1690 ut
1650 1631 1684 1688 in
1699 1629 1819 1687 solemni-

116 1727 284 1799 exituque
304 1728 379 1785 malo
393 1734 461 1786 sunt
476 1729 609 1787 incboata
624 1729 779 1800 principio.
799 1730 861 1786 Non
874 1743 942 1802 ergo
956 1708 984 1773 Β
996 1729 1115 1800 tatibus,
1129 1729 1243 1800 quoties
1258 1728 1419 1795 basilicam,
1434 1726 1570 1798 adquam
1588 1723 1663 1791 itur,
1678 1719 1819 1793 prasentia

118 1816 148 1873 in
163 1817 334 1889 cujusquam
354 1832 474 1889 persona
498 1820 720 1889 permittendum
739 1823 793 1889 est,
814 1820 889 1892 quod
911 1819 941 1876 44
996 1832 1074 1877 norae
1083 1818 1355 1890 plebisimplererit,
1365 1817 1452 1875 toties
1460 1814 1642 1873 sacrificinm
1651 1810 1820 1884 subsequem

117 1904 264 1961 institutis
279 1905 461 1978 generalibus
471 1907 655 1965 continetur:
672 1921 724 1965 nec
740 1908 885 1978 putandus
898 1910 943 1964 est
995 1908 1141 1966 odoratur.

119 1993 210 2052 bonor
227 1993 278 2050 ille
292 1993 449 2067 legitimus,
464 1996 516 2068 qui
531 1994 621 2053 tuerit
634 2001 734 2054 contra
748 1996 855 2054 diuina
869 1996 942 2069 legis
1032 2000 1110 2069 14444,
1132 1997 1163 2054 44
1184 1996 1306 2069 epistola
1328 1996 1474 2055 uniuersis
1496 1992 1666 2065 campania
1688 1989 1822 2063 episcopis

54 2153 59 2161 ἱ
119 2088 257 2156 praecepta
278 2084 410 2142 collatus.
431 2086 500 2143 Item
522 2084 665 2143 interius:
681 2085 783 2143 Omnis
802 2086 943 2144 ecclesia·
996 2089 1084 2146 missa
1099 2087 1189 2159 (epist.
1205 2083 1253 2158 48)
1268 2086 1418 2144 interdicit
1433 2097 1493 2142 nea
1506 2080 1732 2156 postulantibus
1746 2079 1822 2151 pani·

118 2176 190 2233 41444
212 2173 369 2245 disciplina
390 2174 572 2246 dissolvitur,
594 2176 689 2233 omnis
708 2176 779 2234 ordo
798 2173 941 2247 turbatur,
998 2177 1116 2235 44444444
1139 2174 1279 2247 protessio
1300 2174 1416 2246 publice
1438 2173 1588 2232 recitanda
1611 2173 1762 2245 quaeratur
1777 2168 1823 2237 (ds

118 2266 187 2322 dum
201 2265 231 2321 iu
242 2264 379 2336 Ecclesia,
393 2264 443 2336 qui
456 2265 568 2322 nullum
580 2266 734 2323 subierunt
747 2265 943 2322 ministerium
996 2269 1092 2325 Ponit
1108 2265 1178 2323 dist.
1194 2263 1219 2337 1,
1233 2281 1259 2324 4.
1276 2264 1416 2336 ommam)
1427 2283 1434 2330 ;
1447 2264 1517 2336 quia
1532 2260 1643 2320 subicit
1658 2259 1824 2317 solissacer·

119 2367 251 2426 perverso
278 2353 449 2426 eligentium
474 2354 588 2424 judicio
622 2354 782 2413 indebitum
814 2353 945 2411 obtinent
997 2356 1115 2415 dotibus
1124 2354 1367 2413 conscientiarum
1380 2354 1485 2411 delicta
1501 2351 1636 2409 indicare
1650 2348 1826 2411 couiesmone

118 2444 323 2515 principatum.
339 2445 408 2500 14444
425 2443 562 2501 44444444
575 2442 715 2502 interius:
728 2444 759 2500 si
770 2444 945 2515 quoepiscopi
999 2452 1116 2504 secreta.
1138 2444 1250 2503 Sufficit
1267 2443 1344 2500 enim
1370 2441 1421 2499 4114
1436 2439 1593 2512 consessio,
1617 2453 1687 2510 qua
1708 2437 1825 2510 primrm

118 2533 199 2587 talem
217 2534 433 2588 comecraoerint
452 2533 616 2589 4444444444
629 2531 666 2605 (1,
680 2548 709 2605 q.
727 2531 753 2604 4,
767 2537 796 2588 44
808 2529 855 2605 25,
872 2547 900 2604 q.
915 2529 943 2602 2,
997 2537 1120 2594 Domino
1133 2535 1263 2605 41144444,
1279 2540 1347 2591 4444
1362 2533 1448 2590 etiam
1465 2531 1621 2602 sacerdoti,
1638 2529 1695 2602 qui
1710 2526 1826 2601 peccatis

118 2635 143 2678 o.
168 2622 289 2692 siqui),
314 2622 423 2691 qualem
444 2637 575 2677 essenon
600 2623 689 2685 liceat,
714 2623 823 2676 44444444
850 2622 944 2690 aliquo
999 2626 1201 2698 poeqitentium
1216 2623 1480 2696 precator-accedit.

117 2711 196 2770 modo
211 2710 341 2767 domnam
358 2712 468 2781 proprii
481 2711 591 2764 nonoris
603 2711 748 2774 asserint,
761 2710 943 2766 adinutmnis
1034 2718 1113 2786 item,
1132 2715 1162 2770 44
1178 2713 1230 2771 illa
1244 2712 1376 2784 epistola,
1399 2725 1485 2783 quam
1501 2709 1606 2769 Galliae
1618 2707 1754 2782 regioms
1766 2705 1827 2777 epi-

119 2801 267 2869 tanenjas
281 2800 398 2854 44444444
416 2813 472 2853 444
486 2798 633 2863 uolebam,
649 2814 698 2854 444
715 2800 877 2869 maome·
893 2814 945 2854 sa-
998 2805 1094 2876 soopis
1117 2804 1236 2874 scripsit
1259 2805 1348 2874 (epist.
1375 2799 1433 2873 86),
1458 2799 1582 2858 affirmat
1606 2797 1827 2870 chorepiscopos

118 2893 255 2945 eramento
280 2891 444 2952 4444444444,
475 2887 549 2958 saed
575 2889 693 2958 44444444
719 2888 812 2944 dimna
835 2888 944 2959 juonis
998 2908 1055 2952 non
1077 2894 1201 2952 alterius
1221 2892 1372 2965 potestatis
1388 2904 1450 2949 4444
1471 2903 1557 2962 quam
1574 2887 1740 2962 presbyteri
1761 2885 1825 2942 4444

118 2980 252 3035 immerito
267 2980 464 3048 prestiterunt·
998 2984 1090 3041 Cbore
1102 2983 1179 3040 enim
1196 2982 1265 3039 44114
1285 2981 1414 3040 dicitur:
1428 2980 1495 3038 inde
1503 2978 1713 3051 chorepiscopi
1732 2973 1826 3033 rillaui

110 3100 116 3127 i
156 3071 235 3133 item
251 3068 399 3125 Theodoro
416 3066 607 3138 Foroiuliensi
623 3067 758 3139 episcopo
772 3067 860 3125 aliam
875 3068 945 3125 scri·
961 3045 986 3110 G
1001 3071 1158 3146 presbyteri
1184 3070 1399 3143 intelliguntur,
1422 3069 1473 3142 qui
1497 3081 1547 3126 nec
1570 3067 1688 3126 irontcs
1706 3066 1826 3139 signare

121 3159 180 3232 psit
200 3158 351 3230 epistolam
366 3155 439 3229 (epit.
460 3155 515 3232 89),
536 3158 567 3214 in
582 3171 639 3229 qua
657 3157 692 3214 de
708 3157 765 3230 bis,
782 3158 833 3230 qui
847 3158 877 3215 in
891 3171 946 3216 ex·
1001 3177 1051 3220 nec
1066 3163 1097 3219 iu
1120 3161 1208 3218 missa
1229 3173 1401 3233 quemquam
1427 3163 1548 3232 possunt
1573 3157 1765 3230 poenitemmn
1785 3167 1827 3212 re-

121 3249 221 3306 tremis
233 3247 431 3319 penitentiam
444 3252 554 3318 petunt,
569 3261 634 3305 eum
648 3248 692 3305 sic
707 3247 828 3305 instruit
840 3265 846 3302 :
859 3248 946 3304 Solli-
999 3251 1166 3310 conciliare.

120 3339 253 3395 citudinis
267 3343 321 3394 tae
334 3340 358 3394 is
370 3338 436 3393 ordo
453 3353 509 3394 esse
525 3338 666 3403 debuerat,
682 3342 713 3393 at
732 3353 792 3393 4444
807 3343 947 3409 metropo-
1211 3338 1613 3397 4144414-411444141414.

123 3429 208 3486 litans
234 3432 280 3483 tao
303 3430 435 3499 pmmitas
462 3427 496 3483 de
524 3444 553 3483 eo
581 3428 655 3499 qaod
687 3428 865 3498 quarendum
889 3442 946 3483 esse
1263 3426 1356 3500 (Anno
1373 3428 1475 3484 Gbristi
1488 3424 1564 3502 iot.)

122 3519 277 3582 uidebatur,
293 3520 439 3587 conferres,
456 3519 504 3574 sed
523 3522 674 3589 atqaoqao
689 3517 768 3573 modo
789 3520 947 3573 instruatur
1035 3519 1174 3589 Hilarius,
1193 3519 1309 3576 natione
1320 3519 1437 3589 Sardus,
1452 3531 1487 3574 ex
1499 3523 1581 3589 patre
1596 3517 1750 3589 Crispino,
1760 3513 1828 3572 sedit

123 3608 289 3677 ommpaitcs
321 3609 496 3672 consuendis,
525 3607 594 3677 qnid
621 3607 654 3662 di
681 3609 846 3677 maenia
872 3610 947 3662 444441
1000 3624 1092 3669 anuos
1109 3624 1169 3681 444,
1185 3623 1296 3667 meuses
1315 3615 1383 3681 tres,
1405 3610 1469 3666 dies
1487 3609 1595 3665 decem.
1619 3609 1675 3664 liic
1689 3606 1829 3665 ordinarit

123 3699 305 3754 ecclesiastica
328 3697 426 3753 babeat
445 3696 551 3766 regala,
576 3711 631 3750 non
655 3696 745 3751 tacebo
766 3695 846 3764 (dist.
869 3693 894 3766 4,
914 3697 948 3751 de
1001 3699 1366 3773 episcoposrigimiducs,
1380 3697 1827 3770 presbytercsrigintiquiuque,

124 3789 232 3850 Punit,
261 3799 286 3842 c.
317 3785 482 3857 1141444444).
513 3784 648 3839 Mediator
675 3786 725 3839 bei
751 3788 776 3838 et
798 3784 946 3849 irminam,
1001 3791 1139 3848 diaconos
1168 3803 1227 3846 sex.
1252 3789 1304 3846 1144
1327 3789 1422 3846 llomae
1444 3787 1603 3845 multorum
1630 3788 1828 3858 episcoporum

124 3876 200 3930 bomo
229 3875 352 3930 64444444
383 3876 460 3929 Jesas
487 3875 643 3945 prepositis
676 3873 801 3929 Ecclesia
832 3874 949 3930 tradidit
1003 3878 1142 3949 synodum
1156 3875 1424 3950 congregavisset.
1438 3877 1571 3940 Romano,
1584 3888 1654 3946 cap.
1670 3873 1702 3947 4,
1716 3869 1829 3946 41414

120 3967 291 4035 potesmtem,
321 3967 351 4018 at
378 3968 404 4019 et
427 3964 583 4034 petentibus
617 3958 826 4039 [confitentibus]
859 3966 951 4021 44444-
1004 3980 1060 4039 qua
1082 3966 1212 4022 omnium
1231 3965 1444 4023 collaudatione
1465 3962 1694 4034 corroborarit3
1709 3976 1746 4020 44
1759 3961 1828 4034 qrb,

124 4070 186 4110 nem
202 4055 369 4126 penitentie
393 4054 502 4118 darant,
527 4058 553 4109 et
577 4054 682 4110 eosdem
701 4054 809 4109 salubri
831 4054 951 4125 satiem-
1004 4055 1055 4126 qui
1071 4069 1188 4113 4444444
1205 4068 1261 4111 444
1279 4054 1431 4128 uirginem,
1449 4059 1478 4110 et
1492 4053 1543 4124 qui
1560 4054 1728 4111 secundam
1741 4049 1828 4120 duxit

126 4146 213 4200 ctione
237 4148 382 4216 parpatos,
411 4145 449 4200 ad
476 4147 688 4201 communimur
719 4150 951 4200 sacramentorum
1004 4152 1032 4202 et
1045 4145 1132 4202 inscii
1148 4144 1322 4213 litterarum,
1343 4155 1452 4201 necnon
1467 4147 1495 4199 et
1510 4141 1615 4214 aliqua
1642 4141 1829 4199 nembtoruu

121 4252 174 4307 per
198 4235 318 4305 ianuam
349 4235 579 4291 remncilicticnis
611 4235 795 4290 admitterent.
830 4234 861 4289 si
888 4236 949 4304 qais
1003 4235 1106 4292 damna
1122 4233 1260 4305 perpessi,
1271 4238 1298 4289 et
1314 4233 1356 4300 144,
1368 4233 1420 4304 qui
1432 4246 1467 4292 ex
1479 4231 1697 4303 poenitentibus
1708 4237 1786 4301 sunt,
1799 4227 1836 4285 sd·

125 4330 217 4382 uatem
230 4341 332 4390 eoram,
348 4340 401 4396 pro
420 4325 519 4395 quibas
534 4327 646 4380 Domino
665 4323 862 4393 supplicamus,
877 4339 950 4393 qao-
1003 4336 1100 4381 sacros
1107 4323 1224 4381 ordines
1233 4323 1362 4393 aspirare
1369 4322 1502 4380 audeaut.
1512 4322 1829 4394 ltem,etquodcuuqut

125 4433 232 4488 cunque
253 4419 418 4488 interceptas
443 4415 581 4472 obstaculo
604 4430 622 4469 a
642 4428 754 4468 4444444
774 4413 949 4481 indalqentia
963 4428 991 4493 1)
1004 4415 1072 4485 quis
1085 4412 1231 4471 commisit
1246 4412 1395 4484 illicitum,
1405 4415 1456 4469 aut
1471 4424 1488 4468 a
1498 4411 1767 4482 predecessoribus
1774 4408 1829 4468 suit

121 4511 266 4579 praesentis
280 4507 420 4570 4444444444,
433 4511 459 4562 44
468 4508 634 4576 priusquam
650 4503 688 4558 ad
701 4504 848 4558 carismata
859 4519 950 4559 remc-
1005 4504 1115 4562 invenit
1132 4503 1301 4574 admissum,
1315 4503 1339 4559 si
1356 4502 1506 4573 proprium
1520 4501 1584 4558 vult
1608 4502 1706 4560 vitare
1720 4500 1828 4575 perica-

126 4598 173 4652 dia
182 4598 347 4668 persenerit,
365 4595 538 4665 temporalem
554 4595 639 4648 444444
658 4592 777 4648 bumana
796 4592 950 4648 conditione
1004 4594 1075 4665 lum,
1095 4590 1253 4650 damnabit.
1267 4595 1348 4663 11444,
1364 4590 1537 4664 generaliter
1552 4589 1717 4649 interdixit
1728 4603 1763 4649 44
1770 4588 1827 4661 quis

126 4689 239 4755 6444444,
255 4687 328 4756 qaod
341 4700 453 4741 omncns
463 4686 494 4739 in
505 4698 614 4753 empore
627 4698 682 4738 non
696 4684 805 4754 recepit,
824 4685 951 4753 consequi
1006 4696 1131 4755 uuquam
1146 4695 1339 4740 successorem
1355 4682 1413 4739 sibi
1429 4680 1588 4754 subrogare
1606 4685 1775 4753 prasumat.

127 4780 224 4830 enatus
247 4789 329 4829 carne
352 4789 406 4829 non
424 4775 533 4844 potnit.
556 4774 592 4830 Et
614 4771 765 4830 interius:
786 4773 837 4827 liis
860 4776 952 4828 uatem
1040 4775 1120 4842 14444,
1134 4771 1165 4827 44
1180 4771 1380 4842 414444444414,
1394 4784 1478 4843 quam
1492 4769 1621 4827 Ascanio
1633 4767 1825 4843 episcopale-

127 4861 184 4935 (26,
204 4879 231 4936 q.
253 4863 280 4934 6,
298 4877 324 4919 4.
346 4865 397 4920 iiis
418 4865 478 4937 qai)
493 4865 542 4934 qai
559 4865 590 4919 in
609 4868 725 4934 ternpore
743 4864 912 4918 necessitatis
926 4866 952 4917 et
1006 4861 1123 4920 stinaril
1143 4859 1288 4933 (speses),
1309 4861 1377 4918 illos
1396 4860 1557 4932 episcopos,
1577 4861 1634 4933 qui
1653 4862 1722 4919 sine
1741 4866 1824 4917 444144

127 4955 244 5026 periculi
257 4957 380 5022 arpentis
398 4956 535 5011 instantio
550 4954 714 5025 presidium
729 4954 906 5024 penitentie,
927 4956 952 5008 et
1007 4952 1129 5024 politani
1148 4964 1289 5008 consensu
1304 4949 1464 5008 consecrati
1483 4947 1607 5022 inerint,
1623 4957 1706 5009 stare
1720 4961 1824 5008 444444-

126 5060 191 5101 moa
202 5044 430 5101 reconciliationis
443 5045 597 5116 implorent,
610 5060 658 5099 nec
671 5046 826 5113 satisfactio
838 5043 953 5101 interdi-
1007 5042 1055 5112 sit,
1077 5041 1119 5097 444
1135 5040 1342 5098 dicenszbicet
1362 5040 1402 5104 it,
1418 5041 1468 5110 qui
1478 5043 1582 5110 4444444·
1604 5042 1741 5098 notitiam
1757 5044 1823 5108 aqut

128 5136 225 5201 sendo,
236 5149 286 5190 nec
297 5135 480 5189 reconciliatio
491 5134 749 5203 denepandarqaia
760 5132 953 5190 misericordis
1006 5145 1165 5186 consensuum
1188 5134 1241 5185 tue
1264 5129 1416 5186 dilationis
1439 5129 1563 5185 altinati
1583 5135 1654 5186 sunt
1675 5128 1822 5187 4444444444.

67 5264 71 5268 ,
129 5228 177 5284 bei
200 5241 249 5282 nec
272 5238 415 5280 memoras
445 5237 588 5293 possamus
615 5238 728 5294 ponera
757 5238 805 5278 nec
832 5227 953 5292 tempora
1007 5236 1068 5277 cam
1090 5221 1148 5274 sais
1172 5219 1322 5275 4446444444
1339 5218 1497 5275 auctoribus
1522 5218 1684 5275 submoueri
1696 5234 1751 5287 4444
1768 5211 1824 5288 qaid

129 5318 252 5389 definire,
267 5313 343 5386 apud
357 5327 437 5383 quem
456 5313 548 5367 nullas
563 5314 671 5382 patitur
683 5313 768 5367 uenia
784 5327 874 5367 moras
888 5327 953 5367 sera
1008 5310 1138 5365 tamenin
1153 5309 1310 5364 necessitate
1328 5311 1406 5363 tanta
1420 5308 1598 5365 6444444444
1614 5313 1770 5371 austeram,
1779 5316 1823 5364 est,

129 5407 276 5468 4444444444,
291 5403 396 5459 dicente
409 5401 562 5471 Propheta:
578 5421 590 5452 4
605 5400 671 5456 Cam
685 5415 830 5456 censemus
845 5400 950 5470 (1444414.
1007 5401 1056 5470 qai
1075 5399 1193 5470 episcopi
1215 5400 1285 5467 sacti
1309 5402 1384 5462 sant,
1408 5399 1449 5454 itu
1470 5398 1598 5454 uolumus
1618 5391 1825 5471 pameneae

128 5496 267 5568 44444444
281 5500 334 5552 444.
351 5492 382 5552 Si
396 5493 478 5549 etiam
488 5491 669 5546 amissouocis
679 5491 778 5560 444444,
787 5492 954 5561 perintepra
1008 5488 1163 5560 apostolicis
1179 5488 1406 5558 preceptimibus
1429 5492 1455 5544 et
1471 5491 1633 5545 4444444444
1650 5488 1768 5545 Patrem
1782 5488 1826 5540 sta

129 5600 224 5641 44444444
233 5585 339 5641 indicia
349 5582 503 5654 postumat,
518 5594 574 5635 nan
585 5583 699 5648 nepetae
709 5580 767 5635 illis
779 5581 850 5636 actio
860 5581 954 5652 pani-
1008 5579 1075 5634 tutis
1088 5592 1144 5633 non
1156 5577 1330 5647 reperiantur
1343 5577 1466 5641 44444444,
1478 5592 1510 5634 ac
1524 5577 1655 5649 6444444444
1668 5577 1752 5642 nibil,
1765 5568 1826 5647 quod
