3876 6090
117 235 150 294 la
458 239 730 299 INIERPRETATIO
747 241 873 299 sluool
891 242 951 301 vlu
969 243 1131 301 Genesar.
1133 246 1220 302 ts.-
1238 247 1428 304 PRAEFATIO.
1737 253 1771 313 li

116 365 174 432 cit·
210 370 297 436 atque
316 319 349 421 nt
368 363 492 422 breviler
507 369 603 424 omnia
627 370 915 442 comprehendantur,
933 375 963 437 Α
978 373 1133 444 racidibus,
1147 375 1215 431 dum
1230 375 1277 432 bis
1290 376 1533 449 necallamddem,
1541 379 1599 437 atsi
1613 397 1697 453 quam
1709 385 1770 456 ipse

118 408 198 509 nnlIa
229 452 380 527 professio,
418 470 503 511 sexus
533 457 577 511 rel
602 461 671 513 aetas
698 457 733 513 ab
760 472 793 513 eo
821 458 921 528 impu-

119 545 179 599 nita
206 544 362 607 deseritur
386 545 442 600 nisi
472 560 590 601 consors
616 561 674 602 suae
708 546 920 603 communionis

121 633 249 688 iumenta:
267 633 338 688 adeo
350 638 380 688 ut
389 647 618 690 communionem
634 637 697 704 ejus
711 637 920 692 declinantium

121 722 286 793 nonnullos,
317 723 489 793 quibusdam
505 725 641 795 exceptis,
664 726 712 796 qui
733 726 921 794 comtempla-

121 814 192 868 tioni
209 825 326 882 opernm
342 813 453 878 dantes,
469 813 560 868 clausi
576 814 764 881 habebantur,
778 815 923 871 abstraxe·

122 903 176 971 rit3
190 903 265 957 alios
278 916 343 957 rere
357 902 387 957 in
402 906 495 958 monte
509 902 628 972 Olympo
641 904 816 959 eremiticam
833 905 920 961 vitam

120 993 257 1047 ducentes
265 991 415 1063 fugaverit,
423 1005 577 1062 eorumque
585 993 701 1064 tuguria
713 993 921 1063 scuspeluneas

976 467 1091 533 teneret,
1101 464 1203 521 habere
1216 467 1421 536 quoquomodo
1435 467 1579 525 licuisset:
1593 473 1667 541 quod
1685 475 1772 531 maxi-

976 554 1224 610 mumscandalum
1242 556 1411 613 mortalibus
1423 558 1569 628 excitanti,
1583 560 1748 620 dicentibus
1763 583 1771 621 ι

975 646 1061 714 itane,
1085 644 1108 699 si
1130 644 1250 700 Photius
1271 645 1460 702 haeresiarcha
1481 645 1578 704 luerit:
1591 650 1695 707 debent
1716 652 1770 709 lilii
1797 642 1811 726 I

976 733 1066 789 nostri
1080 737 1131 790 ant
1150 733 1213 789 iidei
1234 735 1381 791 catholicae
1395 735 1554 793 desertores
1574 752 1645 810 esse,
1659 745 1710 796 aut
1721 742 1774 811 ju-

977 823 1096 878 ramenti
1110 822 1152 878 rel
1166 824 1212 879 sui
1225 823 1409 896 chirographi
1427 829 1680 900 transgressores?
1692 835 1774 886 erant

977 911 1053 966 enim
1070 911 1144 966 inter
1155 925 1204 969 eos
1216 913 1348 968 nonnulli
1362 914 1533 971 clarissimis
1553 917 1698 975 natalibus
1718 919 1776 976 orl-

979 1001 1067 1056 undi:
1096 1008 1205 1057 namet
1228 1007 1293 1057 ante
1308 1016 1398 1058 annos
1420 1004 1532 1076 aliquot
1554 1005 1628 1063 idem
1653 1008 1800 1080 Photiusq

123 1082 183 1152 igni
196 1080 371 1150 perdiderit,
386 1081 534 1151 quemdam
546 1082 703 1137 autemsibi
712 1083 925 1140 communicare

123 1177 288 1227 renuentem
302 1171 388 1225 etlam
402 1171 497 1226 rivum
511 1185 544 1226 ex
554 1169 685 1227 inleriorl
701 1176 779 1251 parte
789 1172 922 1243 usquead

122 1261 277 1317 dimidium
290 1260 421 1330 corporis
429 1261 589 1330 sepelierit:
604 1265 633 1318 et
645 1258 735 1332 (quod
752 1263 924 1318 horribilius

122 1351 179 1423 est]
193 1349 433 1418 castrelliubulum,
443 1350 612 1419 praesidente
622 1351 757 1406 llichoele
774 1351 924 1421 imperato-

123 1456 161 1505 re,
171 1441 295 1511 colligit,
306 1439 393 1495 salsos
403 1440 532 1496 homines
549 1442 631 1511 quasi
649 1443 772 1499 vicarios
787 1443 925 1498 Orienta-

123 1531 193 1585 lium
210 1530 324 1584 sedium
342 1527 455 1600 t'ormat,
465 1536 645 1587 accusatores
657 1532 924 1588 muneribusarmat
978 1537 1068 1592 cistil
1083 1539 1247 1608 respondit:
1267 1541 1327 1595 Non
1340 1540 1437 1596 studio
1448 1555 1619 1612 quemquam
1640 1543 1772 1613 radendi,

123 1626 149 1673 et
163 1619 321 1674 mendaciis
334 1620 487 1689 construit,
506 1623 591 1675 testes
608 1635 657 1677 eos
671 1622 797 1692 asciscit,
812 1637 884 1694 quos
896 1629 924 1680 et
979 1628 1058 1697 talia,
1074 1624 1179 1699 lnquit,
1192 1628 1269 1684 dicta
1281 1630 1426 1699 proposui,
1438 1631 1485 1686 sed
1498 1631 1635 1701 probandi
1647 1633 1716 1703 quid
1730 1647 1777 1703 pa-

123 1713 303 1763 accnsatores
315 1709 443 1778 opponit.
457 1709 571 1764 ludices
587 1724 789 1781 nonnunquam
799 1716 827 1766 et
840 1712 869 1766 in
880 1726 923 1767 ac·
938 1716 964 1777 Β
979 1717 1104 1773 triarcba
1118 1719 1246 1787 ignatius
1261 1723 1365 1790 ageret,
1384 1719 1409 1774 si
1426 1734 1479 1775 suo
1497 1725 1621 1789 tempore
1638 1721 1775 1792 quaelibet

123 1799 213 1853 cusati
229 1811 378 1866 personam
386 1797 524 1867 admittit,
535 1812 666 1854 excessus
681 1801 818 1869 quosdam
836 1800 918 1870 quasi
976 1806 1093 1862 haeresis
1114 1821 1163 1876 per
1172 1808 1353 1879 syllogismos
1371 1808 1606 1878 philosophorum
1622 1815 1718 1868 exorta
1731 1825 1776 1881 pa·

125 1885 232 1956 praeisti
253 1886 358 1941 sommi
381 1887 524 1955 pontificis
547 1887 638 1958 tingit,
650 1888 774 1960 impigit,
797 1894 825 1943 et
844 1890 920 1945 sient
975 1901 1103 1966 tesceret,
1120 1896 1170 1966 qm
1184 1897 1295 1952 scilicet
1309 1897 1387 1954 rinos
1401 1899 1553 1955 exterioris
1565 1899 1713 1969 sapientiae
1726 1914 1775 1956 re-

125 1977 249 2047 putabat,
264 1977 447 2031 damnatione
464 1977 550 2032 simol
570 1983 597 2032 et
617 1979 796 2033 anathemate
817 1980 916 2049 punit:
976 1986 1119 2055 petisset:
1144 1999 1240 2041 verum
1266 1987 1393 2057 ignoravi
1421 2000 1463 2042 me
1482 1987 1536 2044 snb
1559 1988 1645 2058 huius
1676 1986 1776 2045 inmite

978 1091 1100 1145 duarum
1115 1104 1345 1162 unumquemque
1365 1092 1507 1149 hominem
1521 1095 1681 1153 animarum
1694 1112 1775 1154 cons-

979 1179 1080 1235 sistere
1096 1181 1275 1251 praedicabat.
1290 1180 1344 1248 Qui
1358 1196 1453 1239 cuma
1470 1183 1657 1242 Constantino
1673 1187 1773 1257 philo-

980 1269 1068 1338 sopho
1090 1283 1197 1340 magnae
1224 1270 1386 1326 sanctitatis
1414 1272 1485 1344 viro,
1519 1271 1676 1332 fortissimo
1710 1277 1773 1347 ejus

978 1358 1080 1430 arnico,
1107 1360 1269 1429 increpatus
1300 1360 1402 1417 luisset
1424 1362 1553 1418 dicente:
1582 1363 1640 1420 Cur
1664 1370 1773 1422 lantum

978 1462 1102 1504 errorem
1117 1448 1146 1504 in
1160 1449 1296 1518 populum
1310 1464 1454 1521 spargens,
1470 1457 1511 1508 tot
1529 1453 1641 1509 animas
1661 1453 1777 1511 interle-

123 2066 234 2121 cnnctis
247 2066 297 2135 qui
314 2065 745 2139 aderant,exceptisperpancis,
763 2073 791 2123 et
805 2067 921 2123 bissau-
977 2075 1183 2143 propositionis
1197 2079 1239 2131 tot
1253 2076 1364 2131 animas
1378 2075 1438 2132 lore
1460 2077 1606 2132 laesurum.
1630 2078 1671 2133 nd
1699 2077 1773 2148 quod

124 2157 234 2211 toribus
250 2156 741 2224 impietatisclamantibosnencsse
754 2159 876 2227 justum,
891 2158 921 2213 in
978 2163 1042 2218 ille:
1053 2163 1075 2218 0
1087 2163 1226 2232 sapientia
1246 2164 1416 2233 mundique
1435 2163 1593 2219 inlatuatnr
1609 2170 1637 2220 et
1653 2165 1777 2221 destrui·

123 2259 264 2301 summunt
281 2253 309 2299 et
324 2245 449 2314 primurn
465 2246 637 2314 pontificem,
654 2253 682 2303 et
690 2248 832 2316 praecipue
840 2247 925 2302 abin
979 2251 1163 2307 turllactasti
1179 2253 1336 2323 sagittasin
1349 2253 1564 2309 multitudinem
1576 2254 1775 2322 copiosaetur-

125 2335 221 2390 leriori
239 2335 455 2405 quomodolibet
470 2337 639 2391 sententiam
662 2335 841 2407 proferendi,
859 2349 924 2391 cum
981 2339 1418 2412 baeetiqgnorastiquemlibetex
1432 2341 1777 2398 hisomnibusvulneran·

125 2426 149 2479 id
161 2438 311 2480 necmnon
321 2425 624 2496 quisquamadmittat,
634 2425 787 2495 necailqua
796 2425 926 2480 Ecclesiae
979 2429 1058 2484 dnm.
1069 2430 1149 2484 Certe
1164 2429 1298 2485 omnibus
1309 2430 1409 2500 liquet,
1418 2430 1485 2500 qnia
1496 2429 1573 2485 sicut
1582 2429 1671 2498 oculi,
1689 2444 1778 2501 quan-

124 2516 300 2570 eonsuetudo
317 2513 495 2569 heridoceat.
508 2516 608 2570 l'erum
619 2515 673 2571 istc
687 2513 925 2571 laisarinslalso-
981 2518 1113 2574 tumlibet
1130 2520 1189 2574 sint
1209 2518 1303 2590 magni
1315 2522 1343 2573 et
1360 2519 1462 2588 aperti,
1483 2519 1508 2574 si
1520 2517 1616 2575 lomus
1632 2520 1776 2589 palearum

126 2619 184 2659 rum
199 2618 371 2659 excessuum
386 2605 522 2659 adversos
538 2604 831 2660 insontemabsentem
845 2604 925 2659 etin·
980 2608 1186 2678 interjacuerit,
1207 2608 1302 2663 ridere
1320 2608 1395 2664 ultra
1416 2621 1470 2663 non
1490 2612 1623 2678 possunt,
1643 2608 1682 2664 ita
1699 2609 1778 2665 oculi

125 2695 239 2764 rictum,
252 2693 704 2764 mendacemcodieemcompilat,
715 2693 793 2748 mille
806 2693 922 2750 circiter
977 2697 1124 2767 sapientiae
1136 2701 1201 2766 tuae,
1218 2696 1429 2766 quantumlibet
1438 2696 1498 2752 sint
1509 2697 1603 2768 magni
1623 2701 1651 2752 et
1674 2698 1778 2770 patuit,

125 2783 287 2839 antistitum
304 2783 532 2852 subscriptiones
541 2781 627 2838 lalsas
641 2783 788 2839 interserit
805 2782 923 2838 sibine
976 2783 1780 2856 avaritiatmnenetinvidtaeiumopenitusobcaecati‚tra-

127 2874 198 2927 mine
214 2888 335 2942 prorsus
346 2873 542 2928 consentiente
557 2872 598 2928 vel
612 2873 810 2952 conscribente
822 2887 855 2927 ex
870 2872 920 2927 illa
978 2875 1304 2943 mitemjostitiaevidere
1316 2888 1371 2930 non
1383 2880 1520 2944 possunt,
1534 2887 1566 2929 ac
1579 2875 1667 2943 perid
1681 2889 1778 2932 rerum

127 2977 274 3018 numerosa
285 2964 486 3032 episcoporum
499 2963 693 3032 multitudine,
704 2962 762 3017 nisi
777 2976 833 3017 uno
843 2965 871 3016 et
883 2961 923 3016 vi·
938 2964 962 3027 G
979 2971 1022 3020 est
1033 2966 1106 3035 quod
1120 2964 1205 3036 dicis,
1214 2964 1354 3019 neminem
1367 2964 1427 3019 ictu
1434 2969 1483 3019 tuo
1491 2964 1779 3033 putasseesselaeden-

127 3053 196 3122 grntr
206 3053 388 3122 praesulibus
400 3053 492 3109 bnde
483 3066 540 3122 Jam
551 3051 698 3122 profusius
706 3052 797 3107 sancta
808 3050 925 3107 habitus
980 3055 1058 3125 dum,
1070 3068 1135 3109 cum
1149 3054 1190 3109 sic
1201 3054 1372 3109 obcaecatum
1386 3067 1501 3109 sensum
1518 3053 1664 3123 praedictis
1676 3053 1780 3109 adrer-

127 3143 256 3198 siricum
271 3140 928 3214 lugiunt,ctqnasisqualoremquemdamde-
982 3159 1044 3200 surn
1071 3144 1261 3214 partrilcbam
1287 3143 1470 3213 passionibus
1496 3142 1612 3214 habena,
1636 3156 1686 3200 nec
1707 3143 1777 3250 quid

127 3231 247 3290 clinant
266 3232 387 3288 alterum
408 3232 575 3287 blascorum
597 3231 673 3287 bunc
692 3231 877 3300 appellantes,
899 3231 928 3283 el
982 3233 1293 3302 emiserispraeridlsti

128 3334 328 3385 precursorem
341 3320 544 3391 antichristi,
538 3334 594 3375 nmo
605 3321 699 3388 ipsum
714 3320 927 3375 antichristum
1018 3325 1125 3377 interea
1135 3321 1279 3378 occiditur
1292 3320 1421 3390 llichael,
1436 3326 1562 3377 remanet
1578 3321 1756 3393 singularis
1750 3334 1780 3377 ιιι

127 3411 333 3483 existimantes,
357 3424 440 3481 quem
463 3409 573 3465 scilicet
593 3409 736 3463 bominem
765 3408 870 3477 peccati
890 3406 927 3460 ιι-
984 3410 1103 3478 imperto
1116 3410 1249 3464 Basilius.
1264 3410 1341 3464 Unde
1353 3415 1382 3462 et
1397 3414 1578 3477 nuncupatur
1599 3409 1635 3464 ab
1648 3409 1783 3466 omnibus

127 3501 255 3570 itumque
270 3498 790 3570 perditionisnpostolusappellasset,
802 3498 851 3568 qui
867 3513 930 3568 pro·
984 3501 1172 3554 monocrator.
1190 3495 1295 3565 incipit
1310 3495 1456 3565 inquirere
1467 3498 1496 3549 et
1509 3496 1680 3565 investigare
1694 3499 1783 3564 qnod-

127 3588 392 3645 lectoextolleretur
404 3601 490 3658 supra
502 3588 667 3658 omnequod
682 3586 932 3645 diciturDeusaut

127 3680 198 3748 equod
208 3677 361 3747 coliturlll
372 3678 504 3750 Theseu).
513 3677 651 3734 Caeterum
660 3677 932 3734 construItetaliam

128 3770 254 3823 malinam
271 3769 316 3823 hic
332 3768 699 3839 perversorumdogmatum
718 3766 821 3833 cultor,
836 3772 933 3836 etper-

126 3858 225 3915 suadet
240 3857 406 3927 imperatori
415 3857 715 3926 praeciperencminem
732 3860 931 3912 testamentum

109 3953 115 3999 ι
127 3949 225 4012 lacere,
239 3947 283 4002 rel
293 3962 342 4017 per
355 3946 484 4016 alterius,
501 3946 557 4001 nisi
574 3959 623 4015 per
636 3945 730 4000 Photii
751 3959 851 4002 manus
864 3959 931 4002 suas

126 4040 301 4108 elemosynas
317 4051 449 4108 erogare:
466 4036 540 4106 quod
557 4049 612 4091 non
633 4035 669 4092 ob
684 4036 763 4091 aliud
782 4036 932 4092 adinvenit

128 4134 256 4194 pnrerrtor
266 4128 416 4195 malorum,
428 4126 485 4181 nisi
496 4131 598 4181 utcum
614 4126 756 4195 acciperet
767 4130 933 4197 eterogaret

127 4216 445 4285 snbstantiasdiritum,
455 4215 586 4284 proprias
598 4227 614 4269 a
625 4215 721 4270 minus
739 4214 931 4271 curiosisero

128 4311 372 4376 qasseputarelur,
386 4318 419 4360 ac
434 4319 481 4374 per
489 4305 541 4360 boc
554 4318 570 4359 a
583 4304 696 4359 cunctis
710 4304 792 4374 quasi
807 4303 930 4373 dapsilis

987 3602 1050 3643 narn
1064 3584 1152 3642 luerit
1167 3585 1243 3641 sedis
1253 3582 1568 3654 apostolicaejudicium
1579 3582 1621 3638 rel
1635 3583 1781 3639 decretum

988 3682 1044 3732 tam
1060 3689 1145 3745 super
1159 3673 1362 3742 iconomachis,
1378 3672 1427 3742 qui
1447 3672 1554 3727 sensim
1569 3677 1667 3728 contra
1687 3686 1783 3728 sacras

989 3766 1128 3837 imagines
1147 3764 1256 3835 garrire
1267 3762 1392 3818 rediviva
1412 3761 1633 3831 praesumptione
1652 3759 1784 3816 rideban-

989 3861 1046 3926 tur,
1058 3869 1142 3925 quam
1153 3867 1239 3923 super
1249 3852 1358 3924 ignatio
1370 3851 1412 3906 vel
1434 3851 1535 3906 Photio
1558 3849 1802 3956 promulgatumq
1892 3872 1894 3876 ·

986 3944 1148 4013 Quicumci
1161 3945 1412 4011 responsumesset
1428 3940 1614 4010 apostolicam
1635 3940 1728 3995 sedem
1746 3939 1782 3995 ab

988 4035 1136 4091 undecima
1149 4032 1316 4099 indictione,
1332 4029 1450 4086 sicutab
1461 4029 1530 4085 olim
1551 4029 1580 4084 in
1593 4028 1783 4086 thronoCon-

987 4117 1800 4192 stantinopolitanolgnatiumstabiliisse,Photiumreret

987 4213 1097 4269 nullius
1119 4209 1261 4266 clericalis
1285 4207 1398 4263 ordinis
1424 4207 1545 4278 dIgnum
1568 4207 1668 4278 aliquo
1698 4206 1780 4263 modo

985 4292 1146 4370 censuisse,
1166 4304 1251 4369 atque
1275 4311 1360 4366 snper
1382 4297 1428 4352 bis
1444 4296 1781 4352 innotescendisdiversa

126 4402 151 4449 et
167 4395 323 4451 monilicus
337 4398 497 4461 amaretnr;
512 4393 599 4449 simul
612 4393 698 4448 etiam
719 4397 750 4448 ut
762 4393 861 4449 saltem
881 4406 930 4462 per
944 4387 971 4451 D
986 4393 1092 4462 scripta
1101 4387 1388 4457 Constantinopolim,
1400 4399 1433 4441 ac
1442 4400 1491 4456 per
1499 4400 1597 4442 omnes
1605 4386 1684 4442 orbis
1694 4391 1783 4442 terra·

128 4484 412 4541 hocomneseieoacti
426 4483 678 4555 communicarent,
696 4483 929 4553 quandoquidem

126 4575 332 4644 conspicerent,
347 4587 398 4630 nee
412 4573 473 4642 ipsa
485 4587 514 4628 se
526 4573 687 4629 animarum
705 4585 823 4628 suarum
844 4584 931 4628 reme·

126 4664 172 4719 dia
186 4678 276 4732 posse,
293 4662 698 4733 nisipermanusejussaltem
710 4661 813 4732 inipso
827 4661 930 4718 mortis

124 4751 769 4823 articulopositosoperari.l'raetereaetaliud
792 4751 930 4821 iniquita·

127 4845 228 4898 tissuae
242 4843 425 4912 retiaculum,
436 4847 587 4912 quometes
604 4840 782 4911 simplicium
805 4846 928 4913 caperet,

127 4939 230 5003 texens,
249 4937 392 5004 quotquot
403 4934 438 4988 ad
457 4933 625 4988 exteriorem
641 4930 677 4986 ab
691 4944 724 4986 eo
741 4930 928 5000 disciplinam

126 5023 286 5079 instruendi
297 5022 456 5093 veniebant,
467 5022 582 5093 proprio
591 5021 698 5090 scripto
705 5021 843 5090 spondere
850 5033 929 5091 coge·

111 5106 171 5180 ἶιιιιι
183 5127 214 5169 se
225 5111 473 5169 secundumddem
488 5111 582 5167 Photii
595 5112 736 5167 decaetero
748 5110 925 5181 credituros3

124 5204 205 5272 quasi
216 5202 537 5271 duaetldessssent,una
548 5200 784 5268 scilicethrlsli,
801 5199 927 5256 etaltera

99 5293 233 5355 ἲΡιιοιιιε
259 5296 287 5349 et
309 5292 362 5348 hoo
393 5290 594 5361 nihilominus,
613 5290 718 5346 callide
744 5289 871 5357 molitus,
893 5294 925 5345 ut

985 4496 1048 4539 rum
1071 4479 1208 4536 terminos
1221 4477 1382 4546 direxisse3
1406 4476 1539 4546 protinus
1560 4476 1656 4532 eadem
1672 4475 1780 4545 scripta

984 4571 1099 4628 curioso
1109 4569 1301 4624 satisintentu
1310 4566 1444 4636 requirit,
1454 4566 1604 4621 etinventa
1614 4563 1663 4621 ubi
1678 4555 1790 4629 al‘hod

985 4652 1779 4730 tioprolundiusobrutaconsistebant,praeoculisreluti

985 4750 1099 4820 specula
1113 4748 1202 4818 ponit,
1216 4751 1245 4802 et
1257 4745 1358 4802 borum
1373 4745 1495 4801 lectione
1508 4744 1653 4816 magistra,
1669 4758 1731 4815 quae
1744 4744 1780 4800 ab

984 4840 1080 4897 eadem
1094 4850 1203 4894 somma
1216 4835 1281 4892 sede
1291 4837 1403 4892 decreta
1417 4834 1538 4899 inerant,
1550 4834 1636 4890 celeri
1650 4847 1782 4890 consum·

985 4934 1042 4985 mat
1052 4927 1151 4984 ellectu
1164 4945 1170 4980 ι
1183 4926 1211 4981 id
1230 4930 1282 4994 est,
1301 4930 1329 4980 et
1340 4925 1440 4980 Photio
1451 4937 1532 4980 sacro
1544 4924 1705 4980 ministerio
1717 4921 1785 4994 post

983 5018 1191 5089 depositionem
1216 5014 1414 5086 irregulariter
1435 5012 1575 5084 abutenti,
1593 5014 1780 5070 thronodon-

983 5106 1238 5177 stantinopolitano
1269 5104 1367 5160 cedere
1392 5104 1551 5174 persuadet,
1584 5109 1612 5159 et
1635 5103 1777 5175 Ignatium

983 5201 1058 5256 hunc
1071 5197 1197 5267 recipere
1209 5194 1388 5251 adhortatur.
1407 5196 1509 5249 Verum
1523 5194 1592 5264 qula
1609 5199 1636 5249 et
1648 5192 1778 5264 ignatius

982 5289 1115 5345 thronum
1129 5300 1185 5357 quo
1199 5283 1435 5355 praejudicialiter
1447 5282 1540 5339 luerat
1549 5283 1696 5353 expulsus,
1708 5280 1779 5337 abs-

122 5382 337 5439 communionis
348 5395 406 5438 sua
416 5394 601 5453 quoscunque
611 5380 654 5436 rel
668 5379 923 5451 quomodocunque
979 5392 1034 5450 que
1047 5378 1147 5433 iterata
1162 5375 1282 5446 potioris
1294 5374 1380 5445 sedis,
1394 5373 1485 5444 idest,
1496 5374 1594 5444 primae
1606 5371 1777 5428 auctoritate

122 5472 235 5544 laqueis
250 5471 399 5543 irretiret3
413 5474 442 5528 et
454 5475 529 5528 esset
550 5469 729 5541 impossibile
743 5483 774 5527 se
795 5482 921 5540 unquam
978 5481 1034 5526 uon
1059 5466 1184 5536 recipere
1207 5467 1404 5536 proposuerat,
1434 5467 1463 5520 et
1487 5463 1641 5533 imperator
1662 5462 1773 5520 tantum

120 5565 215 5635 evelli,
239 5577 325 5636 quem
347 5563 485 5620 nimirum
499 5564 643 5619 constaret
660 5564 703 5617 tot
726 5560 794 5616 tisis
814 5559 921 5616 haerere
976 5555 1057 5629 (prob
1074 5554 1152 5612 netas
1163 5554 1185 5629 l)
1198 5559 1226 5610 et
1238 5553 1344 5624 ubique
1358 5554 1520 5623 dispersum
1532 5563 1549 5606 a
1563 5547 1670 5605 Christi
1682 5545 1777 5602 Eccle
