3876 6090
867 277 1035 337 STEPHANI
1053 279 1151 337 Piedi
1169 284 1191 339 V
1843 284 1899 344 ΒΜ

561 405 637 461 xxi.
1025 402 1056 464 A
1436 409 1524 467 XXV.

475 525 510 568 ΑΒ
526 523 673 567 SUUM
685 521 722 566 ⁸·
1146 546 1316 594 conuiuatus
1332 548 1461 592 sclusam
1482 549 1600 592 srtscorv
1616 515 1768 591 ossinnuc.
1785 547 1822 589 so

508 617 601 688 (Anno
615 615 692 690 89t.)
1344 619 1506 663 suscensus
1521 620 1619 663 eurum.

221 725 358 797 Nunquid
367 725 685 783 nonomniacbrismata
691 720 1013 793 sacerdotalismystcrii
1388 714 1481 785 (Anno
1495 712 1573 787 stt.)

187 810 1013 887 crucistiguraperficiuntur‘lNunquidbaptismatisunda,
1070 818 1162 897 [Apud
1195 823 1316 894 prgam,
1349 823 1463 891 powg,
1491 824 1515 886 p,
1550 821 1613 878 gog,
1648 824 1724 893 pipp,
1757 839 1786 895 p,
1822 820 1896 901 352]

188 903 245 960 nisi
269 916 354 959 cruce
386 900 564 958 sanctificata
587 905 700 972 peccata
722 900 967 964 relaxantur‘lEt,
982 902 1015 954 ut

186 996 288 1047 caetera
303 994 513 1060 praetereamus,
528 989 592 1046 sinc
604 989 702 1046 crucis
716 987 866 1061 signaculo
882 987 951 1059 quis
964 999 1015 1042 sa-

186 1078 307 1135 cerdotii
321 1077 428 1151 gradus
446 1077 604 1134 ascendit?

1104 951 1225 1009 Domino
1244 948 1426 1006 sanctissimo
1442 952 1471 1004 et
1491 949 1612 1022 egregias
1628 949 1798 1006 sanctitatis
1819 950 1898 1021 apice

1069 1038 1318 1111 praestantissimo,
1340 1049 1419 1109 papae
1432 1035 1584 1109 Suessano,
1605 1038 1730 1110 exiguus
1749 1051 1895 1096 servorum

1068 1129 1177 1188 Christi
1192 1145 1301 1205 servus,
1313 1135 1474 1190 &insanus
1484 1127 1718 1200 osnaburgensis
1731 1127 1894 1198 episcopus,

556 1238 646 1293 ιιιιιι,
1069 1222 1235 1278 cumomni
1261 1222 1395 1294 subjectae
1425 1216 1657 1292 congregationis
1684 1219 1803 1273 caterva
1827 1229 1894 1273 vere

1069 1305 1219 1366 felicitatis
1241 1310 1376 1381 implorat
1396 1321 1540 1367 coronam.

1103 1398 1177 1454 Dum
1201 1399 1388 1456 orthodoxam
1412 1396 1520 1454 Christi
1542 1394 1711 1464 Ecclesiam,
1736 1394 1893 1465 apostolica

372 1489 573 1557 Fragmentum.
588 1517 626 1529 -
639 1486 733 1557 (Anno
752 1483 829 1559 894.)
1069 1485 1255 1544 institutione
1276 1485 1425 1543 fundatam
1439 1490 1467 1542 et
1481 1499 1497 1540 a
1511 1483 1619 1541 sanctis
1639 1482 1782 1539 Patribus
1797 1483 1894 1540 firmis

187 1593 279 1667 [ppug
294 1594 474 1666 (paganum,
489 1597 592 1651 ΒΜ,
607 1608 639 1665 u,
655 1598 728 1665 pm,
741 1589 768 1666 3,
782 1597 881 1665 quw,
896 1588 924 1665 3,
936 1606 960 1649 ι,
972 1587 1012 1662 3,]
1069 1575 1141 1631 sime
1156 1574 1316 1632 roboratam
1331 1573 1411 1631 rabie
1432 1572 1663 1644 persequentium
1680 1575 1710 1627 et
1725 1570 1830 1629 fraude
1844 1572 1893 1628 ini-

203 1684 277 1739 Antc
290 1684 364 1738 litem
373 1687 548 1738 contestatam
558 1682 791 1738 obleutcroblatc
800 1684 991 1737 restituentur.
1070 1677 1192 1734 (10000ῐο
1201 1662 1332 1720 00100100
1345 1662 1526 1730 000010000οι
1537 1674 1571 1717 00
1582 1673 1631 1731 W
1645 1660 1699 1716 000
1710 1661 1894 1731 potiustepi-

221 1771 382 1843 Oportetut
394 1769 519 1843 primum
529 1783 578 1827 vos
589 1775 646 1827 mm
658 1769 694 1825 de
704 1769 815 1826 invasis
827 1767 1008 1838 civitatibus,
1029 1729 1055 1793 B
1068 1752 1134 1808 0010
1150 1751 1303 1823 minusque
1318 1753 1348 1806 ¹¹¹
1363 1751 1464 1807 diliss0
1483 1749 1565 1806 00100
1582 1747 1733 1816 fervidam,
1751 1749 1889 1821 geminus,

185 1863 215 1918 ct
229 1857 423 1925 monasteriis,
442 1863 472 1914 et
483 1856 601 1930 mansis,
616 1869 700 1930 quam
714 1856 750 1913 de
762 1856 886 1928 reliquis
901 1868 1014 1929 genera·
1068 1845 1168 1897 005003
1180 1841 1296 1911 flemis
1306 1840 1371 1910 jura
1387 1854 1450 1911 quae
1462 1852 1547 1909 00005
1555 1839 1644 1894 Deum
1657 1843 1729 1894 ⁸⁰⁰²
1745 1837 1892 1895 manifesta

187 1946 255 2004 liter
268 1947 354 2005 rebus
364 1945 556 2004 redinvesturi
569 1945 700 2003 faciatis:
716 1944 784 2017 qula
795 1958 846 2002 nec
856 1943 927 2001 nudi
940 1957 1014 2000 con-
1068 1929 1259 1999 dtiffitifflssss
1271 1934 1301 1986 1¹¹
1313 1942 1364 1984 ¹¹0⁵
1375 1927 1482 1999 quibus
1494 1927 1590 1985 ⁰li¹¹ffl
1603 1938 1672 1983 0000
1679 1926 1893 1983 0000000001

187 2035 313 2108 tendere,
336 2048 388 2093 nec
409 2035 534 2093 inermes
555 2033 685 2092 inimicis
701 2047 754 2092 uos
768 2031 906 2090 debemus
921 2044 1016 2103 oppo-
1069 2017 1221 2074 ⁰⁰fflfflf⁸⁸³
1241 2023 1294 2088 est,
1317 2015 1421 2073 fulcire
1439 2019 1468 2070 00
1485 2016 1621 2085 adjuvare
1642 2014 1818 2087 dignemini,
1839 2029 1891 2086 (1¹¹⁰

191 2136 267 2181 nere.
1070 2117 1118 2161 eas
1127 2105 1163 2161 ab
1175 2118 1272 2162 errore
1284 2105 1367 2162 devio
1382 2103 1504 2161 adriam
1519 2101 1651 2159 veritatis
1662 2101 1735 2158 etad
1750 2102 1846 2158 lumen
1858 2103 1890 2159 de

550 2211 653 2269 ιιιιιιι,
1070 2194 1197 2251 tenebris
1212 2193 1346 2250 reducere
1365 2205 1504 2263 queamus
1519 2209 1526 2263 3
1543 2191 1618 2262 quod
1636 2193 1706 2246 tunc
1722 2196 1801 2247 recte
1817 2190 1857 2260 tlt,
1869 2190 1891 2246 si

1071 2282 1196 2354 pravitas
1216 2282 1246 2338 iu
1267 2281 1437 2339 rectitudem
1458 2283 1650 2345 convertatur,
1675 2293 1740 2350 quae
1756 2278 1823 2336 ideo
1845 2278 1893 2334 diu

1069 2371 1144 2441 apud
1161 2383 1213 2427 nos
1226 2369 1380 2441 pervarias
1403 2368 1594 2441 negligentias
1614 2366 1744 2438 pullulat
1759 2368 1829 2439 quia
1849 2380 1894 2437 per

377 2460 580 2527 Fragmentum.
595 2486 633 2499 —
645 2457 739 2528 (Anno
751 2454 828 2527 89t.)
1070 2458 1178 2515 multos
1190 2463 1267 2516 retro
1287 2471 1377 2515 anuos
1390 2461 1486 2514 sancta
1506 2456 1632 2528 synodus
1647 2455 1770 2512 minime
1781 2469 1892 2529 congre·

299 2563 390 2634 [Apud
413 2566 536 2636 ponem,
557 2566 664 2620 pmg·
680 2577 744 2635 ιιι,
764 2576 826 2633 gap,
846 2557 904 2635 gg]
1069 2552 1134 2620 gata
1148 2546 1223 2604 banc
1243 2560 1297 2603 nou
1320 2551 1436 2602 resecat.
1459 2545 1539 2601 Unde
1559 2545 1661 2601 audire
1684 2545 1824 2618 dignetur
1838 2556 1895 2601 san

1069 2635 1199 2691 ctissima
1218 2635 1363 2691 industria
1388 2639 1479 2691 vestra
1505 2634 1630 2691 rationis
1651 2633 1837 2702 seutentiam,
1859 2632 1892 2687 de

1069 2722 1153 2792 cujus
1172 2723 1364 2779 controversia
1388 2721 1521 2792 quatitur
1538 2720 1768 2792 pusillanimitas
1787 2724 1892 2778 nostra.

221 2811 383 2868 Srsruuuus
395 2811 549 2867 Turonosro
562 2810 706 2882 episcopo.
1068 2809 1208 2866 Primitus
1223 2810 1258 2865 de
1269 2809 1397 2881 dicimis,
1422 2809 1529 2880 quibus
1552 2807 1737 2866 subditorum
1753 2813 1894 2865 catervam

223 2899 399 2970 Nunquldue
419 2899 532 2956 duabus
552 2898 638 2956 simul
657 2897 772 2970 sponsis
792 2896 898 2954 nubere
916 2896 1015 2952 barba·
1070 2911 1184 2968 pascere
1196 2897 1343 2969 debemus,
1359 2898 1519 2968 contraius
1531 2896 1796 2954 canonicumctfas
1810 2896 1895 2953 ecclc·

190 2987 280 3044 sicam
301 2993 411 3061 genum
438 2987 561 3046 instruis
577 2987 592 3042 t
608 2984 783 3058 Numquidne
804 2989 1013 3042 sacramentum
1069 2987 1218 3045 siasticum
1230 2987 1339 3057 iniusto
1349 2986 1571 3043 ordiueanobis
1581 3000 1630 3057 per
1640 2985 1834 3057 vimablatis3
1847 2999 1895 3056 pro

188 3074 323 3134 Ecclesia
337 3080 523 3145 exponentem
537 3074 704 3146 Apostolum
720 3087 776 3131 uon
792 3072 889 3146 legisti
902 3091 909 3128 :
923 3074 1014 3127 Erunt
1029 3076 1054 3140 c
1070 3091 1126 3148 qua
1141 3089 1206 3132 vero
1223 3089 1253 3131 re
1272 3076 1332 3132 siut
1347 3075 1457 3147 ablatae,
1469 3079 1498 3131 et
1517 3075 1591 3131 uude
1614 3076 1787 3146 processerit
1802 3075 1893 3147 origo,

187 3165 242 3220 duo
255 3167 286 3219 in
304 3179 386 3220 corne
399 3179 457 3219 unc
467 3165 532 3220 flu
546 3162 668 3221 forsitan
687 3162 730 3219 tui
744 3161 858 3219 codices
870 3159 943 3218 falso
955 3165 1014 3218 tres
1071 3169 1103 3222 ut
1115 3164 1303 3235 decimarum,
1327 3163 1434 3236 quibus
1454 3163 1652 3221 tautummodo
1667 3163 1854 3234 episcopatus
1864 3164 1894 3219 iu

141 3273 146 3285 ·
186 3252 322 3309 incarne
343 3250 778 3321 uuaasseruntibesinelam
797 3249 848 3307 tali
871 3249 1014 3306 tabescere
1068 3253 1190 3310 saxonia
1214 3259 1282 3309 sunt
1302 3252 1465 3322 constituti,
1489 3265 1544 3308 nou
1568 3251 1626 3308 nisi
1646 3256 1751 3323 quarta
1772 3265 1839 3322 pars
1860 3253 1892 3309 ad

187 3341 311 3414 ignavia,
327 3347 356 3398 et
369 3341 450 3398 disce
464 3341 592 3412 paternis
607 3340 724 3397 obedire
741 3340 861 3412 regulis,
879 3352 913 3394 ne
929 3339 1013 3394 inve·
1068 3341 1313 3414 osnabrugensem
1333 3341 1488 3397 Ecclesiam
1509 3340 1539 3397 in
1559 3339 1668 3396 bonore
1681 3341 1710 3396 S.
1727 3340 1804 3396 Petri
1819 3341 1894 3411 prin·

186 3430 281 3487 niaris
295 3434 419 3488 statutos
432 3444 449 3486 a
465 3430 597 3487 Patribus
619 3429 759 3486 terminos
781 3428 954 3500 transgredi,
968 3424 1012 3481 vel
1068 3429 1344 3500 cipisapostolorurn
1353 3433 1544 3487 consecratam
1554 3429 1702 3500 inserviat,
1714 3429 1892 3498 cujusetiam

150 3554 156 3565 ·
186 3531 238 3589 per
248 3518 436 3575 ambitionem
449 3517 486 3574 de
501 3517 602 3588 majori
618 3517 652 3572 ad
668 3517 804 3586 majorem
820 3515 943 3572 transire
957 3515 1015 3569 Eo-
1069 3533 1121 3576 nos
1133 3519 1288 3575 servitores
1298 3533 1409 3590 sumus,
1422 3531 1488 3576 cum
1499 3522 1607 3575 ceterae
1618 3513 1714 3589 partes
1724 3518 1849 3588 majores
1861 3531 1892 3574 ex

185 3606 314 3670 clesiam,
333 3607 409 3678 quod
428 3609 583 3662 tentantem
606 3604 680 3661 laica
702 3604 789 3660 ctiam
812 3601 1014 3659 commuuione
1068 3607 1230 3678 quantitate
1253 3611 1281 3663 et
1296 3619 1414 3664 numero
1432 3608 1467 3663 ad
1488 3607 1614 3663 eamdem
1637 3606 1735 3662 sedem
1748 3619 1783 3662 ex
1798 3605 1893 3665 debito

186 3693 262 3749 sacri
284 3694 398 3764 privant
416 3706 549 3748 canones.
1069 3695 1254 3767 pertinentes,
1277 3696 1354 3753 inter
1372 3696 1526 3754 monachos
1545 3695 1741 3766 lluxilienses,
1758 3694 1810 3752 ubi
1826 3689 1893 3747 nova

1067 3784 1186 3840 corbeia
1198 3783 1234 3839 ab
1245 3784 1289 3841 eis
1312 3785 1463 3855 vocitatur,
1484 3791 1513 3841 et
1531 3784 1642 3856 puellas
1660 3783 1891 3848 llerivordeuscs,

550 3834 650 3891 XXIV·
1067 3872 1169 3929 divisae
1182 3872 1251 3944 sint,
1265 3879 1367 3943 prater
1377 3873 1483 3944 predia
1498 3872 1636 3930 nonnulla
1650 3886 1715 3944 que
1727 3872 1772 3928 eis
1784 3885 1821 3928 ex
1833 3871 1892 3940 ipsc

284 3971 319 4014 su
336 3969 503 4014 uanussrmt
524 3969 740 4013 muosnueuseu
760 3968 917 4013 srrscoeuu.
1068 3961 1236 4032 episcopatu
1259 3963 1433 4032 pertinentia
1454 3962 1581 4031 sublecta
1603 3967 1682 4032 sunt,
1707 3965 1737 4016 et
1759 3958 1891 4017 ecclesias

372 4066 571 4133 Fragmentum.
587 4093 624 4104 -
637 4062 730 4133 (Anno
752 4060 828 4135 ssi)
1069 4049 1254 4120 baptismales
1263 4053 1296 4108 N.
1308 4065 1370 4122 quas
1383 4050 1466 4121 prius
1474 4050 1653 4121 episcopatui
1666 4061 1786 4105 annexae
1799 4047 1892 4117 subju·

1070 4143 1142 4210 gutae
1164 4144 1255 4211 eraut,
1279 4140 1418 4211 quaejam
1441 4152 1497 4196 uou
1516 4137 1706 4210 requirimus,
1724 4139 1773 4195 sed
1795 4137 1889 4194 saltem

320 1374 355 1418 ab
369 1375 512 1419 summouit
528 1373 677 1418 teisooeult
694 1373 874 1418 nebolensem.

355 2350 394 2393 nb
415 2348 626 2392 sueonostuii
651 2346 844 2391 uetscoeuit.

227 2686 306 2753 Quod
323 2687 395 2742 nulli
410 2687 490 2742 liccat
506 2686 576 2742 duos
595 2687 693 2742 hebere
712 2686 849 2756 legitimos
867 2697 966 2738 umores

275 4179 367 4263 [Apud
379 4189 500 4259 mnem’
514 4189 620 4243 Dema
634 4194 712 4258 Μ
725 4201 755 4260 ¹³
771 4200 833 4258 ⁰³¹³·
851 4183 924 4262 ⁴⁸6]
1070 4227 1196 4283 decimas
1209 4232 1319 4285 tautrun
1329 4227 1425 4285 debite
1440 4228 1614 4299 pertinentes
1625 4226 1660 4283 ad
1673 4240 1727 4283 nos
1739 4226 1821 4284 reddi
1833 4238 1890 4298 qua

221 4311 402 4373 Ssuueuunus
429 4311 688 4387 (lvb)tsuss1rr0
717 4313 851 4384 episcopo
884 4314 1017 4372 Cenoma·
1070 4316 1171 4373 ablatae
1184 4321 1261 4387 sunt,
1276 4317 1448 4389 flagitamus.
1465 4318 1528 4374 lime
1540 4315 1666 4372 veridica
1678 4315 1756 4373 ratio
1769 4319 1823 4371 est.

192 4404 286 4463 mensi.
1027 4414 1056 4476 ι)
1105 4405 1303 4473 cumdudum,
1316 4405 1444 4476 inquam,
1459 4403 1809 4478 magnusetadmirabilis
1819 4403 1890 4475 prin

222 4496 303 4552 Lecta
321 4491 639 4564 epistolaasanctitate
651 4495 701 4547 tua
715 4490 800 4548 nobis
812 4491 933 4563 directa,
949 4507 1013 4563 que
1068 4507 1135 4565 ceps
1157 4493 1276 4550 Carolus
1296 4494 1348 4566 qui
1371 4499 1480 4566 gentem
1506 4493 1675 4551 Saxonicum
1701 4506 1755 4563 per
1777 4499 1889 4550 strenua

188 4582 262 4638 banc
285 4580 431 4653 feminam,
461 4580 577 4637 nominc
605 4578 817 4653 Hildegardum,
846 4580 923 4639 tilios
944 4596 1012 4639 suos
1067 4582 1207 4639 bellorum
1228 4583 1395 4653 certamina,
1410 4585 1467 4640 Deo
1486 4581 1727 4652 adminiculautc,
1750 4581 1788 4638 ad
1813 4580 1889 4637 tidem

186 4668 368 4727 interfecisse
384 4674 413 4726 et
432 4672 595 4739 septennem
616 4668 814 4738 penitentiam
829 4669 923 4742 egisse
937 4667 1014 4726 fate-
1066 4669 1296 4727 Christianitatis
1306 4672 1487 4743 converterit,
1499 4670 1647 4742 synodalis
1660 4676 1750 4742 atque
1761 4665 1891 4727 rauouici

186 4755 282 4820 batur,
305 4756 386 4812 vaide
403 4754 561 4812 doluimus.
584 4754 664 4812 Unde
684 4756 752 4827 quia
774 4757 915 4814 mandasti
929 4757 1013 4814 utvi·
1064 4759 1283 4829 jurisconsultis
1293 4759 1424 4832 singulos
1433 4760 1561 4830 ejusdem
1571 4758 1731 4830 provincias
1740 4759 1894 4830 episcopa·

186 4856 266 4901 scere
278 4844 395 4914 pietatis
409 4844 436 4900 ei
452 4842 652 4916 preberemus,
668 4844 801 4903 volumus
811 4850 839 4902 et
851 4846 1013 4903 misericor·
1067 4847 1342 4905 tusexdecimarum
1354 4848 1511 4920 stipendiis
1522 4846 1736 4917 constituisset,
1746 4847 1818 4919 quia
1828 4847 1894 4904 aliis

185 4931 264 4988 diter
290 4933 467 5001 mandamus,
499 4937 531 4990 ut
552 4933 644 4990 sacris
676 4931 893 5006 festivitatibus,
916 4934 944 4991 id
968 4940 1011 4992 est
1067 4936 1109 4993 ibi
1126 4940 1253 5006 pastores
1262 4941 1291 4993 et
1301 4936 1429 5009 episcopi
1439 4937 1571 4995 donariis
1584 4936 1723 4992 carebant
1736 4936 1815 4994 unde
1831 4950 1895 5008 pau·

187 5020 346 5077 reverendae
364 5021 541 5092 Natiuitatis,
554 5026 583 5078 ct
597 5022 690 5079 sancti
702 5022 827 5095 Pascha,
844 5029 931 5094 atque
945 5025 1013 5081 Pen·
1067 5023 1148 5080 latim
1159 5025 1288 5082 roborari
1307 5025 1513 5082 christianitas
1525 5025 1676 5098 potuisset,
1692 5030 1733 5097 et,
1748 5028 1815 5096 post
1833 5026 1894 5096 ejus

187 5112 320 5177 tecostcs‚
340 5114 368 5164 et
382 5108 493 5165 Natalis
513 5109 713 5180 Apostolorum
734 5124 846 5167 sacrum
867 5126 972 5182 corpus
983 5115 1013 5167 et
1066 5127 1223 5184 excessum,
1238 5113 1316 5171 filius
1331 5114 1393 5183 ejus
1406 5114 1486 5171 boue
1500 5114 1644 5170 memoriae
1664 5113 1833 5172 ludovicus
1844 5113 1892 5170 diu

186 5196 356 5268 sanguinem
364 5197 478 5252 Domini
489 5197 580 5254 nostri
590 5199 655 5254 lesu
664 5198 771 5254 Cbristi
780 5198 1010 5269 sumeredebeat,
1068 5202 1312 5259 sanctaeEcclesiae
1323 5207 1493 5276 propagator
1506 5203 1656 5276 viguisset,
1668 5202 1781 5259 accidit
1792 5209 1825 5260 ut
1837 5208 1891 5258 tres

184 5284 1011 5346 ctdiebusvitasuaeinmonasterioretrusamonacbicam
1068 5291 1123 5348 dlii
1139 5293 1212 5361 ejus,
1230 5292 1354 5364 maligno
1376 5291 1422 5348 usi
1442 5292 1576 5363 consilio,
1596 5304 1663 5348 eum
1685 5292 1717 5348 in
1732 5291 1887 5349 custodiam

186 5374 275 5432 vitam
296 5373 467 5447 regulariter
483 5375 579 5430 ducat.
1067 5381 1222 5454 mitterent,
1234 5381 1282 5439 cui
1295 5380 1418 5438 consilio
1429 5394 1485 5439 una
1495 5381 1710 5451 conspiratione
1721 5390 1885 5439 consensum

222 5496 327 5556 2111ud
347 5499 495 5555 stilianum
509 5498 595 5555 datur
609 5512 642 5555 ex
655 5500 718 5557 cod.
739 5501 841 5572 vatic,
859 5507 934 5574 apud
947 5507 1013 5565 Cor·
1101 5504 1116 5548 b
1141 5507 1194 5563 Pro
1219 5506 1354 5577 Stcpbuno
1382 5506 1434 5570 lV,
1463 5503 1614 5578 legendum
1633 5505 1765 5564 arbitror
1783 5503 1885 5575 Stepto

188 5576 313 5629 rectores
331 5571 483 5628 Romanos.
504 5568 571 5643 Cap.
594 5571 729 5642 uunquid
742 5573 776 5629 dc
797 5573 888 5649 dens,
903 5577 972 5635 dist.
985 5576 1013 5638 5.
1066 5591 1119 5634 nus
1135 5578 1182 5634 Vi.
1196 5577 1288 5634 tures.
