3876 6090
36 237 89 296 169
426 226 699 289 ΙΝΤΕΒΡΒΕΤΑΤΙΟ
716 220 839 280 simoni
857 219 918 274 vlit
936 219 1139 279 GENnithtis.
1154 254 1190 265 —
1207 225 1273 282 hcl
1274 229 1309 285 10
1327 231 1363 285 X.
1690 234 1743 300 {70

37 367 152 420 aeratus
165 365 262 434 punis,
279 365 331 432 qui
346 379 400 416 non
414 366 578 430 reversatur,
594 363 619 413 ct
630 352 864 412 manducaverunt
874 341 906 403 A
920 379 969 421 seu
990 366 1079 423 laicos
1092 369 1366 429 anathematizamus
1386 389 1564 449 quousquen
1584 395 1635 437 saa
1651 385 1741 441 sedu-

35 455 119 508 alieni
139 452 334 520 tortitudinem
351 452 418 520 rjus.
439 452 500 520 ipse
524 453 614 503 autem
632 461 687 499 uon
705 442 824 509 autimi»
840 439 865 491 ⁸²
919 454 1014 511 ctione
1028 461 1113 526 atque
1128 459 1238 516 malitia
1253 468 1462 520 convertantur.

37 543 98 596 card
112 543 295 609 effloruerunt
310 544 345 602 et,
365 544 391 593 ct
404 540 461 608 ipse
475 553 529 592 aaa
548 535 680 603 cognouit,
697 536 722 585 rt
733 528 867 584 bumilia—
982 598 986 609 Ι

38 630 111 685 bitur
120 629 230 698 injuria
241 629 330 685 israel
342 630 372 682 in
386 629 483 696 sacam
498 626 595 695 ipsius,
608 626 633 676 et
643 623 672 674 in
687 618 810 674 omnibus
824 617 865 670 gis
921 597 1041 653 Basilius
1053 601 1195 669 piissimus
1213 608 1238 657 ct
1251 604 1352 660 Christi
1372 611 1575 694 rtmrtntisst'mus
1598 616 1744 685 imperator

37 735 91 774 aon
105 723 145 773 est
161 733 308 773 wnuersus
322 717 361 771 ad
374 717 518 771 Domirmm
535 717 620 769 iteum
634 726 721 765 suum.
736 707 868 776 Ephraim
1123 673 1161 726 “d
1172 678 1293 729 mmm
1305 680 1439 745 ΨΜ
1452 681 1541 737 ‘ime‘

39 807 173 871 mtumbd
188 824 207 861 a
220 822 316 861 mensa
329 807 475 875 Eppptum
488 802 641 863 invocabat,
656 804 682 854 ct
695 800 724 852 in
739 795 868 862 Assyrios
957 793 1039 849 Dicat
1052 808 1127 850 nunc
1146 803 1242 854 sancta
1256 803 1285 854 et
1300 802 1471 862 universalis
1485 811 1619 882 synodus,
1640 815 1665 870 si
1681 830 1747 873 om-

39 897 115 951 ibat:
135 911 199 950 ecca
220 894 338 965 protecti
357 894 472 960 pterim,
493 893 637 946 immittam
656 901 738 956 super
756 898 800 938 eos
814 885 869 936 rctc
925 879 1011 937 nibus
1032 884 1223 942 sanctissimis
1245 888 1388 960 episcopis
1409 898 1650 959 concordantibus
1661 909 1749 977 atqua

38 999 134 1046 maan,
162 985 236 1038 sicut
251 980 458 1043 uolatiltocali,
478 984 503 1035 ct
522 978 659 1034 attraham
680 981 705 1030 et
725 971 870 1041 corripiam
924 972 1171 1030 consentientibus
1192 989 1315 1045 praesens
1338 983 1479 1039 terminus
1493 987 1534 1041 sit
1551 988 1746 1064 depromptus.

40 1091 81 1130 aas
91 1076 123 1128 in
141 1072 317 1127 auditionem
332 1068 517 1125 tribulationis
536 1083 627 1122 aarum
639 1063 713 1137 (Osa.
740 1061 798 1133 vnn)
814 1077 820 1114 :
839 1059 870 1115 in
924 1059 1042 1128 Oportet
1053 1062 1130 1118 enim
1140 1064 1238 1120 divina
1249 1081 1369 1138 quaeque
1383 1083 1447 1127 cnm
1460 1075 1658 1137 universorum
1673 1097 1747 1140 con-

42 1173 206 1233 supremam
232 1159 338 1231 quippe
368 1156 559 1229 arrogantiam
587 1153 679 1211 elatus
705 1158 749 1209 est
771 1152 870 1207 contra
926 1161 1011 1206 sensu
1026 1156 1054 1205 ct
1074 1154 1260 1209 consonantia
1281 1155 1311 1210 in
1334 1159 1538 1220 ecciesiasticis
1557 1169 1706 1236 predicari
1721 1178 1750 1230 et

43 1249 245 1311 beatissimum
264 1259 363 1317 papam
378 1245 528 1302 Nicolaum
543 1242 668 1300 senioris
687 1242 791 1310 Romae,
808 1251 873 1294 ma·
926 1238 1088 1295 coniirmari
1115 1240 1254 1313 collegiis.
1275 1244 1376 1303 &ncta
1407 1252 1533 1320 synodus
1556 1257 1747 1317 exclamarit:

46 1341 112 1399 litiae
127 1351 191 1395 snae
207 1348 346 1392 venenum
356 1333 495 1391 evomuit:
511 1338 540 1389 et
552 1330 770 1389 iaisosvicarios
783 1328 872 1384 trium
926 1325 1031 1383 Omnes
1046 1328 1086 1384 ita
1101 1330 1246 1400 mpimust
1257 1333 1361 1391 Omnes
1375 1336 1413 1392 ita
1427 1341 1631 1408 predicamus!
1645 1347 1749 1407 Omnes

47 1430 125 1503 quasi
139 1424 338 1484 Orientalium
351 1425 462 1481 sodium
473 1435 658 1496 congregans,
673 1425 703 1476 et
717 1417 873 1476 concilium
928 1416 1111 1473 concinentes
1119 1422 1147 1474 et
1160 1422 1370 1480 consentientes
1383 1433 1510 1499 prompte
1520 1432 1747 1495 subscribimus!

48 1515 191 1589 synodale,
212 1517 245 1569 ut
255 1512 419 1584 putabatur,
430 1512 618 1580 constituens,
634 1512 662 1565 et
676 1510 875 1563 accusatorum
930 1505 986 1560 lioc
997 1510 1041 1560 est
1056 1507 1186 1565 veritatis
1205 1509 1349 1578 judicium
1364 1514 1370 1568 l
1385 1515 1442 1572 iioc
1453 1523 1497 1573 est
1505 1520 1633 1590 justiciae
1648 1525 1752 1584 decre-

48 1603 210 1663 acmstium
229 1614 403 1671 componens
416 1601 542 1669 nomina,
557 1605 586 1655 et
598 1608 733 1669 personas
747 1607 779 1649 ac
791 1591 876 1648 rerba
931 1595 1008 1649 tumi
1024 1596 1086 1652 llaec
1096 1603 1140 1653 est
1153 1611 1293 1654 cananum
1304 1604 1446 1672 expositio
1462 1606 1543 1664 illaec
1557 1616 1600 1667 est
1613 1616 1753 1674 ecciesia-

51 1694 186 1762 lormans,
196 1683 876 1765 qnaesinguiiscorumquasiaptarividerentur,
891 1662 918 1723 Β
931 1682 1010 1738 stica
1029 1685 1222 1742 ordinationis
1235 1687 1381 1746 delensioi
1403 1694 1478 1750 lianc
1494 1701 1632 1768 synodum
1647 1706 1754 1764 zelator

51 1787 97 1858 qui
119 1786 151 1842 in
173 1783 311 1856 synodica
329 1779 508 1852 iudicatione
528 1775 724 1843 inveniuntur,
744 1778 772 1828 et
793 1766 889 1841 quasi.
930 1771 1006 1826 Deus
1035 1774 1238 1845 congregavit!
1261 1777 1464 1839 Sanctissimos
1487 1785 1611 1848 vicarios
1629 1795 1753 1853 senioris

54 1878 236 1931 monumenta
267 1871 370 1927 horum
400 1867 492 1924 libros
521 1863 669 1922 falsidicos
702 1862 820 1935 tingens,
849 1862 878 1914 et
931 1858 1025 1915 Romae
1054 1865 1082 1915 et
1113 1862 1236 1919 aliarum
1260 1866 1348 1922 trium
1382 1872 1618 1939 patriarchalium
1642 1883 1754 1940 sedium

54 1962 191 2032 scribens,
203 1966 290 2031 atquc
304 1970 485 2028 componens,
495 1950 734 2010 anathematizare
744 1960 878 2019 presunt·
933 1946 1256 2008 ultionumliominusin
1268 1954 1393 2025 idipsum
1404 1965 1756 2029 convocavitiPiissimum

55 2053 109 2123 psit
129 2050 304 2122 pradictum
327 2045 525 2103 beatissimum
550 2055 650 2113 papam
675 2037 836 2107 Nicolaum,
851 2040 879 2090 et
927 2034 1132 2105 'imperatorem
1156 2045 1295 2114 nostrum,
1320 2050 1348 2099 et
1370 2046 1514 2106 divinitus
1539 2055 1754 2124 gubernandum

56 2154 149 2199 omues
171 2137 431 2195 communicatores
451 2134 533 2203 ejus,
559 2132 597 2187 ita
618 2138 649 2186 nt
669 2143 704 2185 ex
721 2127 773 2183 hoc
792 2125 878 2181 etiam
933 2123 1080 2180 dominum
1091 2127 1167 2182 Deus
1180 2128 1372 2189 direxitiNos
1387 2133 1445 2191 haec
1460 2140 1759 2216 synodicaiigamenta

55 2228 205 2287 universos
215 2225 266 2297 qui
278 2223 332 2280 suh
341 2223 412 2280 caelo
426 2225 507 2278 erant
518 2213 879 2291 pontihccsetsacerdoteS,
935 2219 963 2268 et
972 2215 1128 2283 apostolica
1137 2217 1200 2272 sine
1215 2219 1274 2275 ulia
1285 2224 1468 2280 evacuatione
1482 2228 1679 2288 custodimus!
1695 2237 1756 2292 Non

57 2319 148 2375 idest
182 2320 211 2372 et
235 2319 351 2370 ceteras
377 2310 583 2382 patriarchales
606 2307 696 2376 sedes,
720 2310 749 2361 ot
770 2314 881 2360 omnem
934 2303 991 2371 jam
1008 2304 1101 2361 iocum
1118 2304 1234 2363 habebit
1247 2311 1377 2379 tyrannis
1391 2327 1489 2370 eornm
1498 2318 1547 2387 qui
1563 2319 1695 2379 Ecclesia
1711 2324 1761 2380 in-

57 2420 168 2464 sacrum
190 2401 353 2474 catalogum
373 2399 423 2470 qui
446 2398 500 2455 suh
525 2395 698 2468 ipsisdegit,
716 2390 881 2450 subendam
934 2391 1041 2460 jurium
1055 2392 1194 2450 inierunt!
1211 2398 1272 2453 Non
1284 2398 1343 2468 jam
1359 2400 1461 2457 timore
1477 2409 1651 2473 potentatum
1668 2414 1762 2468 tenen·

57 2493 309 2566 comprehenderet
338 2489 525 2546 anathemate.
559 2488 647 2542 Erant
677 2483 754 2539 enim
786 2491 883 2536 omncs
938 2480 1011 2536 tium
1027 2483 1126 2538 mundi
1137 2483 1276 2542 violenter
1289 2493 1317 2542 et
1331 2495 1427 2545 coacte
1441 2491 1475 2547 ad
1489 2492 1592 2550 illicita
1608 2495 1760 2554 labemur!

58 2583 219 2640 senissimo
251 2577 506 2637 communicatores
537 2572 646 2645 praelati
672 2569 827 2642 pontilicis,
854 2566 884 2620 ih
939 2570 1156 2627 iiaecsanctaet
1180 2573 1351 2632 universalis
1372 2579 1764 2650 synodussinescandaiode

60 2670 244 2742 quibuscum
259 2672 289 2725 et
306 2667 436 2739 quicum
456 2665 518 2736 ipso
535 2666 603 2719 sunt
618 2660 802 2732 propheticus
821 2668 886 2711 scr-
939 2663 1040 2716 caetero
1061 2660 1239 2718 conservabit
1258 2663 1412 2721 Ecclesiam
1430 2670 1614 2741 pergratiam
1629 2675 1764 2745 omnipo-

61 2773 103 2816 mo
135 2759 315 2829 redarguens
335 2761 363 2811 et
387 2753 549 2817 diiiamans,
576 2751 615 2806 ita
630 2749 721 2805 dicit:
744 2744 887 2814 itultipla'-
941 2748 1029 2804 tentis
1041 2747 1093 2802 Dei
1110 2749 1274 2807 nostrilesu
1286 2752 1409 2809 Christi!
1426 2757 1531 2813 hiultos
1545 2772 1635 2816 annos
1647 2761 1766 2832 impera-

60 2853 199 2910 camnt,
224 2851 257 2900 ut
274 2846 356 2915 impie
374 2845 535 2912 agerentct
552 2836 888 2908 irremuneratam
941 2841 1036 2894 torum
1049 2836 1356 2912 Basiliiconstantini,
1372 2855 1405 2897 ac
1420 2845 1650 2916 Leonis3muitos
1660 2851 1763 2907 annosi

61 2939 257 2994 immurmurat
280 2933 473 3001 contessionem
494 2928 556 3000 (isa.
574 2926 641 2998 arx).
662 2927 697 2981 Et
716 2939 835 2981 rursus:
852 2925 888 2978 Et
943 2926 1043 2981 Basilii
1058 2926 1209 2982 orthodoxi
1224 2927 1405 2998 imperatoris
1421 2935 1527 2990 multos
1541 2937 1645 2992 annosi
1656 2938 1769 2996 rimato

63 3027 187 3083 manti
204 3027 270 3079 sunt
289 3025 320 3076 in
341 3021 419 3076 corde
440 3035 489 3074 suo
505 3032 638 3073 sumana
650 3015 777 3084 injustos,
800 3019 825 3068 ct
834 2993 928 3082 po-C
946 3027 1004 3070 rem
1026 3014 1164 3083 veritatis,
1185 3016 1314 3086 Domine,
1336 3021 1491 3076 conservat
1514 3023 1715 3082 honoratorem
1736 3043 1769 3086 ac

64 3119 176 3172 aarum
195 3116 345 3167 retrorsum
353 3109 503 3179 judicium,
519 3111 545 3161 et
552 3106 667 3176 justitia
688 3104 764 3170 haue
783 3102 891 3156 recessit
945 3104 1090 3161 custodem
1114 3105 1219 3161 divinae
1235 3107 1366 3178 iustitiae,
1392 3109 1520 3182 Domine,
1546 3114 1645 3168 munii
1662 3116 1769 3174 Basilio

65 3205 172 3260 ahda.-
189 3201 257 3271 quia
277 3202 436 3267 consumpta
450 3204 489 3254 est
506 3198 537 3249 in
553 3196 604 3251 uiis
624 3193 828 3249 commonitos
844 3207 852 3242 :
866 3195 893 3247 et
947 3206 1018 3249 novo
1040 3193 1225 3250 Constantino
1246 3199 1349 3250 aeterna
1378 3199 1536 3254 memorial
1572 3203 1648 3258 Novo
1676 3205 1771 3261 Theo-

63 3293 286 3366 peroiasrcctas
300 3287 653 3358 nonpotuerunttransire,
667 3287 692 3337 ct
706 3284 806 3337 ueritas
823 3281 893 3334 sub-
946 3283 1016 3338 doro
1052 3289 1155 3339 aterna
1193 3284 1349 3339 memorial
1384 3287 1460 3341 Novo
1492 3289 1635 3346 biarciano
1666 3298 1770 3349 aeterna

68 3384 123 3437 luta
138 3384 203 3435 est:
224 3382 250 3432 et
268 3377 410 3432 transtulit
429 3381 544 3431 mentem
557 3389 645 3437 suam,
660 3377 692 3427 ut
711 3386 765 3425 non
784 3369 891 3423 intcttt-
947 3371 1105 3428 memorial
1126 3371 1202 3427 Novo
1225 3372 1388 3427 iustiniano
1412 3378 1515 3430 aeterna
1531 3379 1666 3434 memoria
1692 3381 1772 3436 liiu-

67 3473 146 3538 ραι.
162 3468 201 3522 Et
215 3467 264 3536 aui
282 3465 401 3519 declinat
420 3481 438 3518 a
460 3462 542 3526 malo,
567 3464 763 3531 impugnatur:
783 3461 808 3512 et
821 3457 891 3511 uidit
946 3459 1039 3518 dotia
1058 3459 1196 3530 piissimae
1216 3456 1351 3529 hugusttc
1375 3457 1481 3516 multos
1503 3463 1612 3518 annosi
1634 3467 1771 3523 Eudoxias

66 3559 209 3618 boninus,
234 3561 259 3610 ct
277 3570 332 3609 non
352 3554 459 3625 placuit
480 3555 514 3615 ei,
543 3553 591 3622 qui
609 3565 663 3604 non
682 3553 741 3604 erat
755 3547 895 3618 judicium
951 3564 1027 3607 novae
1040 3547 1139 3605 iudith
1155 3552 1259 3603 aeterna
1275 3548 1410 3604 memoria
1428 3549 1433 3602 i
1450 3551 1655 3609 Novmlleienae
1665 3560 1769 3611 aeterna

67 3647 169 3718 (loidi.
188 3645 224 3700 Et
243 3658 345 3700 rursus
361 3660 367 3696 :
382 3644 444 3698 llaec
458 3643 525 3696 dicit
538 3642 668 3696 Dominus
681 3657 690 3692 s
702 3637 790 3706 Super
809 3636 896 3690 trihus
952 3639 1087 3695 memoria
1100 3637 1106 3690 i
1129 3639 1212 3692 Novae
1226 3636 1384 3692 Pulcheriae
1397 3641 1502 3694 aeterna
1522 3642 1656 3697 memoria
1674 3643 1680 3696 i
1696 3645 1772 3700 Deus

68 3735 254 3807 mutaticum
280 3732 364 3795 luda,
388 3736 414 3786 ct
431 3746 512 3802 super
536 3734 654 3800 quatuor
674 3742 728 3781 non
746 3729 898 3780 conantum
953 3731 1099 3784 conservet
1120 3725 1272 3796 imperium
1295 3726 1437 3782 vestrum!
1460 3741 1508 3796 per
1529 3742 1579 3784 nos
1603 3731 1775 3789 universalis

70 3841 138 3888 omn,
151 3839 206 3896 pra
223 3837 253 3877 co
270 3821 345 3892 quod
361 3821 520 3890 repulerunt
535 3819 617 3886 legem
632 3817 750 3877 Domini,
763 3819 788 3869 et
798 3829 897 3884 prece·
950 3816 1076 3873 Ecclesia
1089 3828 1184 3885 pacem
1198 3814 1338 3870 obtinuiti
1349 3815 1496 3885 Principes
1507 3817 1585 3886 pacis
1595 3819 1669 3874 Deus
1680 3821 1775 3890 pacili-

70 3919 115 3985 pta
128 3913 192 3982 eiua
205 3927 263 3966 aaa
275 3910 461 3965 eustodimuut
476 3905 567 3972 (datos
582 3907 622 3980 11).
638 3908 719 3962 llunc
733 3904 829 3974 itaque
843 3902 894 3973 qui
951 3912 995 3962 cet
1006 3904 1157 3974 imperium
1165 3903 1440 3960 restrumtcoeiestis
1450 3919 1498 3960 rex
1508 3910 1656 3964 terrestres
1664 3922 1776 3966 conser-

73 4004 112 4059 sic
127 3999 284 4069 adecmdt,
304 4001 333 4054 et
347 3996 455 4053 talibus
468 4009 500 4052 ac
514 3999 557 4052 tot
571 3994 721 4051 conatibus
736 3997 764 4048 el
777 3990 898 4047 temeri·
953 3994 1011 4050 ret!
1026 3994 1126 4050 Photio
1138 3993 1262 4049 invasori
1274 3997 1301 4047 et
1311 3993 1777 4066 adulteroConstantinopolitano

74 4090 183 4148 latibus
193 4086 323 4145 turbavit
337 4090 365 4142 et
374 4085 521 4142 concussit
533 4089 620 4140 totam
631 4087 757 4139 sanctam
771 4080 900 4136 cathoii-
957 4098 1021 4140 rum
1045 4083 1177 4139 Ecclesia
1197 4080 1367 4137 anathemat
1399 4082 1536 4154 Gregorio
1566 4084 1720 4159 Syracusa,
1750 4093 1780 4145 et

75 4193 131 4236 ram
152 4183 184 4234 et
206 4174 394 4247 apostolicam
412 4173 578 4245 Ecclesiam,
594 4175 622 4229 et
641 4171 807 4241 nuliatenus
828 4183 902 4226 con·
954 4172 1107 4242 Eusampio
1127 4170 1252 4240 Apamiae
1275 4169 1423 4242 depositis,
1440 4175 1469 4226 et
1491 4172 1622 4228 veritatis
1640 4176 1779 4244 apostatis
1864 4208 1865 4217 κ

75 4268 140 4323 terti
165 4279 202 4322 ac
231 4263 370 4335 poeuitere
391 4262 493 4334 voluit,
518 4276 609 4334 neque
631 4260 716 4318 subdi
737 4261 851 4316 decreto
871 4262 899 4314 et
955 4266 983 4317 et
996 4261 1136 4330 hostibus,
1152 4259 1672 4330 anathemailiepuieruntdivinarum
1686 4264 1780 4334 justi-

75 4355 185 4424 judicio
197 4358 363 4410 mncmrum
373 4351 609 4423 patriarchalium
620 4350 731 4407 sodium
744 4347 899 4414 consensit,
913 4333 942 4395 D
957 4349 1500 4422 ticationumagnitioncm,repulitiiios
1509 4350 1661 4407 Dominusl
1673 4352 1780 4409 Adria-

77 4449 106 4498 ιιι
117 4457 186 4501 eum
200 4446 230 4498 et
245 4441 368 4497 muitum
379 4446 444 4497 anm
454 4439 703 4497 anathematizavit
717 4437 902 4494 beatissimus
957 4442 987 4499 ni
1002 4439 1161 4497 beatissimi
1174 4452 1251 4509 papae
1265 4437 1384 4493 iiamani
1400 4443 1427 4493 et
1440 4443 1544 4494 sanctas
1558 4453 1591 4495 ac
1606 4441 1780 4499 universalis

78 4546 145 4603 papa
153 4531 305 4600 Nicotaus,
316 4543 349 4585 ac
357 4529 461 4587 deinde
471 4544 618 4587 successor
626 4530 689 4600 ejus
699 4527 900 4585 sanctissimus
958 4529 1058 4602 synodi
1074 4528 1201 4599 septimae
1217 4528 1317 4584 Nicaae
1332 4529 1456 4584 secundo
1471 4526 1618 4584 celebratae
1633 4530 1780 4586 constitu-

77 4621 221 4678 idrianus
250 4631 331 4689 papa,
358 4618 399 4674 ila
415 4625 444 4675 et
465 4623 564 4675 sancta
589 4619 648 4675 haec
676 4624 703 4674 et
729 4614 902 4674 universalis
958 4618 1030 4675 toris
1044 4622 1148 4673 aeterna
1164 4616 1312 4672 memorial
1329 4616 1780 4688 Germani,Tarasii,Nicephori,

79 4709 203 4780 uuodus
231 4706 405 4778 reprobavit,
427 4712 455 4763 et
474 4707 623 4764 anathema
648 4706 739 4779 magis
761 4718 794 4760 ac
814 4702 905 4775 magis
958 4713 986 4762 et
1020 4706 1156 4762 hiethodii
1188 4704 1394 4762 venerabiiium
1425 4705 1652 4775 patriarcharum
1675 4713 1782 4764 aterna

80 4797 234 4868 mandant,
259 4796 360 4852 dicens
382 4797 416 4852 ad
442 4811 507 4854 eum
528 4811 562 4854 ex
589 4809 708 4868 persona
735 4797 904 4851 cunctorum
959 4795 1103 4851 momoria.
1129 4794 1239 4851 Nicoiai
1260 4794 1419 4850 beatissimi
1443 4808 1521 4865 papae
1545 4796 1668 4852 senioris
1687 4797 1783 4854 Roma

79 4887 124 4944 liei
155 4900 209 4959 per
244 4885 327 4942 isaia
356 4886 499 4957 propheta
526 4901 645 4944 vocem:
677 4884 812 4953 Quomodo
839 4897 904 4936 oce
958 4889 1061 4939 aeterna
1094 4897 1166 4938 mem
1187 4883 1253 4938 rial
1276 4883 1646 4955 Propugnatorisveritaiis
1678 4892 1782 4942 aeterna

80 4976 219 5031 imaum
246 4975 277 5028 in
296 4976 430 5042 sanuuine
453 4976 656 5045 coinquinatum
680 4990 735 5028 non
756 4975 807 5027 erit
827 4986 903 5025 mua·
958 4973 1111 5031 memorial
1131 4971 1251 5029 Adriani
1269 4971 1428 5026 beatissimi
1446 4986 1523 5042 papae
1541 4973 1660 5029 Romani
1678 4975 1784 5030 multas

82 5061 140 5118 lun
161 5062 230 5133 (isa.
251 5062 303 5135 tx),
325 5062 366 5118 ita
386 5075 437 5118 nec
451 5068 483 5119 tu
497 5063 556 5120 eris
570 5063 705 5131 mundus,
721 5060 789 5132 quia
804 5057 905 5114 Eccle-
957 5077 1048 5120 annos
1064 5063 1070 5117 i
1085 5062 1188 5134 Ignatii
1209 5060 1384 5118 sanctissimi
1397 5061 1567 5129 patriarcha
1578 5062 1785 5118 Constantino-

83 5150 148 5207 siam
159 5149 274 5207 Christi
289 5150 471 5223 adulterasti,
485 5155 514 5207 et
533 5151 668 5222 populum
678 5149 793 5206 Domini
805 5145 905 5202 mullis
960 5152 1055 5224 poleos
1070 5151 1175 5207 multos
1185 5149 1290 5206 annosi
1305 5150 1457 5206 Theodosii
1467 5150 1643 5206 sanctissimi
1657 5151 1784 5219 patriar-

86 5240 212 5308 partibus
223 5244 254 5295 et
268 5239 370 5296 multis
381 5240 474 5296 modis
487 5240 688 5297 scandalizasti
707 5245 736 5295 et
752 5235 904 5309 perdidisti
960 5241 1019 5297 cha
1031 5240 1290 5311 Hierosolymorum
1307 5239 1412 5295 multos
1423 5252 1514 5294 annos
1531 5238 1536 5293 l
1554 5239 1703 5294 hiichaeils
1716 5252 1787 5294 san-

86 5333 237 5386 sosautem
261 5328 313 5399 qui
338 5329 426 5385 aesia
442 5342 498 5385 non
513 5329 627 5397 hahent,
645 5328 693 5384 scd
714 5328 759 5385 ilii
782 5326 907 5382 latentes
961 5330 1084 5386 ctissimi
1100 5329 1268 5400 patriarchae
1279 5327 1459 5384 Alexandriae
1474 5327 1579 5383 multos
1593 5326 1696 5383 annosi
1713 5327 1788 5382 San-

89 5416 237 5490 adimrent,
248 5418 274 5474 si
285 5415 404 5488 quidem
414 5417 541 5489 episcopi
552 5415 594 5473 vel
605 5417 704 5473 clerici
715 5422 792 5487 sunt,
806 5415 835 5471 iu
848 5428 909 5486 per·
962 5413 1159 5474 ctissimor'um
1174 5418 1346 5474 vicariorum
1362 5416 1485 5472 senioris
1505 5416 1599 5471 Romae
1617 5422 1644 5471 et
1662 5413 1785 5470 aliorum

92 5512 197 5575 osium
208 5506 362 5578 depositos
375 5506 435 5563 iore
445 5506 802 5578 precipimus3monachos
813 5513 909 5566 autem
962 5506 1199 5581 patriarchalium
1210 5505 1321 5563 sedium
1337 5502 1461 5561 multost
1477 5504 1623 5560 sanctaeet
1639 5512 1788 5571 magnaeo

223 5606 346 5664 Parnon.
367 5604 494 5662 cxxix.
1631 5598 1650 5655 6
