3876 6090
180 254 234 319 259
577 266 584 277 '
793 252 972 311 nnnsrnsn
997 251 1267 310 ulnlldtliltdliitll
1836 246 1891 308 260

179 389 292 447 bantem
306 388 469 460 suscepisti,
485 392 514 445 et
532 386 642 444 salvum
657 400 699 443 me
719 384 828 442 iaciens
839 384 968 457 erexisti,
981 387 1009 440 et
1018 382 1049 452 Α
1064 385 1155 457 gratia
1174 384 1332 457 pacificatis
1345 383 1489 455 ecclesiis,
1503 381 1546 439 nel
1560 382 1666 454 populo
1683 380 1892 438 miserabiliter

182 492 267 552 super
288 484 395 548 petram
421 477 586 548 apostolice
615 475 679 533 lidei
704 476 900 533 claudicantes
924 474 1009 545 pedes
1060 475 1131 546 jugo
1156 475 1305 530 servitutis
1328 471 1443 544 adlicto,
1460 476 1488 529 et
1513 470 1742 543 importabilium
1757 469 1891 528 illatione

182 581 259 624 meos
280 568 413 623 induisti.
437 571 500 623 llaee
512 572 540 623 et
556 566 602 621 his
614 566 796 621 concinentia
815 563 941 620 scribere
956 577 1008 619 nos
1063 563 1238 620 tributorum
1261 575 1406 634 oppresso.
1422 562 1459 618 ht
1480 561 1525 618 iili
1542 560 1601 617 haec
1615 560 1733 618 moleste
1755 556 1890 631 serentes,

182 655 310 714 lecerunt
321 656 465 714 divinitus
480 661 593 712 exarata
611 654 758 710 volumina
774 659 875 724 vestra,
890 666 952 725 quae
965 665 1008 708 ca-
1061 650 1205 723 dicebaut,
1220 652 1287 724 qnia
1308 653 1337 708 in
1352 652 1405 709 hoc
1417 651 1554 708 destinati
1568 663 1679 720 sumus,
1694 652 1727 705 ut
1742 648 1891 705 tradamus

180 746 284 803 uonica
306 746 375 801 moti
394 746 465 818 lege,
487 750 515 801 et
528 748 651 815 paternae
664 741 833 799 traditionis
849 739 1006 812 disciplina
1062 745 1174 797 nostras
1187 741 1217 796 in
1240 747 1358 798 mortem
1373 741 1485 797 animas
1498 753 1550 811 pro
1565 738 1702 808 Ecclesia,
1718 742 1747 793 et
1763 737 1894 808 proposi·

179 835 272 895 ducti.
301 835 348 891 his
371 838 420 906 qui
445 834 667 905 apostolicarum
691 832 802 888 sedium
828 830 1004 886 moderamen
1061 826 1895 899 tumsanetissimipatriarchaeacplissimorumimperato·

181 925 277 982 sortiti
300 928 379 995 sunt,
403 937 451 994 per
466 924 635 980 reverendas
646 926 674 977 et
687 921 772 977 a'beo
786 920 911 976 directas
924 919 1006 990 bigas
1062 932 1124 975 rum
1139 919 1327 989 perducamus
1338 920 1367 974 in
1381 918 1475 974 linem.
1491 917 1543 973 Sed
1559 917 1584 972 si
1601 917 1630 972 in
1643 922 1753 972 vestras
1768 921 1894 972 nutum·

180 1014 322 1070 misstis:
338 1015 388 1086 qui
403 1013 607 1084 pervenientes,
622 1017 650 1067 et
663 1011 772 1082 perilei
786 1009 960 1066 voluntatem
973 1019 1005 1062 ac
1062 1008 1144 1064 modo
1165 1008 1285 1080 animas,
1301 1007 1432 1063 diximus
1443 1007 1477 1063 ad
1495 1019 1554 1076 eos,
1568 1005 1772 1061 cohauriretur
1783 1003 1894 1074 pericu·

181 1109 282 1159 nutum
295 1108 476 1159 occurrentes
488 1102 538 1157 liei
554 1099 717 1157 cultoribus
738 1098 878 1155 iratribus
898 1101 1006 1154 nostris
1062 1097 1131 1167 lum,
1149 1096 1265 1153 haberet
1280 1096 1352 1154 lorte
1362 1110 1455 1154 sermo
1468 1100 1560 1152 vester
1571 1095 1699 1165 aliquam
1712 1093 1892 1150 firmitatem.

179 1191 252 1249 viris
269 1193 387 1259 sanctis,
397 1191 447 1262 qui
458 1191 599 1247 dederunt
608 1188 719 1245 animas
732 1202 799 1245 suas
812 1201 862 1257 pro
875 1185 1006 1242 ecciesia-
1059 1184 1096 1240 ht
1108 1199 1173 1242 vero
1186 1187 1363 1256 quiacontra
1373 1198 1524 1242 commune
1538 1198 1644 1254 corpus
1657 1182 1788 1253 procedit
1800 1182 1895 1239 Eccle

181 1295 244 1338 rum
268 1281 463 1350 correctione;
484 1284 513 1335 et
531 1278 670 1350 recogniti
691 1291 725 1334 ex
743 1277 831 1333 veteri
845 1280 1005 1347 etantiqua
1060 1274 1121 1344 siae,
1133 1275 1229 1345 qualis
1238 1275 1295 1331 erit
1306 1273 1544 1345 prolectustimo
1556 1273 1652 1343 qualis
1662 1285 1719 1328 non
1733 1271 1792 1328 erit
1800 1270 1891 1343 lesio,

179 1369 402 1439 conversatione,
419 1367 500 1425 valde
515 1367 605 1440 gavisi
628 1370 697 1424 sunt
711 1385 717 1423 :
731 1370 760 1422 et
780 1365 903 1420 maxime
921 1375 1006 1434 repe-
1060 1362 1214 1419 aediiicium
1235 1370 1402 1421 construere
1425 1376 1511 1434 super
1535 1361 1728 1432 putredinem,
1756 1366 1785 1416 et
1810 1360 1893 1416 tirmo

179 1458 286 1515 rientes
298 1458 397 1514 ambos
419 1458 449 1513 in
463 1470 520 1515 uno
533 1457 596 1514 loco
612 1456 756 1529 degentes,
769 1462 797 1511 et
813 1452 928 1511 modum
948 1454 1006 1508 Deo
1061 1451 1244 1509 fundamento
1265 1451 1433 1525 privatum?
1451 1458 1480 1507 et
1499 1450 1651 1523 quomodo,
1669 1449 1821 1521 inquiunt,
1849 1453 1892 1510 vei

180 1547 317 1618 placitum
333 1551 542 1618 persequentes.
567 1546 603 1602 iit
617 1559 678 1602 sese
690 1545 856 1613 revelantes,
871 1541 1007 1599 ostende-
1060 1554 1116 1613 qua
1129 1540 1203 1598 lucie
1215 1542 1250 1598 ad
1265 1542 1373 1614 eosqui
1390 1554 1443 1598 nos
1456 1541 1606 1611 miserunt,
1622 1539 1798 1610 redibimus,
1814 1537 1891 1594 nihil

179 1642 248 1693 runt
265 1635 309 1692 eis
321 1635 499 1693 orthodoxiae
510 1640 609 1691 vestra
621 1636 678 1691 beo
700 1634 833 1690 decentes
855 1636 884 1688 et
901 1631 1006 1702 dignos
1060 1643 1158 1687 eorum
1181 1645 1244 1702 quae
1265 1631 1422 1689 secundum
1437 1634 1534 1687 votum
1554 1643 1640 1687 suum
1655 1628 1822 1700 sperabant,
1835 1641 1893 1684 om·

178 1724 369 1781 admiratione
394 1724 519 1797 libellos,
548 1721 701 1780 relerentes
729 1735 779 1792 per
801 1721 931 1778 ordinem
948 1719 1005 1777 beo
1018 1718 1046 1784 Β
1060 1719 1131 1776 nino
1149 1717 1300 1777 terentes?
1318 1717 1359 1776 hd
1377 1720 1437 1776 hac
1451 1718 1619 1775 deiicientes
1634 1731 1697 1789 nos,
1709 1717 1893 1788 scientesque

180 1813 292 1884 placitae
304 1813 468 1870 sanctitatis
486 1818 585 1869 vestra
601 1811 715 1883 mentis,
728 1819 757 1867 et
772 1811 851 1883 pium
865 1814 1007 1870 beccon-
1060 1811 1116 1865 beo
1134 1809 1273 1866 amabiles
1294 1807 1397 1866 iratres
1422 1812 1548 1878 nostros,
1567 1808 1704 1865 loannem
1729 1805 1845 1863 scilicet
1864 1810 1893 1862 et

179 1908 356 1961 servatorum
382 1903 565 1959 dominorum
599 1905 762 1958 nostrorum
785 1900 952 1975 consitium,
977 1907 1007 1958 et
1059 1897 1221 1967 thomam,
1254 1897 1314 1954 reio
1345 1897 1446 1955 divino
1477 1895 1642 1954 orthodoxae
1671 1893 1738 1951 iidei
1766 1892 1891 1952 adorna·

178 1992 340 2047 communis
354 1992 483 2048 omnium
498 1990 603 2046 salutis
620 1989 869 2061 exspectationem,
886 1996 914 2046 et
928 1996 1005 2047 circa
1060 1990 1114 2059 tos,
1127 1992 1213 2058 atque
1226 1987 1349 2043 duorum
1362 1991 1526 2045 sanctorum
1541 1991 1570 2041 et
1586 1998 1754 2057 magnorum
1767 1984 1893 2055 patriar·

178 2079 266 2136 ὓοιιιιι
282 2081 345 2136 sine
357 2078 525 2136 contusione
538 2092 626 2148 spem.
640 2079 676 2133 nt
687 2077 732 2133 iili
746 2073 829 2148 quasi
841 2092 926 2135 unam
937 2082 1006 2136 ani·
1059 2075 1177 2132 charum
1202 2076 1353 2146 syncellos,
1378 2076 1450 2148 quin
1470 2078 1499 2131 et
1522 2074 1744 2132 sanctificandos
1775 2069 1879 2147 [sancti

179 2180 252 2223 mann
273 2181 302 2223 rn
320 2168 436 2225 dnobus
456 2167 630 2247 corporibus¹
652 2166 796 2238 habentes,
813 2173 841 2223 et
855 2182 943 2225 unum
957 2183 1006 2226 se-
1061 2162 1119 2239 dci]
1143 2165 1254 2221 silentii
1275 2170 1426 2237 amatores,
1450 2165 1581 2221 diximus
1595 2164 1630 2221 ad
1646 2177 1715 2220 eos:
1731 2164 1804 2220 Ecce
1826 2167 1893 2219 tem·

177 2258 304 2314 cundum
319 2258 480 2328 apostolum
491 2258 644 2327 sapientes.
654 2262 682 2311 et
694 2271 710 2312 a
720 2256 820 2314 divino
832 2259 934 2328 agitati
950 2260 1008 2329 spi·
1061 2269 1125 2325 pus.
1141 2253 1254 2326 iratres,
1275 2259 1422 2326 acceptum
1442 2254 1556 2325 salutis,
1570 2259 1598 2310 et
1612 2253 1730 2312 silentio
1744 2253 1889 2309 excelien-

179 2346 249 2416 ritu,
274 2351 383 2402 secreto
409 2346 517 2416 pariter
530 2353 558 2401 et
574 2345 767 2417 intelligenter
788 2343 891 2401 iratres
905 2354 1007 2403 conte-
1061 2344 1130 2401 tius.
1161 2347 1202 2401 lte
1231 2358 1296 2401 cum
1328 2344 1401 2400 viris
1434 2344 1509 2416 istis,
1540 2350 1568 2400 et
1591 2358 1643 2414 pro
1663 2343 1707 2399 eis
1728 2342 1888 2414 apologiam

179 2440 276 2504 gentes
292 2440 321 2490 et
338 2435 514 2490 occultantes
530 2438 645 2504 propter
664 2430 847 2489 loronidinern
868 2434 1006 2491 inimico-
1060 2434 1220 2505 assumite3
1241 2440 1271 2489 et
1290 2439 1421 2491 enarrate
1442 2434 1505 2489 viva
1524 2447 1599 2506 voce,
1622 2446 1685 2504 quae
1707 2445 1758 2502 per
1778 2432 1889 2488 litteras

178 2521 741 2594 rumcrucis,quaehincindedisposita
758 2520 1006 2594 luerat,nonausi
1063 2525 1197 2580 intimare
1235 2525 1362 2582 dominis
1393 2525 1500 2581 nostris
1532 2538 1618 2594 supra
1649 2523 1726 2579 vires
1763 2522 1889 2592 conjici·

179 2619 256 2687 sunt,
281 2626 346 2670 cum
366 2616 461 2667 essent
488 2611 643 2682 sapientes,
664 2610 707 2665 vei
727 2610 841 2666 credere
865 2612 1005 2669 visionem
1062 2627 1134 2669 mus.
1156 2614 1254 2670 Nostis
1276 2614 1353 2669 enim
1369 2613 1495 2684 qualiter
1512 2611 1710 2683 perpusillum
1726 2611 1891 2667 accusatio-

180 2706 320 2778 ipsorum,
343 2700 386 2756 vei
412 2712 506 2756 causae
527 2699 640 2769 operari
655 2698 828 2754 decursum:
846 2701 1005 2770 praesertim
1062 2716 1125 2760 nem
1144 2703 1225 2760 exsul
1249 2702 1342 2759 lacius
1357 2704 1427 2759 sita
1443 2702 1488 2759 bis
1513 2702 1645 2758 millibus
1667 2702 1819 2773 signorum
1843 2699 1891 2756 ilie

178 2808 243 2853 cum
259 2793 290 2848 in
304 2791 405 2846 timore
421 2802 466 2844 res
485 2787 647 2859 haberetur,
663 2793 692 2843 et
706 2801 791 2858 quam
815 2789 937 2845 maxime
948 2804 1006 2846 cre-
1061 2793 1112 2863 qui
1125 2793 1160 2848 ad
1184 2792 1338 2865 regendum
1359 2793 1495 2849 thronum
1512 2789 1611 2848 iratris
1629 2791 1744 2848 Domini
1769 2789 1891 2846 sortitus

179 2878 478 2940 bressensconsiiium
493 2882 521 2932 et
535 2876 662 2949 diligens
680 2877 935 2948 circumspiciendi
951 2884 1007 2934 tra·
1061 2887 1104 2938 est
1126 2882 1232 2939 iacobi.
1258 2882 1327 2939 Cum
1358 2884 1453 2939 antem
1482 2894 1555 2952 opus
1577 2880 1628 2937 Dei
1650 2878 1889 2951 adimpleveritis,

177 2978 271 3029 ctatus
289 2971 460 3041 exigeretur.
485 2966 634 3022 consitium
648 2968 720 3021 enim
740 2967 838 3021 bonum
862 2968 1004 3032 custodiet,
1060 2975 1089 3026 ei
1102 2971 1288 3042 apostolicam
1304 2970 1489 3028 traditionem
1506 2985 1569 3041 quae
1581 2974 1695 3026 tenetur
1708 2970 1738 3026 in
1759 2967 1890 3025 ecclesiis

179 3060 302 3133 inquiet,
325 3064 360 3121 te,
382 3059 507 3125 cognatio
526 3070 588 3111 cero
610 3055 680 3110 bona
693 3056 812 3110 seruabat
823 3061 847 3110 te
862 3055 949 3127 (Pron.
964 3056 1003 3132 ni.
1021 3071 1047 3134 0
1062 3074 1112 3132 per
1122 3061 1271 3134 AEgyptnm
1285 3063 1313 3117 et
1335 3061 1456 3132 Syriam,
1472 3060 1600 3117 dominis
1622 3059 1730 3115 uostris
1744 3057 1888 3131 cognitam

178 3153 213 3209 iit
223 3163 286 3207 eece
299 3149 367 3204 dum
385 3145 487 3202 lateret
499 3157 548 3200 eos
563 3144 614 3215 qui
627 3144 721 3200 sesub
732 3145 855 3201 tuitione
867 3146 1006 3203 custodia
1061 3150 1198 3223 feceritis,
1224 3155 1293 3208 tunc
1312 3151 1417 3222 quoda
1438 3150 1520 3207 nobis
1531 3149 1722 3220 desideratur,
1736 3146 1889 3217 amplecti-

181 3236 264 3314 [quos
276 3238 305 3294 in
315 3250 374 3293 suae
390 3235 526 3292 tuitionis
544 3230 715 3309 custodiam]
730 3242 894 3309 posuerant,
905 3250 1006 3293 cucur·
1062 3241 1144 3298 mini.
1168 3242 1203 3296 Et
1225 3240 1368 3312 quomodo
1387 3254 1450 3313 nos,
1472 3241 1682 3310 responderunt
1707 3237 1806 3294 idiota
1825 3249 1887 3294 cum

180 3333 279 3386 rerunt
303 3339 392 3398 usque
408 3324 442 3380 ad
469 3337 541 3381 nos:
558 3329 586 3379 et
602 3323 632 3380 iu
656 3323 784 3393 idipsum
801 3332 1006 3398 congregantes
1061 3330 1153 3388 simus
1165 3335 1194 3387 et
1205 3330 1367 3402 inexpertes
1383 3326 1452 3403 [dr.,
1468 3326 1583 3404 ignotii,
1599 3332 1626 3384 et
1640 3327 1674 3383 ad
1694 3331 1805 3384 tantam
1818 3339 1890 3383 cau-

178 3418 307 3488 silenter,
324 3414 517 3472 humilitatem
533 3417 669 3484 nostram,
686 3413 905 3487 primoquidem
917 3417 1005 3487 adiu·
1060 3433 1120 3477 sam
1136 3419 1244 3476 intirmi
1257 3425 1286 3474 et
1300 3419 1420 3492 indocti,
1443 3432 1648 3489 praesumemus
1661 3417 1792 3488 arripere
1807 3427 1889 3488 nego¹

179 3510 306 3564 ramento
323 3501 379 3580 [Gr.
393 3509 418 3558 et
430 3519 479 3559 ms.
495 3504 547 3558 Joi.
565 3505 689 3558 maxime
707 3501 853 3578 horribili]
872 3505 1007 3561 vincien-
1060 3509 1133 3570 tium
1151 3507 1225 3579 quod
1246 3508 1382 3565 virtutem
1402 3515 1528 3565 nostram
1543 3507 1719 3578 exsuperati
1732 3506 1787 3563 Sed
1802 3504 1890 3562 chri-

178 3601 231 3668 tes,
256 3609 308 3652 nos
325 3606 436 3650 servare
457 3597 565 3648 secreto
586 3604 619 3646 ac
633 3592 697 3647 sine
716 3593 922 3664 propalatione,
943 3608 1006 3664 quae
1059 3602 1122 3654 stus
1131 3600 1206 3654 Deus
1221 3604 1326 3668 noster,
1343 3598 1394 3669 qui
1408 3612 1457 3669 per
1472 3599 1630 3655 vilissimos
1642 3602 1670 3653 et
1682 3597 1801 3667 idiotas,
1818 3607 1889 3651 eve-

178 3685 215 3741 ιιι
232 3685 276 3741 eis
294 3687 376 3739 erant
394 3679 526 3750 dicenda,
549 3684 577 3734 et
595 3679 625 3734 in
641 3680 717 3735 hunc
732 3680 845 3735 modum
862 3681 1003 3754 qudquid
1060 3687 1148 3760 stigio
1171 3687 1309 3761 diximus,
1335 3694 1504 3758 cooperatus
1526 3691 1580 3760 est,
1604 3692 1729 3755 sanctos,
1759 3686 1887 3757 inquam,

179 3774 214 3830 ad
242 3772 381 3828 cadmiam
408 3769 533 3839 pertinet
566 3772 776 3840 exaggerantes,
812 3770 1006 3829 revelaverunt
1060 3776 1213 3850 apostolos,
1235 3783 1263 3833 et
1287 3791 1337 3848 per
1359 3790 1408 3834 eos
1427 3778 1523 3835 orbem
1548 3782 1688 3834 termnum
1711 3774 1887 3846 captaritad

179 3861 265 3918 nobis
284 3872 394 3916 omnem
423 3858 463 3914 rei
486 3870 550 3927 que
571 3856 1006 3930 sibiaceiderat,circumstan-
1059 3866 1251 3923 obedientiam
1270 3868 1348 3924 verbi
1373 3867 1601 3938 dispensationis
1624 3880 1692 3939 snae,
1719 3870 1822 3937 potens
1847 3868 1889 3921 ost

181 3951 260 4005 tiam.
281 3944 437 4019 scupeiacii
453 3950 548 4002 autem
569 3950 598 4002 θῑ
618 3947 782 4016 0⁰⁰1ll¹¹ss⁰ii
797 3948 893 4022 eorde,
909 3949 1005 4022 lacrv-
1058 3954 1127 4012 dare
1145 3956 1227 4013 vobis
1247 3970 1403 4016 sermonem
1429 3958 1458 4014 in
1482 3957 1629 4027 apertione
1650 3956 1712 4013 oris
1731 3954 1840 4028 vestri,
1854 3953 1887 4011 ad

182 4039 294 4111 misque
309 4035 417 4109 pertusi
433 4033 609 4093 ferventibus
621 4049 707 4105 super
723 4036 887 4106 hujusmodi
902 4053 1005 4096 narra·
1059 4045 1249 4117 supplendum
1261 4048 1450 4105 intentionem
1462 4052 1721 4122 etsensumeorum
1733 4045 1784 4117 qui
1797 4058 1889 4116 neqm

181 4128 271 4186 tionis
296 4125 434 4183 miraculo
459 4121 642 4202 [inopinato],
662 4130 690 4181 et
704 4125 796 4198 gloria
812 4132 1004 4187 mutarerunt
1060 4139 1172 4196 litteras
1193 4138 1347 4209 quiverunt
1364 4137 1519 4208 suscipere,
1543 4149 1634 4208 neque
1653 4136 1717 4193 ausi
1729 4140 1800 4193 sunt
1812 4135 1889 4192 serl-

182 4217 360 4289 mntationis,
384 4216 517 4272 stetimus
538 4216 573 4272 ad
587 4215 756 4290 orationem,
770 4217 859 4275 veluti
871 4225 1005 4289 peccato-
1059 4227 1135 4301 bere,
1151 4230 1195 4287 vel
1218 4242 1304 4300 super
1325 4228 1433 4285 talibus
1455 4226 1585 4298 quolibet
1602 4227 1685 4282 mono
1699 4225 1817 4281 mutire,
1832 4223 1886 4294 Qui

181 4321 235 4381 res,
252 4320 317 4364 cum
329 4307 433 4364 timore
443 4320 477 4362 ac
491 4310 633 4362 tremore:
654 4309 683 4361 et
695 4306 723 4363 ei
739 4307 789 4377 qui
816 4306 886 4364 lacit
909 4311 1005 4368 omnia
1059 4330 1124 4374 cnm
1154 4319 1203 4374 Dei
1228 4323 1322 4376 esseni
1351 4322 1502 4388 amatores,
1526 4314 1697 4372 obedientia
1725 4313 1780 4370 iiiii
1805 4325 1889 4384 appu

179 4404 209 4455 et
223 4398 359 4457 transient
372 4397 406 4454 ad
421 4398 450 4454 id
464 4399 538 4469 quod
553 4397 656 4455 melius
670 4401 723 4469 est,
736 4397 880 4455 decentem
892 4399 1004 4458 laudem
1020 4412 1162 4477 urentes,
1187 4407 1357 4464 obedierunt
1381 4407 1464 4463 verbo
1489 4412 1597 4478 nostro,
1626 4407 1655 4460 et
1681 4403 1889 4475 acquieverunt

181 4487 344 4562 relerentes,
360 4487 515 4560 petivimus
524 4487 629 4544 obnixe
641 4485 846 4559 benignitatem
859 4490 931 4560 ejus,
947 4507 1004 4564 quo
1059 4496 1231 4554 hortationi:
1243 4512 1315 4568 quos
1327 4511 1393 4554 enm
1407 4496 1518 4568 prolixa
1532 4495 1731 4566 promittentes
1741 4494 1884 4563 oratione,

182 4580 211 4636 in
234 4579 364 4635 minimis
386 4577 470 4635 nobis
496 4576 575 4633 tieret
598 4575 719 4640 medius.
742 4583 770 4634 et
791 4591 841 4649 per
863 4579 1003 4651 Spiritum
1058 4590 1087 4644 et
1112 4588 1250 4661 gandium
1275 4601 1330 4644 non
1347 4587 1545 4658 qualecunque
1572 4585 1618 4641 his
1633 4584 1683 4655 qui
1700 4583 1782 4641 missi
1808 4585 1886 4654 sunt,

180 4674 311 4726 sanctum
335 4667 515 4725 illucesceret
536 4666 585 4723 lux
599 4667 728 4725 scientiae
744 4668 774 4725 in
791 4671 939 4729 cordibus·
950 4687 1004 4730 no-
1059 4677 1256 4750 conciliautes,
1280 4677 1378 4733 taliter
1389 4675 1498 4733 divulsi
1514 4688 1614 4732 sumus
1627 4673 1663 4729 ab
1679 4673 1803 4730 invicem
1822 4686 1886 4731 cum

180 4757 259 4829 stris,
273 4761 359 4828 atque
368 4755 530 4813 communis
542 4756 807 4817 utilitatlsconsilii
818 4761 937 4818 donaret
950 4763 1005 4821 vir·
1060 4766 1149 4824 muita
1169 4767 1358 4840 lacrymarum
1380 4765 1528 4823 eliusione.
1554 4766 1665 4837 Verum,
1678 4777 1695 4820 o
1707 4761 1885 4820 sanctissimi

180 4850 280 4918 tutem,
302 4846 547 4918 cogitationesque
571 4846 658 4904 bonas
680 4848 715 4905 ad
737 4849 1005 4912 determinationem
1059 4860 1087 4912 et
1104 4857 1276 4931 beatissimi,
1297 4863 1329 4913 ut
1348 4858 1429 4913 decet
1444 4862 1589 4927 paternam
1603 4854 1833 4911 dominatione·
1846 4866 1889 4911 ιο

180 4936 282 5008 optimi
305 4937 391 4993 vestri
415 4937 575 5009 propositi:
599 4937 673 5009 quod
698 4946 725 4995 et
743 4938 821 5013 iecit,
843 4956 908 4999 cum
930 4947 1006 5001 esset
1059 4951 1158 5019 stram,
1172 4948 1294 5019 benigne
1308 4947 1410 5004 iratres
1425 4951 1538 5004 nostros
1551 4944 1700 5014 suscipite,
1715 4948 1744 4998 et
1758 4943 1887 5000 dominis

180 5024 321 5099 benignus
341 5031 425 5098 atque
441 5027 615 5087 misericors.
631 5029 881 5089 consideravimus
902 5033 1003 5109 igitur,
1059 5038 1139 5095 orbis
1153 5038 1260 5109 absque
1270 5037 1465 5094 subtractione
1480 5037 1522 5092 vel
1540 5037 1642 5091 timore
1653 5033 1804 5090 hominum
1820 5047 1888 5104 prs-

180 5116 368 5189 sanctissimi,
403 5119 603 5175 contaminatae
640 5121 768 5177 nationis
802 5130 1005 5194 cognoscentes
1058 5132 1175 5186 sentate.
1193 5127 1339 5184 liabebitis
1361 5128 1437 5183 enim
1457 5141 1506 5185 eos
1524 5127 1647 5183 scientes
1665 5124 1779 5195 liquido
1796 5125 1886 5181 trium

179 5211 279 5262 contra
305 5219 356 5289 nos
378 5205 600 5281 infestationem,
623 5210 745 5266 retinere
765 5210 816 5267 hos
840 5212 889 5283 qui
921 5214 1002 5271 missi
1057 5219 1280 5290 apostolicarum
1291 5217 1403 5275 sedium
1418 5218 1613 5274 concinentem
1624 5221 1653 5271 et
1664 5215 1886 5271 concordantem

180 5300 258 5368 suni,
273 5301 302 5351 et
321 5296 472 5366 prohibere
483 5298 653 5369 appropiare
666 5299 713 5356 his
727 5301 762 5356 ad
779 5315 851 5371 quos
864 5303 1002 5363 destinati
1057 5309 1274 5366 orthodoxiam:
1300 5309 1349 5380 qui
1371 5314 1484 5365 sanctas
1497 5313 1525 5364 et
1547 5306 1724 5364 universales
1739 5318 1789 5362 sex
1805 5319 1888 5377 syno·

179 5389 263 5443 sunt:
288 5386 425 5443 ducentes
445 5387 498 5443 hos
511 5387 539 5443 in
559 5388 684 5444 medium
699 5397 838 5463 nostrum,
861 5397 890 5448 et
901 5395 1004 5452 admo-
1056 5400 1110 5457 dos
1127 5413 1192 5457 voce
1207 5413 1330 5456 consona
1346 5400 1511 5470 pradicant,
1527 5398 1613 5454 aliam
1628 5399 1662 5454 ad
1680 5398 1742 5470 has,
1757 5410 1845 5468 quam
1857 5399 1888 5454 ct

180 5480 279 5532 nentes
294 5476 461 5548 plurimum,
476 5489 511 5533 ne
526 5477 694 5534 inducerent
706 5478 897 5539 turbationem
912 5502 919 5556 3
933 5484 1000 5559 imo,
1057 5491 1330 5564 septimamquidam
1340 5490 1517 5548 susurrando
1530 5493 1705 5562 nuncupant,
1715 5487 1885 5545 nullatenus

180 5570 212 5624 nt
225 5565 382 5640 specialius
394 5565 535 5641 dicamus,
544 5567 666 5627 exitium
681 5571 906 5648 quiescentibus,
916 5576 1002 5635 etllel
1056 5581 1248 5657 admittentes,
1266 5580 1325 5640 imo
1339 5579 1433 5638 modis
1446 5578 1582 5637 omnibns
1596 5583 1775 5653 respuentes,
1792 5577 1887 5636 nimi-
