3876 6090
58 283 128 346 ⁴02⁴
358 286 502 346 APPEND.
521 288 569 346 lb
585 287 666 347 SAEC.
687 289 736 347 D(-
755 320 793 332 —
809 288 974 348 sneetnll
994 290 1041 348 AD
1057 289 1199 348 SCRIPTA
1217 289 1349 347 PONTIF.
1371 289 1455 348 noli.
1696 278 1771 342 lotii

56 398 103 469 est
115 411 319 470 sanctissimus
334 414 398 485 Leo,
410 414 461 486 qui
477 427 527 484 per
542 414 681 472 invidiam
694 417 885 472 Romanorum
898 415 924 477 A
941 414 1030 486 pedit,
1054 412 1149 471 tribus
1162 412 1277 470 vicibus
1290 411 1432 483 reliquias
1452 411 1535 469 illlus
1555 409 1586 466 iu
1613 422 1688 466 anno
1703 406 1766 464 frc-

56 501 324 575 oculisllnguaquc
340 503 478 576 privatus,
501 505 594 576 gratia
607 505 657 562 Dei
675 509 809 576 operante
830 502 888 561 fult
942 509 1095 576 quentent;
1111 508 1139 560 et
1152 503 1218 560 inde
1232 506 1328 559 votum
1344 501 1460 558 nomam
1475 500 1574 568 eundi,
1590 498 1666 570 qund
1682 510 1769 555 vove-

59 592 240 650 mirabiliter
273 595 460 664 restauratus,
488 599 630 665 quatenm
664 593 888 665 septempliciter
943 597 1021 660 runt,
1038 596 1134 650 nostro
1154 592 1241 649 libitu
1260 587 1672 659 etauctoritateadimpleant.
1700 586 1770 642 Pal-

57 681 169 739 eisdem
189 680 535 754 oculisclariusrideret,
551 687 580 739 et
597 683 693 739 eadem
711 682 890 755 linguaver-
943 682 1015 738 lium
1038 695 1163 755 qunque,
1190 680 1266 751 quod
1300 678 1384 736 fratri
1412 682 1441 735 et
1468 676 1638 749 coepiscopo
1669 678 1768 730 nostro

57 771 129 829 bum
144 771 196 828 bel
213 770 398 843 eloquentius
409 771 585 842 praedicaret.
595 770 718 842 Ideoque
731 771 889 827 auctoritas
942 769 1108 827 Festinlano
1133 769 1314 841 postulastis,
1340 781 1405 824 cum
1428 765 1580 839 privilegio
1594 777 1647 820 suo
1669 766 1770 820 vestrae

59 859 232 916 Romanuin
247 872 281 916 eo
295 860 331 916 de
341 859 399 916 Deo
414 859 573 930 praesumit,
586 862 618 915 ut
637 871 763 914 omnesa
778 857 889 930 Ligeris
941 858 1099 929 dirigimus
1117 858 1265 914 charitati.
1279 857 1375 914 valete
1388 856 1418 913 iu
1437 854 1565 925 Christo,
1581 852 1679 909 ddeles
1701 850 1770 908 Bri-

58 948 151 1006 duvio
163 951 300 1019 quosaut
313 951 382 1004 aetas
396 951 447 1003 aut
461 959 547 1004 sexus
558 950 609 1004 aut
627 958 747 1017 persona
762 958 818 1002 non
830 946 891 1002 im·
943 947 1049 1003 tanniae
1066 946 1250 1004 habitatores.

872 1199 939 1301 xl

563 1392 1132 1514 STEPHANUS
1180 1401 1263 1515 V.

59 1684 194 1729 errsroun
219 1683 350 1728 ειιιιιιιιιιι
379 1683 397 1725 ι
430 1684 465 1727 nn
488 1684 663 1728 conuenerant
695 1670 1056 1739 incurerrsco-ssbilibus
1074 1676 1117 1733 vel
1133 1677 1341 1753 immobilibus,
1357 1694 1423 1738 cum
1447 1678 1601 1750 mancipiis
1616 1676 1771 1748 utriusque

321 1755 378 1800 ΡΜ
399 1756 628 1800 WBURGENSE'·
945 1775 1031 1820 sexus
1045 1765 1190 1837 possidere
1201 1773 1230 1825 et
1241 1773 1347 1842 tenere,
1368 1783 1453 1840 quam
1474 1769 1528 1840 piac
1540 1767 1682 1824 memorlae
1696 1767 1771 1824 Gre-

387 1830 483 1904 (Α11110
491 1829 572 1936 ⁸9⁴5)
946 1853 1055 1926 gorius,
1069 1859 1230 1914 antecessor
1244 1863 1350 1914 noster.
1366 1858 1515 1930 nnsgario,
1533 1854 1706 1912 antecessori
1720 1858 1771 1912 tuo

172 1915 380 1994 [Mllessbflssl
395 1922 622 1991 flambwfsschff
640 1921 782 1993 Uim-l
946 1954 1029 2011 quem
1052 1945 1302 2018 archiepiscopum
1339 1946 1369 2003 in
1393 1952 1443 2004 tua
1468 1945 1613 2006 ordinavit
1631 1945 1769 2015 Ecclesia,

95 2028 261 2084 Sreemuus
283 2029 446 2103 episcopus,
475 2044 574 2088 servus
596 2044 742 2089 serrorum
762 2029 825 2103 bel,
841 2043 891 2086 re-
944 2033 1097 2104 eoncessit,
1112 2036 1242 2093 stabilito
1263 2036 1376 2094 scillcet
1398 2038 1464 2107 Jurc
1484 2040 1512 2094 et
1526 2035 1641 2093 cunctis
1662 2033 1772 2092 tinibus

60 2118 271 2177 verendisslmo
283 2126 311 2177 et
330 2121 514 2179 sanctissimo
533 2122 701 2192 dunucssro,
716 2127 820 2179 sanctae
831 2122 891 2177 lla-
945 2134 1017 2192 quas
1029 2123 1200 2194 Ludoricns,
1213 2125 1267 2195 piae
1282 2125 1429 2183 memoriae
1443 2125 1610 2198 imperator,
1632 2128 1660 2180 et
1671 2123 1772 2182 Ludn-

61 2208 265 2283 maburqensls
293 2209 426 2268 Ecclesiae
456 2211 672 2284 archiepiscopo
699 2217 727 2268 et
752 2209 890 2268 confratri
945 2209 1037 2283 vicus,
1052 2212 1116 2281 ejus
1130 2213 1219 2286 tillus,
1234 2219 1311 2271 tuam
1326 2213 1481 2272 voluerunt
1495 2214 1599 2270 babere
1614 2212 1771 2270 Ecclesiam

62 2303 174 2370 nostro,
190 2303 219 2354 et
238 2302 302 2370 post
314 2304 342 2355 te
354 2299 384 2356 iu
397 2301 494 2357 eadem
509 2300 645 2373 Ecclesia,
663 2301 693 2358 in
710 2305 888 2372 perpetuum.
945 2301 974 2355 et
989 2298 1132 2371 imperiali
1147 2300 1328 2360 diffinierunt
1340 2308 1488 2374 potestate.
1505 2302 1692 2359 Decernimus
1714 2313 1773 2358 an·

96 2387 168 2444 cum
183 2388 238 2459 pin
251 2388 427 2446 desiderium
437 2390 595 2447 voluntatis
612 2394 640 2446 et
654 2390 893 2447 landandaedevo·
946 2393 1013 2458 tem,
1030 2394 1063 2446 ut
1078 2395 1244 2460 potestatem
1255 2392 1360 2449 babeas
1369 2392 1524 2450 ordinandi
1535 2391 1685 2463 episcopos
1695 2388 1772 2447 infra

61 2475 156 2533 tionis
169 2477 294 2535 intentio
317 2478 486 2551 apostolicis
500 2480 539 2535 sit
558 2492 669 2550 semper
682 2479 790 2536 studiis
803 2479 892 2549 adju·
947 2482 1024 2534 tuam
1038 2479 1202 2548 parochiam
1217 2485 1246 2537 et
1268 2481 1416 2538 dloecesim
1430 2482 1471 2538 ita
1490 2486 1595 2551 tamen,
1611 2484 1644 2537 ut
1656 2478 1710 2535 sub
1721 2483 1771 2534 tna

62 2565 168 2638 sanda,
182 2578 251 2623 cura
266 2571 310 2625 est
323 2567 535 2625 sollicitudinis
556 2566 717 2625 adhibenda
736 2573 768 2625 ul
781 2580 814 2624 ea
828 2581 891 2638 qnae
947 2570 1059 2638 tuaeqne
1079 2569 1220 2641 Ecclesiae,
1240 2571 1317 2627 salva
1347 2570 1489 2643 dignitate
1515 2567 1618 2641 ipsius,
1641 2568 1774 2624 maneam

64 2654 201 2728 legaliter
214 2659 366 2730 geruntur,
379 2661 409 2713 et
429 2657 576 2728 equitatis
590 2655 687 2713 formae
705 2656 890 2728 conveniunt,
947 2659 1094 2725 potestate.
1105 2658 1136 2714 Si
1151 2659 1218 2730 quis
1231 2664 1327 2717 antem
1341 2665 1441 2717 contra
1455 2660 1542 2729 nujus
1552 2662 1657 2715 nostrae
1669 2661 1775 2714 aucto-

62 2743 147 2801 nulla
159 2744 272 2801 valeant
286 2744 476 2818 refragatione
489 2744 662 2818 perturbari,
678 2746 726 2802 sed
743 2743 892 2816 irrefraga·
946 2744 1043 2803 ritatis
1058 2746 1242 2821 privilegium
1259 2749 1302 2805 lre
1315 2749 1478 2815 tentaverit,
1492 2753 1520 2804 et
1529 2746 1729 2820 quoquomodo
1742 2744 1773 2800 in

63 2830 119 2888 bili
143 2833 219 2906 jure,
242 2835 299 2890 Deo
317 2838 444 2906 auctore,
463 2834 585 2891 debeant
609 2847 781 2905 permanere.
806 2834 841 2888 Et
855 2831 891 2889 ob
946 2838 1026 2906 parte
1037 2835 1081 2892 vel
1097 2835 1127 2892 in
1146 2842 1206 2895 toto
1228 2836 1359 2910 frangere
1372 2838 1456 2895 nisus
1477 2836 1577 2908 fuerit,
1595 2836 1634 2893 sit
1655 2847 1774 2892 ercona-

64 2921 120 2978 boc
140 2922 308 2994 apostolicis
338 2923 529 2996 promulgatis
555 2923 754 2980 sanctionibus
775 2921 890 2994 propria
948 2925 1143 2982 municatnsa
1162 2940 1280 2996 corpore
1304 2933 1332 2984 et
1355 2927 1469 2984 vivifico
1492 2926 1632 3000 sanguine
1657 2922 1772 2981 Domini

65 3012 227 3084 unicuique
237 3027 300 3084 qnae
310 3013 416 3069 rationi
427 3019 593 3084 suppetunt,
604 3012 775 3083 possidenda
783 3010 826 3067 fas
833 3010 892 3067 exi·
908 2990 932 3054 C
948 3013 1039 3069 nostri
1053 3015 1119 3070 lesu
1128 3014 1248 3083 Christi,
1264 3021 1407 3072 etsanctan
1420 3016 1469 3071 Dei
1490 3015 1624 3071 Ecclesiae
1643 3014 1727 3071 aditu
1743 3013 1773 3069 in

64 3102 109 3174 git
122 3101 296 3159 confirmari.
312 3102 490 3175 thnoniam
503 3102 654 3174 postulasti
664 3106 697 3158 ut
706 3100 890 3172 privilegium
947 3103 1134 3159 conventione
1161 3108 1319 3172 separatus.
1346 3101 1516 3159 Observator
1553 3107 1649 3157 autem
1687 3102 1774 3171 hujus

66 3197 128 3248 tuae
141 3189 298 3247 faceremus
312 3190 445 3247 Ecclesiae
460 3195 489 3247 et
502 3189 659 3260 apostolica
670 3190 794 3246 tuitione
813 3188 893 3244 robe
948 3199 1052 3246 nostrae
1060 3190 1267 3247 admonitionis
1281 3197 1309 3247 et
1321 3190 1464 3261 jussionis
1476 3189 1579 3246 babeat
1593 3188 1775 3245 benedictio-

65 3279 253 3351 ravissemus‚
277 3281 447 3337 eamdemin
466 3280 622 3350 pristinum
648 3292 761 3336 manere
785 3281 892 3334 statum
947 3292 1011 3335 nem
1023 3278 1230 3350 omnipotentis
1241 3280 1302 3348 Dei,
1321 3279 1527 3349 beatorumque
1538 3277 1733 3348 apostolorum
1746 3280 1775 3332 et

65 3368 262 3425 concedimus.
283 3371 318 3425 Et
331 3368 488 3439 apostolico
505 3370 572 3438 jure
586 3368 733 3425 firmamus
751 3365 805 3423 tibi
818 3372 893 3423 tuae-
948 3372 1086 3438 nostram,
1108 3368 1158 3439 qui
1180 3380 1278 3424 eorum
1296 3366 1446 3440 fungimur
1466 3365 1665 3421 vicariatione.

65 3471 125 3529 qne
145 3462 249 3515 macta
270 3457 494 3531 llamaburgensi
511 3459 644 3514 Ecclesia
658 3455 893 3516 successoribus-
982 3456 1127 3528 Scriptum
1144 3470 1194 3527 per
1213 3470 1328 3512 manum
1341 3455 1469 3526 loannis,
1491 3453 1642 3511 scriniarii
1668 3455 1774 3510 mnctae

66 3560 124 3618 que
145 3547 205 3604 tuis
227 3547 306 3603 illam
325 3547 494 3620 dignitatem
523 3551 552 3603 et
574 3547 645 3603 fines
669 3546 811 3618 proprios,
826 3558 892 3602 cnm
946 3545 1079 3602 Romanae
1094 3545 1236 3615 Ecclesia,
1256 3544 1286 3600 in
1301 3556 1396 3600 meuse
1417 3543 1502 3615 blaio,
1531 3542 1691 3599 indictione
1716 3553 1775 3597 uu·
1840 3571 1844 3576 —

65 3637 188 3707 praediis
199 3636 371 3693 omnibuset
386 3636 530 3707 parochiis
544 3643 572 3692 et
586 3636 721 3694 omnibus
737 3635 823 3693 rebus
837 3647 894 3691 mo-
947 3634 1067 3690 decima.

69 3760 1769 3800 m—

536 3880 1287 4028 SUPPLEMENTUM

141 4111 226 4231 ΑΙ)
281 4108 679 4233 sedialibus
739 4104 1271 4228 ecclesiasticos
1316 4105 1563 4226 sedbel
1622 4104 1709 4223 ll.

560 4284 757 4360 QUORUM
782 4280 950 4347 ANNUS
973 4278 1283 4345 EXPRIMII'UR.

813 4422 1022 4439 -ρ-

723 4514 814 4560 ΔΝΝΟ
853 4513 971 4559 DOMINI
1003 4512 1024 4555 D
1038 4511 1128 4556 CCCC.

342 4635 688 4765 snlnncnr
745 4633 1042 4747 nonnoni
1089 4630 1142 4736 s.
1189 4629 1507 4734 nsxrnrnr

796 4833 1050 4907 PRAEFATIO

476 4960 533 5046 IN
567 4957 993 5048 Exbdsllltlllull
1030 4953 1378 5042 estudnnbnl.

425 5095 583 5180 Exponit
621 5110 723 5179 quum
762 5092 865 5158 utilia
900 5093 950 5158 sit
982 5088 1197 5174 paldlmoftlm
1234 5088 1421 5154 mellatio.

613 5192 710 5256 (Apud
726 5191 847 5251 Martem..
868 5189 956 5253 Ampl.
971 5187 1049 5249 0011,
1063 5190 1126 5237 lom.
1144 5186 1165 5248 l,
1185 5187 1237 5252 63.)

105 5355 215 5427 incipit
227 5354 360 5428 praefatio
373 5364 389 5398 ⁸
401 5353 549 5429 smaragdi
568 5353 737 5426 presbyteri.
928 5344 937 5363 ⁸
954 5363 1019 5408 rum
1032 5351 1063 5407 in
1074 5348 1152 5407 brevi
1166 5349 1337 5422 collegimus
1359 5352 1483 5421 patrum,
1506 5350 1538 5404 ut
1561 5346 1625 5414 clus
1638 5337 1778 5398 breviatio

108 5444 405 5519 llancexpositionem
416 5443 592 5516 psalmorum
606 5442 741 5503 dedletls
754 5441 901 5517 piammo-
955 5437 1088 5535 nocivum
1096 5439 1194 5499 demat
1205 5436 1367 5511 fastidium,
1382 5442 1412 5495 et
1424 5436 1522 5495 cordis
1534 5435 1598 5503 elus
1617 5427 1777 5502 proficuum

106 5557 205 5617 ·cum
218 5556 268 5614 bic
277 5552 453 5626 smaragdus
466 5550 638 5627 presbyterii
650 5548 831 5619 mundun
847 5563 908 5623 m
953 5544 1191 5625 antuman,
1207 5552 1439 5645 Wrfflffi
1450 5542 1587 5617 putamus
1606 5533 1657 5609 qul
1682 5532 1781 5597 sancti,

1321 5656 1325 5663 Ι
1350 5650 1355 5665 ι
1389 5660 1433 5719 'lq
