3876 6090
116 254 171 314 757
717 266 876 324 HISTORIA
894 269 1209 330 Landobnnooubu.
1760 269 1818 335 tte

119 381 202 452 Quod
213 382 274 454 illc,
289 383 318 439 iu
326 385 417 441 extasi
427 387 616 456 menlislicel,
626 388 801 461 praedixerit,
817 405 948 463 uosquo·
961 388 991 447 A
1002 393 1140 465 inierunt,
1150 401 1182 453 ut
1189 398 1300 454 deserta
1308 399 1425 470 angusti
1434 400 1541 456 montis
1548 398 1771 468 cohabitatione,
1779 399 1815 457 ad

121 485 178 542 que
186 471 425 541 propriisintuiti
434 488 535 531 snmus
544 477 704 548 optutibus,
714 479 764 548 qui
776 480 945 536 innumera-
1000 480 1083 551 plana
1096 489 1125 538 et
1140 484 1275 552 preclara
1295 486 1466 556 campestria
1479 487 1683 543 descenderent
1694 487 1729 544 ad
1745 500 1820 544 com·

117 558 193 616 biles
208 561 339 618 insontes
354 562 484 620 bomines
495 564 577 620 illius
592 563 666 622 lacto
676 568 876 637 conspeximus
892 583 942 639 pro
999 570 1188 628 manendum:
1213 574 1392 638 Nossemus,
1416 574 1563 644 inquiunt,
1589 590 1750 644 capreorum
1767 575 1820 629 bo-

116 649 183 721 igue
196 649 326 721 *gladiis
340 651 494 707 corruisse.
513 653 590 724 Ignis
606 653 702 724 itaque
718 653 768 711 ille
781 656 875 725 ipsum
892 657 942 713 bn·
997 658 1060 721 vib,
1074 664 1105 714 ut
1117 662 1148 715 in
1163 676 1292 717 sucorum
1306 665 1428 718 cnemis
1443 667 1578 725 tueamur,
1602 663 1640 717 cd
1653 663 1820 731 bamiliqu

115 737 192 793 mani
209 736 219 780 ¹
237 739 350 809 generis
373 740 553 812 sanguinem,
570 742 619 811 qui
642 748 737 812 postea
751 757 784 799 eo
808 751 942 814 operante
996 745 1113 816 denique
1134 749 1336 806 descendemus.
1353 756 1384 806 ut
1399 752 1468 805 altos
1492 766 1540 804 nos
1559 755 1584 805 et
1594 750 1741 805 inhumiles
1761 751 1820 804 cir-

115 821 359 898 tundenduserat,
368 826 422 883 sub
435 829 555 898 quadam
569 830 712 902 ymaginis
720 831 814 900 specie
823 836 943 901 porten-
995 837 1232 906 wmsptetentibas
1242 840 1412 908 prebeomos
1423 841 1434 893 l
1455 838 1567 909 Quibus
1579 845 1647 895 tunc
1665 837 1817 895 adsensum

114 912 200 970 debat
215 931 224 984 3
240 915 316 985 quod
332 928 368 971 ne
381 915 430 971 oui
447 916 617 973 incredibile
633 918 685 974 boo
697 925 748 976 ant
766 919 941 991 ymaginarie
995 922 1091 980 Lando
1113 925 1232 983 minime
1257 928 1391 1000 prebuit,
1407 929 1478 999 qnia
1491 927 1617 985 delirum
1631 940 1666 983 ac
1680 924 1816 984 frivolum

114 1000 188 1058 lorte
202 1002 356 1060 confictum
378 1003 519 1077 videatur,
537 1011 578 1061 tot
591 1006 662 1062 mibi
690 1012 775 1064 testes
790 1012 857 1064 sunt
872 1013 942 1078 quot
996 1015 1066 1081 erat,
1083 1012 1159 1069 inter
1173 1021 1216 1071 tot
1231 1016 1369 1085 procellas
1381 1015 1481 1074 urbem
1502 1014 1728 1072 munitissimam
1741 1013 1819 1071 dese

114 1090 483 1161 penebomlnesversantur
498 1094 528 1149 ln
542 1093 620 1151 urbe.
632 1095 726 1165 Hujus
734 1097 810 1152 enirn
818 1097 894 1153 actio
904 1097 942 1153 d·
996 1103 1090 1157 rentes
1105 1106 1138 1158 ut
1147 1102 1235 1161 suillo
1247 1118 1327 1162 coeno
1343 1104 1478 1161 locarent.

114 1180 220 1251 uisque
232 1180 330 1236 exitus
346 1180 377 1236 iu
392 1181 578 1252 subsequenti
590 1183 795 1253 propalabitur.
1029 1185 1074 1244 25.
1088 1189 1152 1246 lliis
1176 1191 1298 1248 invicem
1314 1192 1355 1248 ita
1372 1191 1589 1263 altercantibus,
1610 1191 1670 1248 duo
1684 1190 1815 1263 predicti

146 1265 193 1324 22.
211 1269 317 1325 llorum
331 1268 457 1340 deniqne
478 1270 590 1342 genitor
604 1284 669 1327 cum
682 1273 740 1341 jam
755 1272 814 1328 diei
830 1273 940 1331 ultime
994 1276 1050 1332 virl
1065 1286 1213 1349 coeperunt
1228 1280 1389 1338 bedidcare
1405 1293 1520 1338 murum
1534 1293 1621 1350 supra
1637 1284 1749 1350 pontem
1764 1277 1816 1349 qni

113 1357 367 1428 appropinquaret,
384 1362 445 1413 uta
466 1357 654 1415 referentibus
666 1360 775 1430 audivi,
788 1362 896 1418 vocatis
906 1362 940 1417 li·
993 1364 1380 1436 vulgoCasilinumdiciturc
1395 1365 1819 1441 ,quorumoperantperspexit

112 1444 190 1501 beris
201 1444 267 1502 suis
282 1445 335 1501 boo
345 1445 375 1501 in
387 1445 513 1502 edictum
524 1446 587 1502 illis
599 1448 731 1514 tradidit,
746 1461 781 1504 ne
795 1463 933 1520 unquam,
992 1454 1099 1526 Laudo,
1120 1455 1266 1513 ineboavlt
1277 1470 1310 1513 ac
1331 1457 1452 1513 mirifice
1467 1456 1585 1527 perlecit
1600 1455 1815 1513 hedificandum

113 1540 253 1604 quantum
276 1533 311 1589 ad
340 1548 370 1590 se
394 1533 720 1604 pertineret¹sinerent
748 1538 936 1595 Benevemum
992 1542 1253 1602 urbem.Utautem
1264 1545 1816 1614 munitaestetltabltaricrepta,super·
1881 1590 1887 1602 .

112 1636 175 1678 cum
191 1621 311 1679 Salerno
340 1623 463 1693 pacisci:
481 1626 547 1693 qula
572 1639 627 1678 non
649 1626 710 1688 erit,
731 1625 845 1706 inquid,
860 1627 936 1681 uobis
991 1631 1069 1687 venit
1092 1633 1187 1689 Guido
1208 1635 1266 1703 jam
1292 1635 1371 1691 dicto
1394 1648 1458 1690 eum
1484 1633 1627 1691 universis
1651 1632 1763 1694 Tuscis,
1787 1634 1816 1687 et

108 1709 311 1781 prestaturum¹
326 1752 333 1766 .
349 1712 439 1781 Cujus
454 1714 596 1769 monitum
609 1713 663 1769 lilii
674 1713 835 1784 audientes,
852 1729 936 1785 opere
951 1696 978 1757 Β
991 1718 1104 1776 obsedit
1126 1735 1188 1777 eam
1214 1722 1281 1778 ltine
1301 1728 1330 1779 et
1352 1723 1417 1780 inde
1439 1723 1619 1794 graviterque
1639 1718 1816 1792 angustiavit

111 1800 489 1872 praetereuntiumque
503 1803 566 1858 suns
580 1802 937 1874 bercutbustnjusperpc
991 1805 1072 1880 (¹¹58),
1093 1810 1162 1879 quta
1177 1810 1310 1866 nolebant
1326 1812 1420 1868 subter
1435 1812 1586 1867 ademario
1598 1811 1658 1880 jam
1679 1808 1736 1865 raro
1750 1807 1813 1863 vtro

110 1893 192 1944 tuum
202 1888 401 1959 sicutapatre
409 1896 593 1959 susceperant
603 1889 791 1961 reliquerunt.
803 1893 935 1962 llagnum
991 1895 1027 1951 ob
1043 1897 1253 1966 improbitatem
1276 1899 1402 1960 Landolll
1430 1899 1564 1968 praesulis
1583 1902 1612 1953 et
1633 1894 1810 1964 Landonolil,

112 1989 216 2033 mutum
229 1972 243 2020 ¹
257 1977 464 2035 bereditarium
477 1978 489 2021 ⁵
504 1993 562 2035 suae
577 1979 758 2049 reliquerunt
773 1979 878 2049 soboli,
890 1979 937 2036 ad·
992 1985 1127 2053 quoniam
1142 1985 1225 2041 illum
1241 2001 1297 2055 prae
1311 1986 1423 2043 ceteris
1434 1985 1536 2042 ellectu
1551 1984 1662 2041 larebat
1675 1983 1810 2052 fraterno,

112 2079 213 2123 tersus
223 2066 355 2124 ditinum
366 2068 516 2124 dumtaxat
531 2073 702 2140 preceptum
718 2073 847 2140 gerentes
859 2068 935 2139 quod
990 2072 1059 2128 aliis
1080 2073 1162 2143 quasi
1182 2074 1289 2129 exteris
1302 2072 1417 2144 spretis.
1440 2076 1512 2130 Dum
1528 2074 1604 2131 enim
1624 2071 1718 2129 valide
1731 2072 1811 2127 intus

112 2154 491 2224 aitlesusdisc'lpnlissuis:
503 2158 599 2211 Pacem
605 2172 692 2212 meam
701 2157 736 2211 do
745 2157 830 2219 vobis,
839 2172 935 2227 pacem
990 2160 1183 2232 affligerentur
1197 2162 1341 2218 cotidiana
1357 2176 1460 2234 pugna,
1476 2168 1505 2218 et
1518 2161 1589 2219 loris
1603 2165 1664 2216 sata
1677 2160 1811 2216 deleren-

110 2243 936 2317 natuquooooettoanmr).acceptoruquejureregnau-
990 2255 1048 2317 tur,
1061 2251 1172 2305 tandem
1184 2249 1284 2307 robore
1293 2256 1321 2306 et
1331 2251 1468 2308 violentia
1477 2250 1582 2307 devicti
1593 2248 1668 2305 colla
1677 2246 1812 2304 subdide-

110 2332 151 2402 di,
188 2331 459 2390 modo⁶Sicouolto
493 2332 677 2400 obsecuntur,
726 2334 935 2403 parvipendunt
990 2342 1058 2392 runt
1077 2336 1240 2408 lamulatui,
1262 2344 1378 2409 excepto
1398 2333 1809 2406 Landonollus3quamobrem

111 2420 244 2492 imperiis
257 2422 332 2493 ejus,
347 2425 390 2477 set
400 2435 457 2492 prae
472 2421 606 2478 omnibus
618 2422 810 2479 landonolfus
824 2427 935 2479 contra·
988 2422 1099 2491 Suram,
1112 2432 1215 2482 cuncta
1229 2427 1334 2497 oppida
1346 2427 1493 2483 condniaa
1503 2422 1677 2481 Landonollo
1691 2422 1809 2479 domino

111 2509 174 2566 rius
188 2508 235 2565 illi
247 2522 358 2580 semper
372 2515 402 2565 et
416 2510 545 2581 ingratus
560 2510 667 2580 extitit,
679 2510 750 2567 adeo
761 2516 793 2565 ut
804 2510 891 2566 etiam
905 2509 935 2565 ll-
988 2513 1133 2577 subtracta
1147 2520 1174 2569 et
1188 2515 1315 2572 Gnidoni
1331 2521 1399 2571 sunt
1414 2514 1529 2584 tradita,
1546 2513 1623 2569 sicut
1636 2511 1808 2581 promissum

111 2596 245 2655 lioillius
256 2602 350 2653 natam
366 2610 447 2656 suam
458 2599 864 2655 necessitatednctusarraret.
876 2599 933 2654 lloc
989 2598 1090 2657 luerat.
1106 2602 1168 2671 Quo
1182 2601 1255 2659 lacto
1266 2603 1297 2658 in
1310 2608 1417 2659 tanum
1426 2601 1517 2658 animi
1533 2599 1684 2657 tristitiam
1698 2596 1810 2654 corruit

109 2691 205 2743 autem
231 2691 359 2757 tempore
383 2685 531 2757 Paulinus,
547 2688 604 2742 Deo
617 2687 725 2759 diguus
739 2695 767 2743 et
778 2701 863 2743 carus
877 2687 932 2758 vir,
989 2691 1161 2760 praedicatus
1174 2691 1229 2762 vir,
1242 2697 1275 2748 ut
1288 2692 1317 2747 ln
1332 2691 1461 2762 proximo
1473 2689 1610 2759 spiritum
1620 2686 1806 2744 exhalaverit.

109 2774 211 2845 Capuae
226 2776 343 2846 presul,
360 2776 395 2833 ab
424 2777 476 2832 bac
503 2789 605 2832 carnea
620 2775 768 2832 subtratus
786 2781 829 2831 est
856 2775 933 2846 lece,
1023 2778 1067 2835 96.
1085 2780 1226 2837 Periclem
1242 2786 1353 2851 tempus
1368 2784 1488 2836 veterem
1505 2777 1689 2834 inimicitiam
1707 2776 1809 2833 viudi-

110 2868 196 2935 atque
211 2863 346 2921 landone
361 2865 527 2936 supradicto
540 2865 603 2921 viro
625 2864 750 2920 viriliter
761 2864 932 2934 decertante,
988 2882 1054 2924 care
1074 2869 1171 2924 volens
1191 2869 1370 2931 lldemarius,
1392 2869 1484 2924 illium
1496 2865 1521 2909 ¹⁰
1534 2865 1637 2923 llarlni
1656 2863 1805 2932 Melitam,

110 2952 290 3024 landolfum,
300 2951 414 3009 tratrem
431 2967 526 3025 snum,
536 2953 702 3023 episcopum
711 2953 875 3021 ordinavit3
892 2959 935 3009 set
988 2959 1140 3026 cognatum
1157 2956 1291 3012 videlicet
1309 2956 1461 3027 Pandonis,
1480 2955 1546 3011 dolo
1567 2952 1653 3024 cepit,
1667 2956 1696 3009 et
1709 2950 1809 3022 Sergio

111 3039 299 3113 incongruam
313 3042 543 3099 vicissitudinem
562 3041 632 3097 iliis
641 3042 704 3111 ejus
715 3044 778 3111 post
793 3041 884 3111 patris
894 3042 974 3115 inc
991 3043 1128 3114 magistro
1150 3043 1287 3114 militum,
1303 3057 1367 3099 cum
1384 3058 1441 3114 quo
1456 3042 1550 3100 foedus
1564 3043 1679 3111 inierat,
1694 3038 1806 3096 exulem

112 3127 180 3184 tulit
189 3129 313 3199 obitum,
325 3145 397 3202 quos
411 3131 495 3187 velud
507 3131 683 3187 durissimos
701 3130 796 3187 bostes
812 3131 891 3187 vario
901 3144 934 3186 ac
989 3132 1111 3188 tradidit
1121 3150 1129 3201 ς
1141 3145 1197 3201 qua
1211 3145 1261 3200 pro
1274 3145 1361 3187 eausa
1373 3131 1409 3186 ab
1423 3132 1520 3187 eodem
1533 3130 1631 3201 Sergio
1642 3129 1729 3184 etiam
1744 3129 1808 3181 lla-

112 3223 248 3289 ptrpetuo
263 3219 396 3275 multavit
407 3219 505 3276 exilio.
692 3203 696 3210 ⁸
989 3220 1073 3275 rinus
1087 3219 1186 3275 lraude
1200 3225 1301 3288 captus
1313 3224 1366 3275 est.
1384 3219 1456 3274 llinc
1469 3218 1575 3274 etenim
1589 3221 1726 3272 aeternum
1739 3215 1808 3283 jur-

142 3303 188 3362 23.
206 3305 298 3380 (85¹.)
317 3309 430 3364 llortuo
447 3308 543 3379 itaque
563 3307 717 3374 Siconollo,
731 3313 764 3364 nt
779 3308 935 3379 unusquis.
989 3309 1069 3380 glum
1096 3309 1171 3364 inter
1192 3308 1374 3364 ademarium
1394 3314 1423 3363 et
1443 3306 1602 3363 Pandonem
1625 3309 1721 3361 ortum
1740 3303 1805 3370 est3

111 3408 164 3467 que
176 3397 254 3466 qnod
270 3395 327 3452 sibi
345 3396 440 3453 babile
467 3396 611 3453 videretur
624 3402 729 3470 ageret,
758 3395 850 3452 illlum
871 3397 934 3466 ejus
990 3396 1065 3452 unde
1082 3395 1254 3464 factumest,
1271 3399 1303 3451 ut
1316 3395 1408 3451 inscio
1428 3393 1559 3450 landone
1573 3388 1805 3458 Landullusepl-

110 3483 203 3541 adbuc
224 3497 300 3541 anno
327 3489 468 3541 carentem
481 3483 494 3526 ⁷
509 3485 570 3541 loco
601 3487 664 3555 ejus
691 3483 929 3556 subrogaruntss.
988 3499 1092 3554 scopus
1110 3488 1138 3539 et
1157 3483 1251 3539 Pando
1270 3483 1415 3539 suaserint
1433 3479 1582 3538 Guailerio
1602 3477 1662 3534 lilio
1675 3474 1804 3532 Daulerll

109 3570 185 3628 Tunc
198 3577 348 3642 caeperunt
362 3573 490 3643 praedicti
510 3571 612 3629 iratres
626 3573 757 3630 concives
771 3586 849 3644 suos,
863 3585 933 3643 par·
987 3572 1078 3642 Balbi,
1104 3570 1231 3628 lecerunt
1253 3570 1463 3641 apprehendere
1485 3565 1667 3623 ademarium
1692 3563 1807 3634 princi-

110 3657 161 3714 tim
170 3658 294 3729 ambitu,
312 3662 415 3730 partim
425 3665 501 3719 melu
509 3661 624 3734 agitati,
635 3659 727 3717 lerina
737 3661 870 3732 persequi
882 3662 931 3717 in·
987 3673 1059 3730 pem,
1078 3665 1105 3715 et
1127 3659 1307 3716 Guailerium
1326 3663 1426 3728 sponte
1441 3655 1464 3699 ¹¹
1479 3654 1536 3712 sibi
1555 3654 1694 3711 seniorem
1709 3651 1807 3723 elege-

110 3746 204 3818 glnvie
227 3754 256 3805 et
283 3751 425 3806 custodiis
447 3751 626 3821 mancipare3
656 3750 839 3821 quamobrem
865 3754 931 3806 ela
987 3754 1064 3817 runt,
1078 3749 1209 3816 jurantes
1222 3747 1249 3803 ei
1267 3746 1345 3819 gravi
1366 3748 1552 3803 sacramento.
1570 3739 1710 3814 (86⁴.)set
1724 3739 1807 3796 ocius

110 3837 249 3895 Pandullo
260 3840 473 3911 consanguineo
493 3854 545 3896 suo
565 3839 729 3896 Suessulam
744 3839 860 3910 ingenio
875 3853 932 3896 au·
985 3835 1020 3890 ad
1034 3840 1168 3892 consueta
1183 3835 1254 3891 vitia
1267 3835 1434 3904 detinentes,
1449 3838 1478 3890 et
1491 3833 1558 3890 buic
1570 3830 1668 3888 statim
1679 3833 1743 3900 post
1753 3840 1807 3885 ex·

109 3923 241 3991 terentes,
258 3941 316 3983 suae
332 3927 486 3983 ambitioni
500 3932 648 3998 uexerunt,
671 3928 766 3997 lpsum
784 3931 812 3983 et
825 3926 932 3983 liberos
986 3936 1097 3979 cessum
1113 3924 1266 3994 Landonis,
1282 3922 1374 3980 soceri
1391 3922 1484 3990 illius,
1501 3919 1625 3977 mentiti.

110 4013 191 4073 illins
211 4021 340 4072 extorres
366 4014 505 4086 lecerunt,
529 4018 564 4072 de
585 4016 693 4086 qulbus
714 4015 819 4071 debinc
842 4028 931 4071 unum
1021 4010 1066 4070 at.
1086 4015 1197 4069 Mortuo
1217 4012 1343 4084 denique
1357 4010 1533 4068 landonolfo
1551 4007 1633 4082 (859),
1653 4022 1709 4065 non
1728 4006 1807 4064 mul-

112 4103 207 4175 gladio
221 4103 235 4147 ¹
251 4145 259 4175 ,
273 4104 362 4160 alium
379 4105 445 4176 igne
466 4105 664 4175 perdiderunt,
681 4106 812 4175 duosque
828 4116 933 4172 super·
987 4109 1048 4160 tum
1064 4107 1127 4172 post
1141 4101 1235 4157 lando
1251 4099 1276 4143 ¹¹
1289 4100 1353 4156 dira
1369 4098 1488 4170 paralisi
1508 4098 1681 4169 parcutitur,
1699 4096 1805 4153 lectum

111 4191 264 4265 stitesJugi
283 4193 480 4263 continuoque
494 4194 686 4263 dampnarunt
699 4191 798 4249 exilio.
814 4193 933 4248 Suessu-
987 4205 1152 4262 perannum
1167 4190 1309 4261 integrum
1322 4187 1415 4245 lessus
1424 4188 1617 4244 detinebatur.
1629 4188 1685 4242 lloc
1695 4185 1804 4256 agnito,

113 4277 164 4336 lam
176 4286 272 4338 autem
288 4287 412 4351 posteat
427 4280 566 4337 landulfo
582 4280 794 4337 landonislllio
808 4285 929 4350 captam,
984 4273 1805 4353 sergiusmagistermllitumpraesidiisilleotnsndemarii,

113 4369 255 4426 annitente
269 4369 326 4425 sibi
346 4371 444 4442 Sergio
465 4371 601 4442 magistro
617 4370 754 4441 militum,
771 4370 840 4440 qnia
851 4383 931 4426 socer
947 4366 973 4427 D
987 4375 1020 4427 ut
1032 4370 1129 4438 priora
1144 4368 1288 4439 replicem,
1301 4365 1430 4435 dirrupit
1441 4366 1635 4434 juramentum
1650 4362 1806 4433 quodcum

116 4454 275 4529 cratlllius,
288 4473 364 4516 nunc
379 4473 470 4530 usque
486 4457 615 4515 retinet¹
630 4472 700 4514 eam.
985 4458 1117 4514 Landoue
1140 4462 1252 4526 paetum
1276 4454 1378 4523 luerat,
1397 4459 1426 4510 et
1447 4453 1584 4509 adversus
1607 4450 1700 4507 lilium
1723 4448 1806 4505 illius

147 4544 298 4620 attede.)
318 4549 374 4604 llac
397 4553 571 4618 tempestate,
596 4561 664 4604 casu
691 4561 727 4603 an
744 4547 857 4617 jndicio
876 4563 931 4604 su·
984 4547 1092 4603 bellum
1115 4544 1260 4601 excitavit.
1282 4547 1352 4600 Nam
1372 4550 1469 4600 octavo
1489 4541 1567 4598 Ydus
1585 4540 1673 4597 blaias
1688 4536 1715 4610 (8
1728 4537 1806 4611 Mota)

122 4649 200 4705 pemo
218 4643 315 4693 actum
330 4637 379 4708 sit,
403 4642 463 4692 lota
489 4636 558 4692 urbs
571 4636 713 4706 sicopolis
727 4637 792 4708 igne
806 4642 930 4694 cremata
986 4648 1043 4706 quo
1057 4633 1133 4690 beati
1149 4632 1298 4688 llicbaelis
1312 4630 1476 4703 archangeli
1493 4628 1664 4699 sollempnia
1678 4641 1730 4685 nos
1742 4626 1806 4685 sol-

108 4728 220 4795 ·est,tta
237 4730 320 4783 utne
339 4739 397 4782 uua
419 4726 522 4782 domus
546 4730 703 4782 remaneret
718 4725 815 4781 inusta
830 4731 932 4795 praeter
986 4723 1139 4793 lempniter
1159 4720 1346 4792 celebramus,
1368 4735 1425 4792 qno
1443 4720 1528 4776 etiam
1544 4719 1592 4775 die
1612 4717 1717 4789 priscis
1731 4722 1807 4774 tem—

123 4814 282 4885 episcopalis
297 4813 372 4869 aula.
388 4814 449 4883 Qua
477 4819 586 4883 reperta
601 4814 759 4883 occasione,
774 4814 932 4872 landulfus
987 4814 1107 4887 poribus
1118 4826 1134 4869 a
1147 4813 1407 4868 beneventanorum
1428 4811 1542 4881 populis
1562 4808 1724 4881 Neapoliles
1740 4807 1806 4864 lor-

126 4903 214 4972 presul
243 4907 272 4958 et
295 4900 498 4971 Landonollus,
526 4916 677 4973 germanus
712 4903 784 4974 eJus,
809 4903 933 4961 consilia
987 4904 1055 4961 titer
1069 4916 1157 4958 caesos
1172 4900 1311 4972 legimus,
1325 4898 1526 4971 baccrgodie,
1543 4898 1654 4954 nullum
1670 4897 1804 4954 bonorem

794 5044 911 5101 VARIAE
934 5045 1129 5101 LECTIONES.

153 5139 370 5197 ¹bumanumc.
416 5138 652 5211 2pertinerentc.
699 5139 914 5266 ³krolurumc.
959 5132 1172 5197 ¹consiliumi
1214 5139 1362 5194 ⁵bl.snne
1382 5135 1589 5193 bereditarium
1605 5134 1700 5192 scelus
1719 5134 1799 5191 sed.

129 5209 217 5268 lnullo
239 5212 383 5268 modoad.
432 5212 611 5268 lcarentec.
659 5209 725 5268 8su
747 5216 919 5283 rogarentc.
968 5210 1128 5283 ⁹gladium
1149 5207 1173 5265 l.
1223 5207 1248 5251 ¹⁰
1268 5209 1347 5265 illius
1366 5223 1390 5262 c.
1437 5206 1461 5251 ¹¹
1480 5212 1608 5278 spontem
1626 5222 1648 5261 c.
1698 5204 1807 5260 ¹2lan-

129 5275 212 5339 donem
224 5300 247 5338 c.

903 5352 1014 5409 NOTAE.

156 5451 218 5506 *tr
236 5465 349 5509 versum
370 5450 514 5508 ultimum.
1026 5462 1038 5492 0
1057 5450 1174 5507 Scilicet
1189 5450 1314 5522 Capuam
1333 5451 1482 5505 recentem.

157 5516 332 5580 ¹landolfus
351 5537 408 5596 qno
427 5536 502 5580 auno
518 5521 635 5595 obierit,
656 5521 816 5593 ignoratur.
