3876 6090
177 224 231 286 θθθ

780 234 959 292 anastasll
977 236 1247 300 brutiordecltnd

1830 243 1885 304 olo

241 377 328 437 Τοῦτο
345 372 372 435 θλ
392 372 503 440 ιθιοθσας
514 374 600 434 ΘΟΔ.
617 362 700 432 εἶπεν·
716 371 787 431 Μίαν
800 369 980 452 ῖνίργειαντοῦ
1015 366 1043 425 Α
1097 366 1209 425 atvero
1221 371 1322 425 Tarson.
1347 370 1523 443 bocaudito,
1545 373 1603 429 ait:
1622 371 1712 427 Unam
1734 373 1885 443 operatio-

200 463 317 546 Χριστοῦ
329 459 505 532 θποττατικὴν
518 461 654 544 ἀρεόλομεν
666 459 759 538 λέγειν.
773 461 864 518 ΜΔΕ.
877 460 981 533 Σκοπήι

200 575 287 631 σωμιν
298 551 329 611 τὸ
338 550 488 628 τικτόμενον
502 553 531 609 lx
540 548 632 610 τοότου
640 547 730 623 κακὸν,
744 547 789 607 κοιλ
800 546 920 629 ρόγωμεν
933 545 980 619 τὴν

199 638 373 714 ξόνηνταότην
387 642 481 722 φωνήν.
500 637 593 700 Μόνων
605 636 655 718 γὰρ
670 640 805 720 οιῖρετικῶν
824 638 980 697 πολυθεονν-

199 750 252 788 των
274 728 351 788 ἀστόν.
369 729 402 787 Et
415 726 463 810 γὰρ
485 724 658 796 ὓποστατικῆν
678 723 788 804 λόγομεν
802 730 849 784 τοῦ
866 725 981 803 Χριστοῦ

199 813 248 888 τὴν
262 815 321 892 μίαν
336 815 471 897 ἀνέργειαν,
484 820 514 875 oti
526 812 661 891 συμθαόνει
672 809 699 871 θλ
710 809 831 882 κατάτὴν
840 809 981 872 ὑπόστασιν

199 907 238 986 τῷ
253 901 338 985 Ποιτρλ
350 904 394 963 καλ
407 905 539 980 Πνιύματι
553 906 568 962 ό
581 900 654 970 Υἱός,
674 901 752 972 δῆλον
773 899 813 960 ότι
833 898 891 959 οὔτι
911 895 981 959 κατά

200 987 249 1062 τὴν
261 988 435 1061 θποστστικὴν
447 986 587 1070 ἀνόργειαν·
603 985 799 1067 ἀναγκαζόμεθα
807 984 835 1045 δὲ
845 983 933 1064 ώσπερ
941 989 980 1069 τῷ

203 1077 270 1160 tto,
282 1077 349 1160 οότῳ
360 1077 404 1138 καὶ
415 1081 454 1160 τῷ
467 1077 554 1157 Πατρῖ
567 1075 655 1158 καὶτῷ
665 1073 796 1151 Πνεόματι
809 1069 981 1139 θποστστικάς

202 1167 328 1248 ῖνεργεῖιις
351 1169 506 1244 ἀπονεῖμαι·
531 1166 587 1225 καθ’
603 1167 681 1240 ὑμᾶς,
703 1161 831 1244 τόσσαρας
855 1162 895 1220 ἀντ
911 1160 980 1237 γεῖας

200 1249 249 1322 tte
263 1253 379 1336 μακαρία
390 1251 491 1327 θεόιης·
510 1257 579 1335 τρεῖς
592 1247 756 1333 ἀροριστικάς
770 1251 822 1308 τῶν
836 1185 911 1314 uolt
925 1251 981 1308 ἀστι

199 1339 356 1423 προσώπων,
372 1342 417 1403 καὶ
428 1340 489 1420 μίαν
502 1338 589 1412 κοινὴν
602 1336 818 1417 σημαντικὴνιῆς
828 1333 896 1395 κατὰ
906 1333 980 1417 ρόσιν

199 1431 252 1489 τῶν
262 1433 341 1510 τριῶν
348 1427 515 1490 θποστόσιων
528 1425 685 1499 κοινότητος·
704 1425 758 1485 Καὶ
773 1420 909 1489 κατάτοθς
924 1424 981 1482 Πα·

200 1513 286 1596 τόμος,
303 1513 375 1597 εἴπερ
388 1520 471 1576 αὐτῶν
485 1513 614 1596 δεχόμεθα
630 1512 678 1584 τὴν
691 1511 869 1580 διδασκαλίαν,
884 1533 979 1591 τετρα-

200 1599 269 1664 θεῖαν
279 1605 434 1682 νοστήσομεν.
456 1602 576 1675 Φυσικὴν
590 1601 651 1684 γάρ,
669 1601 728 1660 ἀλλ’
742 1603 793 1679 οὐχ
806 1595 980 1669 θπσστοιτικὴν

199 1699 284 1752 πᾶσαν
297 1682 361 1752 εῖναι
375 1690 564 1773 θιαγορεόουσιν
577 1687 703 1771 ἀνέργειαν
721 1689 776 1748 Καὶ
785 1689 809 1747 el
821 1691 898 1747 τοῦτο
910 1683 981 1745 ἔστιν
1016 1702 1041 1762 Β

199 1779 312 1850 ἀληθῶς,
327 1782 363 1846 ὣς
382 1770 426 1838 cdx
438 1778 484 1839 καλ
502 1778 571 1849 teet,
591 1775 717 1858 τέσσαρας
736 1771 833 1857 ρόσεις,
853 1771 981 1851 τόσσαρας

199 1863 281 1934 θεοὺς.
295 1864 457 1950 &epipam
471 1866 593 1939 ἀλλήλων
605 1864 746 1926 ὑποστάσει
755 1887 785 1923 τε
797 1861 923 1944 καλρύσιι
931 1862 981 1920 δτι·

199 1950 350 2034 χθηοόμιθα
361 1951 490 2034 λόγοντες.
503 1951 588 2026 Πλὴν.
602 1950 642 2018 τίς
653 1942 717 2011 εἶδεν
729 1948 747 2022 ἢ
762 1945 899 2030 ἐθεώρησεν
912 1945 981 2006 ἰδιό-

200 2039 424 2122 ζονσανάνόργειαν
433 2041 652 2114 obnoxiantes&
662 2036 750 2098 θπθτθ
758 2027 823 2102 εἶδος
833 2034 978 2115 ἀγομένων,

199 2127 245 2188 καλ
257 2128 309 2189 ὑπὸ
320 2128 364 2189 τθν
382 2129 466 2189 κοινὸν
480 2128 586 2210 θρισμθν
599 2134 645 2190 τοῦ
665 2125 746 2191 εἴδους
767 2122 841 2208 ρόσοι
854 2121 981 2202 ται-τομώ-

199 2239 268 2291 com
284 2216 416 2279 Οθθόποτε
429 2216 478 2300 γάρ
497 2217 596 2298 γίνεται
607 2216 640 2276 τθ
662 2214 737 2297 ρόσει
750 2213 846 2289 κοινὸν,
869 2211 923 2278 ἑνὸς
937 2212 981 2273 κοιλ

200 2302 279 2383 μόνον
291 2305 358 2373 τινὸς
371 2304 444 2378 ἴδιον,
461 2304 494 2364 ad
506 2303 559 2386 γάρ
571 2301 732 2365 memoret
752 2302 899 2381 σήμαντρα,
915 2290 979 2378 οἷον,

199 2390 372 2470 spontem
394 2390 519 2471 σινότοτι
534 2390 552 2464 i
565 2388 722 2471 γλαυκότοι,
743 2386 914 2468 tepentem,
935 2386 982 2447 aet

200 2475 249 2540 όσε
257 2483 405 2552 Ατοιαῖτο,ἀ
456 2478 540 2540 ιστικό
552 2481 601 2539 ιῖσι
612 2474 796 2556 σομόεόηκότα
809 2479 860 2535 τῶν
868 2477 981 2556 ἀριθμῶν

199 2565 319 2639 ἀλλήλων
341 2567 414 2648 διαρε
445 2590 511 2626 ντων
538 2568 595 2633 Πᾶς
617 2563 667 2646 γάρ
691 2563 823 2644 ἄνθρωπος
845 2559 880 2629 ὥς
893 2583 919 2620 τι
934 2558 981 2633 τὴν

200 2654 274 2735 ρόσιν
297 2649 345 2725 ὧν,
367 2653 426 2712 ἀλλ’
450 2656 501 2734 οθχ
513 2650 549 2720 ώς
562 2676 602 2719 τις
624 2650 671 2724 τὴν
693 2648 846 2725 ὑπόστασιν,
872 2651 981 2729 ἐνεργεῖν

198 2736 306 2822 nipast,
323 2738 433 2801 κατότι
450 2738 494 2800 τάν
508 2736 630 2798 ἰδιώτατα
642 2738 687 2798 κοιλ
700 2741 791 2804 κοινῶς
805 2733 940 2811 νοοόμενόν
952 2759 981 2795 τε

79 2850 82 2856 ·
199 2828 243 2890 καλ
263 2826 402 2908 λεγόμενον
427 2827 596 2911 κατηγορικὸν
615 2825 703 2906 λόγον.
728 2817 792 2886 obv
810 2824 842 2885 τὸ
860 2827 935 2896 ζῶον,
951 2824 981 2884 ab

199 2916 316 2996 λογικόν,
330 2914 362 2976 τθ
379 2916 480 2990 θνητὸν,
502 2913 564 2998 όπέρ
584 2917 639 2976 ἀοτι
660 2920 708 2975 τοῦ
728 2915 783 2974 καθ’
798 2919 867 2992 ἡμᾶς
878 2918 981 2990 γενικοῦ

198 3000 288 3083 Myso.
310 3003 410 3072 ΠΜ(
431 3001 480 3086 tle
500 3008 547 3077 τῖς
568 3006 648 3074 αὐτῆς
667 3000 811 3083 μετέχοιεν
832 3003 909 3072 ἰωῆς,
934 3004 981 3072 τῆς
1014 3028 1039 3089 0

199 3092 279 3164 «ἀπῆς
292 3089 474 3172 λογικότητος,
489 3092 534 3151 καῖ
545 3095 593 3162 τῆς
607 3092 686 3162 αὐτῆς
702 3091 761 3170 ῥοῆς
774 3088 817 3148 καλ
832 3090 979 3170 ἀπορροῆς·

198 3178 247 3239 καὶ
258 3184 305 3240 τοῖν
317 3178 479 3252 καθίζεσθαι,
494 3179 539 3240 καλ
550 3178 681 3248 ἵστασθαι,
695 3178 739 3237 καλ
751 3177 850 3251 λαλεῖν,
871 3175 916 3234 καλ
937 3199 979 3236 σι·

198 3273 258 3348 aba,
283 3266 327 3327 καλ
348 3272 420 3349 lippe,
442 3267 487 3327 καὶ
505 3264 618 3338 ἀκοόιιν,
633 3265 678 3324 καὶ
692 3265 835 3324 ἅπτεσθαι·
852 3260 917 3343 ἀπέρ
931 3265 980 3323 εἰσι

198 3357 244 3414 τοῖ
257 3359 343 3415 κοινοῖ
356 3355 395 3437 ἀρ’
409 3357 485 3434 ἡμῶν
498 3352 638 3432 νοουμένου
650 3350 739 3431 λόγου.
757 3353 797 3412 Οὔ
812 3351 851 3410 δεῖ
863 3341 905 3410 τόν
917 3370 993 3421 aaa:

197 3447 314 3520 νοτομεῖν
325 3440 409 3526 ρωνάς
422 3442 459 3521 μὴ
473 3440 584 3523 ἀχοόσας
595 3438 671 3522 lexim
685 3438 702 3513 ἢ
716 3438 844 3523 γραφικὴν
856 3442 873 3511 ἢ
886 3461 978 3520 πατριι

197 3528 246 3603 κήν
259 3528 277 3604 ἢ
290 3528 410 3614 μοσικὴν,
424 3529 492 3591 ἀλλά
512 3528 593 3607 ξένην,
608 3530 653 3589 xci
664 3530 826 3609 bia-apopeie
842 3522 980 3607 ἀνθρώπων

199 3614 380 3699 ξηνρημάνην.
396 3615 471 3689 Πλὴν
482 3614 559 3685 δεῖξόν
575 3638 620 3694 μοι
633 3610 729 3685 ταύτην
743 3611 862 3690 κειμένην
875 3614 901 3670 ἐν
912 3615 978 3695 niqa-

198 3703 293 3777 θήποτι
303 3702 397 3785 Πατρλ,
414 3703 458 3765 καλ
467 3703 544 3763 πόλιν
556 3702 601 3764 τὸν
613 3706 672 3761 νοῦν
678 3705 728 3760 τοῖν
740 3696 835 3773 ταύτην
847 3700 979 3780 εἰρηκότος

199 3793 377 3870 ἀπιζηταῖμεν.

1060 470 1122 512 nem
1137 458 1245 515 Christi
1267 459 1512 518 subsistentialem
1530 461 1665 519 debemus
1682 462 1787 519 dicere.
1806 465 1883 518 dlxx

1055 546 1887 624 inspiciamnsxnalumquodcxbocpignetur,etlugiamus

1055 641 1199 693 externam
1216 638 1288 694 banc
1312 653 1426 695 voccmz
1450 640 1648 697 baereticorum
1660 641 1738 696 enim
1755 647 1800 697 cst
1816 647 1886 697 tan-

1056 731 1116 781 turn
1131 726 1181 796 qui
1198 727 1316 783 deorum
1332 728 1548 785 multitudinem
1558 729 1667 786 colunt.
1684 729 1713 785 Si
1725 729 1805 785 enim
1819 728 1886 785 sub-

1055 814 1245 871 sistentialem
1267 815 1376 872 Christi
1392 818 1554 875 dixerimus
1569 832 1655 876 unam
1674 819 1884 889 operationem,

1055 917 1119 960 cuna
1129 918 1184 960 non
1200 910 1315 975 aptetur
1325 906 1647 978 aliqnandosecnndum
1661 907 1884 966 subsistentiam

1054 993 1131 1049 Patri
1140 993 1299 1064 etSpiritui
1308 994 1412 1063 iilius,
1422 997 1497 1053 band
1509 996 1631 1054 dubium
1640 997 1712 1068 quin
1721 1011 1773 1054 nec
1784 1011 1887 1055 secun-

1054 1080 1123 1138 dum
1138 1081 1385 1140 subsistentialem
1399 1086 1609 1156 operationem:
1626 1100 1762 1158 cogemur
1778 1101 1885 1156 quem-

1054 1171 1208 1229 admodum
1227 1172 1311 1244 Filio,
1329 1174 1413 1231 itaet
1428 1174 1502 1231 Patri
1524 1180 1554 1232 et
1575 1176 1698 1246 Spiritui
1715 1177 1886 1234 subsisten-

1056 1261 1141 1318 tiales
1152 1263 1332 1332 operationes
1348 1263 1493 1322 tribuere:
1511 1269 1548 1331 et,
1565 1265 1724 1322 secundnm
1736 1280 1799 1336 ros,
1816 1279 1885 1338 qua-

1055 1355 1122 1408 tuor
1134 1352 1314 1422 operationes
1330 1352 1446 1409 babebit
1457 1353 1538 1410 beata
1553 1354 1704 1416 divinitas,
1718 1360 1779 1411 tren
1791 1368 1885 1428 segre

1056 1440 1181 1511 gratiras
1195 1454 1380 1510 personarum
1392 1443 1421 1497 ln
1431 1442 1537 1513 quibus
1546 1447 1598 1512 est,
1610 1450 1639 1500 et
1651 1457 1737 1500 unam
1748 1457 1884 1501 commn-

1057 1540 1120 1583 nem
1135 1528 1354 1600 significativam
1368 1531 1588 1602 societatisque
1602 1538 1647 1587 est
1660 1532 1821 1589 οοοιιιιοιιιιι
1838 1546 1885 1589 na·

1056 1620 1150 1672 turam
1162 1617 1250 1675 trium
1268 1618 1585 1689 subsistentiarumzet,
1598 1621 1755 1678 secundum
1774 1623 1880 1693 Patres,

1057 1705 1083 1761 si
1096 1705 1237 1763 duntaxat
1246 1721 1344 1764 eorum
1359 1709 1519 1765 doctrinam
1533 1710 1700 1781 recipimus,
1712 1711 1883 1782 quadripes

1057 1796 1111 1852 tita
1130 1796 1239 1853 erimus
1252 1797 1360 1854 deitate
1374 1798 1551 1871 languentes.
1571 1800 1737 1857 Naturalem
1760 1801 1881 1872 quippe,

1056 1899 1112 1942 non
1129 1885 1385 1958 subsistentialem,
1402 1902 1512 1945 omnem
1525 1902 1587 1946 esse
1600 1891 1759 1946 decernunt
1777 1904 1883 1961 opera-

1056 1973 1171 2030 tionem.
1188 1976 1232 2046 Et,
1245 1976 1271 2030 si
1288 1975 1341 2033 boc
1354 1991 1451 2033 verum
1464 1983 1516 2049 est,
1533 1978 1610 2034 sicut
1623 1992 1653 2033 re
1668 1991 1734 2034 vera
1747 1983 1794 2035 est
1806 1994 1883 2050 qua-

1056 2072 1122 2123 tuor
1143 2071 1269 2136 natnras,
1283 2071 1312 2123 et
1324 2073 1449 2137 quatuor
1462 2074 1564 2125 natura
1576 2069 1645 2125 deos
1659 2068 1830 2125 differentes
1846 2070 1882 2125 ab

1057 2156 1198 2213 invincem
1211 2156 1398 2215 subsistentia
1408 2164 1436 2215 et
1449 2165 1551 2215 natura
1561 2160 1656 2216 dicere
1664 2159 1880 2230 apparebimur.

1056 2249 1254 2305 Verumtamen
1268 2250 1335 2320 quis
1349 2250 1434 2321 dixit,
1451 2255 1502 2307 alit
1515 2251 1726 2321 contemplatus
1740 2255 1787 2307 est
1800 2265 1884 2308 seor-

1056 2352 1119 2394 sum
1140 2338 1265 2395 babitam
1286 2340 1478 2410 operationem
1502 2341 1664 2410 cujuspiam
1685 2354 1883 2412 eorumquae

1056 2428 1110 2484 sub
1123 2430 1223 2501 aliqua
1237 2431 1332 2499 specie
1346 2430 1528 2502 rediguntur,
1544 2437 1572 2488 et
1582 2430 1635 2487 snb
1648 2431 1796 2487 communi
1812 2431 1884 2488 difl-

1056 2516 1167 2573 nitione
1190 2519 1296 2588 speciei
1318 2524 1420 2576 notura
1445 2521 1602 2577 taxantur?
1625 2523 1781 2591 Nunquam
1804 2521 1883 2578 enim

1055 2606 1211 2678 aliqnando
1224 2608 1256 2664 tlt
1271 2608 1299 2664 id
1312 2610 1387 2679 quod
1402 2615 1505 2666 natura
1519 2623 1669 2667 commune
1683 2616 1737 2679 cst,
1754 2612 1882 2668 nninset

1055 2695 1149 2752 solius
1160 2696 1317 2766 cuiuslibet
1332 2699 1490 2769 proprium.
1507 2698 1742 2756 subsistentialia
1759 2712 1882 2771 namque

1056 2784 1174 2857 indicia,
1193 2789 1295 2856 utputa
1311 2788 1372 2843 nasi
1387 2788 1539 2858 prolixitas
1551 2803 1600 2845 seu
1614 2788 1750 2859 brevitas,
1767 2794 1819 2847 aut
1833 2802 1883 2846 au-

1054 2872 1187 2932 culorum
1203 2876 1313 2948 albedo,
1334 2883 1385 2934 aut
1399 2878 1559 2950 calvitium,
1575 2885 1603 2935 et
1618 2893 1799 2951 quaecunque
1813 2886 1882 2937 sunt

1055 2961 1134 3033 talia,
1151 2964 1320 3035 deputaviva
1341 2967 1500 3023 accidentia
1516 2972 1584 3024 sunt
1599 2969 1728 3026 numeris
1745 2968 1782 3026 ab
1802 2969 1882 3025 invl-

1054 3066 1114 3109 cem
1137 3054 1347 3111 dllicrentibus.
1364 3055 1465 3112 Omnis
1487 3057 1565 3113 enim
1588 3057 1684 3128 bomo,
1710 3063 1744 3115 nt
1767 3058 1879 3130 aliquid

1055 3147 1157 3200 natura
1167 3145 1304 3215 existens,
1315 3145 1363 3201 sed
1374 3159 1428 3201 non
1438 3151 1471 3203 nt
1479 3146 1557 3217 quis,
1568 3147 1758 3205 subsistentia
1766 3148 1883 3221 dignos·

1054 3234 1133 3290 citur
1147 3233 1258 3305 operari
1274 3235 1432 3292 secundnm
1447 3237 1636 3308 categoricam
1650 3238 1803 3308 rationem,
1818 3252 1881 3309 qne

1055 3328 1112 3380 tam
1146 3323 1334 3395 singulariter
1363 3337 1447 3395 quam
1476 3326 1667 3382 communiter
1691 3326 1879 3400 intelligitur.

1056 3425 1164 3470 necnon
1185 3418 1213 3468 et
1233 3413 1352 3469 dicitnr.
1376 3414 1491 3485 Utputa,
1511 3415 1618 3472 animal
1638 3415 1782 3472 rationale
1804 3417 1879 3488 quod

1054 3505 1098 3556 est
1119 3501 1261 3573 generalis
1275 3502 1431 3558 meandum
1446 3517 1498 3559 nos
1517 3503 1648 3561 rationis.
1675 3504 1783 3562 Omnes
1803 3507 1880 3563 enirn

1054 3589 1180 3646 eamdem
1197 3589 1373 3661 percipimus
1382 3590 1480 3662 vlam,
1492 3597 1520 3649 ct
1531 3593 1656 3650 eamdem
1668 3594 1882 3653 rationabilita

1055 3682 1122 3748 term
1138 3683 1167 3734 et
1187 3679 1302 3749 denum,
1318 3683 1346 3737 et
1367 3680 1518 3753 dellexum,
1536 3686 1566 3738 et
1579 3682 1686 3752 sedem,
1701 3688 1730 3740 et
1747 3684 1841 3757 loqui,
1854 3689 1882 3742 et

1055 3773 1158 3834 tacere,
1170 3772 1199 3823 et
1211 3767 1317 3839 videre,
1334 3768 1359 3825 ei
1376 3770 1487 3842 audire,
1499 3775 1527 3827 et
1543 3776 1666 3844 angere,
1680 3787 1745 3844 qne
1758 3778 1829 3830 sunt
1842 3787 1882 3830 ra-

1059 3855 1160 3929 tionis,
1177 3871 1240 3928 quae
1254 3859 1447 3916 communiter
1457 3859 1485 3916 in
1498 3860 1582 3917 nobis
1593 3860 1808 3933 intelliguntur.
1820 3865 1882 3921 Non

1057 3945 1157 4017 ltaque
1167 3950 1280 4016 oportet
1294 3947 1432 4004 innovare
1444 3962 1526 4006 voces
1537 3962 1592 4006 non
1605 3951 1741 4008 babentes
1753 3953 1823 4018 vim,
1839 3952 1880 4008 rel

1057 4047 1145 4091 sacrae
1164 4035 1329 4110 Scriptura,
1349 4036 1393 4093 vel
1414 4038 1540 4110 Patrum,
1559 4043 1610 4097 aut
1633 4040 1805 4105 naturalem,
1834 4042 1880 4098 sed

1057 4129 1195 4195 exteram,
1213 4129 1242 4181 et
1256 4125 1396 4183 versutiis
1407 4127 1555 4184 bominum
1569 4127 1762 4186 adinventam.
1778 4132 1885 4187 vernn·

1058 4214 1152 4268 tamen
1172 4213 1289 4269 ostende
1310 4213 1382 4270 mibi
1400 4214 1472 4271 banc
1488 4216 1610 4286 positam
1628 4216 1773 4289 inquovis
1789 4220 1881 4288 Patre,

1058 4303 1086 4356 et
1102 4299 1207 4358 iterum
1222 4316 1337 4358 sensnm
1351 4303 1413 4373 ejus
1431 4304 1482 4375 qni
1502 4304 1576 4361 banc
1593 4305 1670 4362 dixit
1687 4306 1881 4378 inquiremus.

240 4357 706 4442 enon.·rtob;eniemto<
720 4365 983 4447 θπὶΧρῑστνῦλίγιιν
1015 4390 1042 4453 n
1093 4388 1195 4446 Toron.
1222 4387 1297 4459 Quid
1319 4390 1414 4464 ergoi
1434 4405 1490 4449 non
1515 4399 1627 4466 oportet
1647 4395 1825 4453 omnimodis
1853 4397 1882 4452 in

201 4458 262 4537 plns
276 4456 416 4540 ἀνιργεῖοινς
438 4458 529 4518 lits.
547 4457 623 4518 Κατὰ
640 4457 687 4529 τὴν
711 4454 786 4533 ἁγίαν
803 4454 914 4538 γραρὴν,
939 4459 984 4519 καὶ

199 4546 259 4614 τοῖος
276 4548 363 4624 ἇγόονς
383 4544 514 4627 Πατόρας,
538 4547 608 4607 obdis
630 4552 744 4608 τοιοῦτον
762 4542 846 4622 λόγων
868 4545 984 4627 παρελό·

200 4633 299 4713 ὅρμον·
314 4633 372 4692 ἀλλ’
386 4629 475 4713 ὥσπερ
495 4631 539 4692 θόο
553 4638 638 4713 ρώσιις
658 4635 704 4695 τὸν
719 4630 829 4714 Χριστὸν
841 4630 887 4700 ab<
909 4626 983 4703 tede

200 4724 289 4792 ἀστιν,
318 4719 399 4785 οὕτως
427 4720 472 4778 καῖ
496 4719 542 4789 ab<
568 4720 674 4805 ρνσικάς
698 4725 777 4782 αὐτοῦ
802 4721 917 4793 θελήσεις
939 4723 985 4784 καλ

200 4810 324 4889 ἀνεργείας
348 4808 521 4881 κατολληλως
541 4814 623 4893 αὐτῷ,
639 4816 708 4890 θμοῦ
721 4833 750 4870 τι
770 4808 845 4893 φύσει
865 4812 927 4894 θεῷ
939 4812 984 4872 καῖ

199 4896 325 4980 ἀνθρώπῳ
347 4895 400 4956 ἀντι
412 4901 450 4979 τῷ
463 4901 544 4981 αὐτῷ,
567 4898 693 4961 πισιεόιιν
713 4901 907 4979 καθομολογεῖν
922 4901 984 4959 ἀπε-

198 4985 343 5064 τρόιιημεν.
358 4984 468 5045 edos.
485 4985 599 5060 Ὄντως,
612 4987 737 5059 nm,
748 4987 793 5046 καὶ
805 4987 984 5065 ἡμεῖςθμολο·

95 5078 99 5103 ¹
199 5079 296 5152 Υθῧμῑν
310 5075 354 5134 καὶ
367 5071 412 5140 τὰς
435 5072 521 5155 φύσεις
545 5076 592 5136 καὶ
611 5075 744 5158 διαρόρους
769 5075 906 5155 ἐνεργείας,
921 5098 982 5135 τω.

199 5159 282 5234 τόσοι,
301 5161 370 5221 θιῖαν
382 5183 412 5220 τι
433 5161 478 5222 καλ
490 5163 648 5244 ἀνθρωπίνην
661 5188 669 5203 ·
692 5163 737 5223 καλ
749 5159 884 5232 θελητικὴν
904 5164 983 5222 akob

199 5247 246 5322 τὴν
260 5248 379 5322 θεότητιι,
400 5249 445 5310 καλ
462 5249 597 5323 θελητικὴν
610 5255 689 5312 misdi
707 5248 755 5322 τὴν
775 5248 981 5328 ἀνθρωπότηια·

201 5336 287 5409 dandal
301 5341 348 5397 οὐκ
360 5336 420 5397 ἄνευ
433 5337 560 5409 θελήσως
573 5329 605 5411 ἦν
618 5343 636 5410 ἡ
650 5336 724 5418 ψυχὴ
745 5339 833 5396 m'xro'ti⁸
850 5333 904 5396 Δόο
915 5334 982 5397 dot

199 5423 324 5505 λέγομεν,
337 5423 380 5485 ἵνα
394 5422 432 5503 μὴ
446 5422 594 5505 μαχόμενον
613 5425 689 5486 αὐτὸν
703 5429 773 5508 eleb
788 5423 979 5504 εἰσαγάγωμεν.

203 5512 334 5576 HET(
347 5503 405 5586 οάνς
424 5513 469 5573 δύο
487 5509 574 5596 ρόσεις
587 5511 717 5595 λόγοντες,
734 5513 885 5596 μαχομόνας
903 5510 982 5582 det<

1056 4477 1171 4534 cbristo
1183 4479 1280 4535 dicere
1293 4493 1379 4536 unam
1398 4482 1614 4552 operationem?
1627 4485 1702 4539 Max.
1719 4484 1882 4543 Quodam

1056 4571 1184 4622 sanctam
1212 4567 1391 4638 scripturam
1428 4575 1599 4643 sanctosque
1623 4574 1731 4646 Patres,
1759 4574 1802 4631 nil
1827 4576 1883 4632 tale

1055 4654 1208 4713 dicendum
1225 4658 1415 4728 suscepimus.
1429 4660 1482 4715 Sed
1497 4662 1738 4732 quemadmodum
1753 4665 1829 4723 duas
1840 4678 1884 4721 na

1056 4748 1137 4802 tures
1151 4745 1297 4803 Christum
1306 4761 1341 4803 ex
1351 4747 1458 4819 quibus
1470 4756 1499 4806 et
1509 4756 1561 4815 est,
1575 4751 1650 4808 itaet
1662 4754 1812 4812 naturales
1821 4757 1884 4828 ejus

1054 4834 1218 4892 voluntates
1230 4838 1258 4891 et
1272 4837 1453 4905 operationes
1465 4841 1666 4898 convenientes
1675 4840 1746 4913 sibi,
1760 4857 1827 4901 cum
1845 4846 1884 4902 sit

1056 4928 1159 4979 natura
1169 4925 1245 4980 Deus
1258 4923 1332 4981 ldcm
1348 4923 1410 4996 ipse
1423 4925 1510 4984 simul
1525 4933 1554 4984 et
1567 4929 1660 5002 bomo,
1679 4931 1797 4989 credere
1807 4934 1882 5005 jussi

1056 5025 1156 5067 sumus
1177 5017 1206 5068 et
1228 5012 1369 5070 conburi.
1394 5015 1496 5071 incon.
1520 5016 1601 5089 Vere,
1621 5020 1748 5093 domine,
1778 5027 1808 5080 et
1832 5036 1884 5079 nos

1055 5100 1224 5157 confitemur
1236 5107 1265 5157 et
1278 5109 1395 5160 naturas
1409 5108 1436 5161 et
1444 5106 1624 5175 operationes
1638 5108 1779 5178 diversas,
1795 5113 1825 5170 id
1841 5121 1884 5171 est

1054 5188 1183 5245 divinam
1205 5194 1233 5245 ct
1249 5190 1412 5265 humanam,
1428 5199 1516 5266 atque
1538 5195 1631 5267 ipsius
1646 5212 1712 5255 cum
1734 5200 1884 5260 voluntate

1053 5277 1200 5350 deitatem,
1223 5280 1271 5336 sed
1291 5284 1397 5338 etcum
1413 5283 1559 5342 voluntate
1580 5286 1779 5346 humanitem:
1806 5307 1885 5363 quo-

1056 5367 1884 5449 niamsinevoluntatenullatenuseratanimaejns.Duas

1056 5460 1152 5512 autem
1166 5471 1221 5514 non
1235 5457 1371 5533 dicimus,
1386 5473 1421 5516 ne
1434 5460 1510 5518 bunc
1524 5462 1642 5521 sibimet
1656 5479 1784 5540 pugnam
1804 5470 1884 5530 inie-

1060 5549 1168 5604 rentem
1179 5546 1404 5608 introducamus.
1415 5550 1490 5610 Max.
1503 5552 1614 5623 Ergone
1627 5553 1701 5614 duas
1712 5561 1833 5620 naturas
1841 5563 1884 5624 di·
