3876 6090
127 235 199 294 ιιιι
725 302 728 308 ,
835 234 1038 294 nansnrcrro
1056 238 1122 294 om.
1759 240 1828 301 ιιιι

125 358 218 416 luisse
231 367 372 431 suscepta.
383 361 447 416 llaec
460 358 561 415 multis
575 359 668 416 modis
682 372 784 432 genera
798 374 857 417 sua
874 359 952 416 locu·
962 362 991 419 Α
1007 357 1099 414 inesse
1110 358 1303 416 nihilominus
1312 358 1419 416 virtute
1429 360 1579 418 sentimus.
1591 364 1661 419 Nam
1672 366 1828 437 ernposto

125 448 218 504 tionis
231 454 343 506 exercet
355 447 575 505 delinitionibus
588 447 950 517 succincta,schematibus
1006 444 1052 500 lus
1066 451 1142 502 vetat
1165 461 1216 503 nos
1231 447 1328 503 seduci
1350 461 1400 517 per
1412 460 1512 504 vanam
1527 450 1698 520 sapientiam
1725 455 1826 512 mundi

122 537 455 607 decora,vcrborumque
462 535 634 606 proprietate
642 536 950 608 signata,syllogismo
1005 529 1110 603 (tipice.
1126 548 1153 589 v.
1167 533 1211 608 6);
1233 536 1288 592 ista
1302 549 1368 593 vero
1384 549 1440 592 non
1460 535 1580 609 abnegat
1600 539 1630 595 in
1644 539 1752 598 litteris
1765 555 1827 600 esse

125 624 947 697 rumcomplexionibusenpedlta,disciplinisirrutilans,
1003 620 1122 677 divinis.

125 729 182 772 non
192 721 301 772 tantum
316 714 555 784 aheisaccipiens
565 720 730 770 extraneum
743 714 882 782 decorem,
899 713 947 769 sed
1038 710 1118 765 Certe
1137 712 1305 769 accedamus
1329 713 1363 769 ad
1395 713 1528 783 psalmos,
1555 719 1583 770 et
1605 715 1824 793 interrogemus,

124 805 223 875 potius
250 804 312 860 illis
338 803 482 874 propriam
509 801 657 858 conterens
678 801 860 873 dignitatem.
885 802 948 855 llaec
1004 799 1360 869 quaomnidisputatione
1375 802 1621 871 majorestrerum
1635 803 1727 860 tidem.
1745 808 1824 863 Istud

123 894 200 948 enim
214 893 329 963 quaudo
345 892 373 948 in
392 892 502 947 divinis
521 891 682 960 Scripturis
697 890 856 960 splendent,
870 895 949 944 certa
1002 897 1069 957 ergo
1092 888 1260 959 principale,
1282 890 1444 960 virgineum
1469 897 1498 945 et
1523 890 1648 948 salutare
1667 893 1825 952 locutionis

122 987 209 1052 atque
219 981 375 1051 purissima
388 985 464 1036 sunt.
476 980 545 1035 Cum
558 992 623 1034 vero
638 979 672 1034 ad
688 978 839 1048 opiniones
851 976 949 1032 homi·
1002 987 1101 1044 genus,
1122 975 1291 1047 plerumque
1303 990 1348 1034 res
1362 977 1477 1048 aliquas
1494 978 1589 1048 relert,
1604 986 1633 1036 et
1655 996 1729 1051 sape
1741 983 1824 1055 longe

124 1082 192 1124 num
212 1076 241 1125 et
260 1069 432 1140 quaestiones
455 1068 642 1124 inanissimas
658 1066 786 1135 veniunt,
800 1064 946 1135 ambiguis
1000 1060 1068 1132 alia,
1082 1078 1144 1133 qum
1156 1065 1451 1136 audiunturexponit.
1463 1067 1770 1140 Simplicitasduplex;
1784 1076 1822 1136 et,

124 1157 343 1214 altercationum
371 1157 507 1213 ductibus
526 1156 663 1228 agitatur,
688 1159 721 1210 ut
741 1153 816 1224 quod
834 1152 881 1209 hic
904 1158 948 1208 est
1001 1151 1064 1205 sine
1077 1151 1144 1208 dolo
1156 1151 1338 1225 bilinguitas,
1352 1155 1429 1210 siout
1450 1153 1650 1227 lecittoseph3
1675 1159 1736 1228 qui,
1753 1160 1821 1216 dum

123 1245 288 1302 firmissime
306 1259 417 1311 semper
431 1259 528 1302 rernm
543 1243 706 1314 frequenter
722 1241 793 1298 alibi
810 1241 947 1298 reddatur
1001 1237 1103 1296 tratres
1116 1255 1184 1298 suos
1205 1248 1321 1313 aspectu
1336 1245 1397 1314 ipso
1421 1249 1449 1300 et
1462 1258 1592 1301 sermone
1608 1247 1701 1315 patrio
1713 1260 1823 1318 cogno-
1922 1304 1927 1309 .

123 1336 274 1391 incertum.
290 1335 337 1390 Sic
349 1338 378 1391 et
394 1334 423 1389 in
442 1333 542 1405 lingua
555 1337 662 1404 nostra,
673 1333 741 1388 dum
757 1330 945 1401 psalmodiam
1000 1327 1098 1399 visset,
1120 1331 1160 1386 ita
1174 1332 1217 1387 eis
1231 1330 1382 1388 videbatur
1396 1331 1488 1403 loqui,
1506 1339 1538 1389 ut
1549 1333 1715 1391 nullatenus
1728 1340 1823 1405 posset

121 1425 210 1494 canit,
227 1422 378 1479 nobilitate
393 1422 524 1478 veritatis
549 1427 677 1478 ornatur.
698 1421 768 1476 Cum
784 1420 819 1476 ad
832 1418 945 1475 tabulas
999 1418 1115 1488 agnosci
1129 1417 1203 1489 (den.
1219 1434 1287 1490 nnrr,
1303 1418 1349 1493 8),
1365 1422 1441 1492 quod
1458 1420 1519 1477 ‘non
1535 1423 1627 1479 estad
1643 1424 1823 1495 deceptionis

123 1514 234 1582 ineptas
256 1516 284 1567 et
304 1511 469 1581 blasphema
484 1524 514 1566 se
526 1510 611 1565 verba
632 1509 816 1580 converterit,
840 1508 875 1563 ab
890 1507 946 1564 ho-
1000 1507 1129 1563 studium
1144 1516 1301 1580 sumptum,
1313 1510 1361 1566 scd
1379 1511 1413 1566 ad
1427 1512 1606 1568 commodum
1623 1526 1730 1584 magnae
1742 1513 1824 1570 utili-

123 1614 190 1656 nore
201 1599 353 1670 probitatis
367 1599 544 1668 excluditur,
566 1599 644 1655 siout
661 1597 810 1668 apostolus
822 1595 945 1652 lacobu's
999 1595 1068 1651 tatis
1099 1596 1239 1654 eliectnm.
1271 1597 1403 1655 llebraeos
1428 1612 1572 1655 sermones
1597 1601 1725 1671 adhibet,
1749 1615 1823 1659 cau-

120 1689 209 1744 dicit:
229 1689 293 1744 «Ex
307 1689 370 1758 ipso
381 1685 639 1744 orebenedicimus
650 1688 738 1742 licum
748 1687 904 1754 etPatrem,
916 1688 945 1740 et
960 1695 985 1756 Β
999 1697 1046 1740 sas
1068 1683 1311 1754 profundissimas
1326 1687 1487 1743 innuentes.
1514 1687 1604 1743 Unam
1627 1702 1684 1744 rem
1701 1689 1732 1745 in
1748 1689 1822 1746 malo

120 1777 229 1847 exipso
241 1776 496 1833 oremaledicimus
509 1775 663 1845 hominem,
680 1775 730 1845 qui
743 1775 778 1830 ad
792 1774 943 1846 imaginem
998 1773 1080 1828 etin
1104 1773 1179 1830 hono
1212 1774 1379 1845 plerumque
1408 1776 1498 1847 ponit,
1532 1781 1575 1846 ut,
1600 1777 1676 1847 quod
1706 1779 1822 1836 nornine

120 1871 149 1920 et
163 1864 386 1922 similitudinem
405 1866 454 1920 liei
477 1864 571 1922 tactus
591 1868 634 1919 est
647 1866 713 1930 (loc.
735 1877 778 1933 ιιι,
794 1862 944 1933 titilius
999 1860 1113 1916 videtur
1134 1874 1375 1934 essecommnne;
1398 1863 1533 1933 probetur
1548 1864 1740 1935 qualitatibus
1756 1866 1821 1923 dis·
1908 1915 1911 1919 .

124 1955 331 2010 mundanarum
351 1952 655 2024 artiumperivilqnos
674 1953 945 2024 tamenmultopo-
999 1963 1124 2019 crepare.
1155 1950 1288 2007 Caelestia
1324 1952 1447 2007 terrenis
1476 1958 1633 2023 comparat,
1661 1960 1703 2021 ut,
1744 1954 1819 2026 quod

121 2043 229 2097 sterius
242 2042 277 2097 ab
301 2042 419 2099 exordio
435 2042 600 2098 divinorum
626 2041 766 2097 librorum
786 2043 942 2114 exstitisse,
1000 2038 1302 2108 incomprehensibilis
1324 2041 1491 2111 magnitudo
1511 2044 1587 2097 vetat
1611 2041 1746 2114 intelligi,
1772 2056 1822 2113 per

123 2131 304 2188 manifestum
315 2133 367 2205 est)
381 2132 415 2188 ad
429 2131 864 2201 collectionesargumentorum,
881 2145 944 2201 quae
999 2128 1166 2183 notissimas
1190 2128 1399 2185 similitudines
1422 2130 1512 2200 possit
1533 2130 1652 2186 adverti.
1671 2133 1702 2186 ln
1727 2131 1821 2189 verbis

119 2220 210 2275 Graeci
228 2222 321 2290 topica
346 2220 458 2290 dicunt,
482 2226 510 2276 et
532 2221 567 2276 ad
591 2225 680 2275 artem
704 2219 896 2290 dialecticam,
916 2225 944 2275 et
998 2224 1092 2272 autem
1108 2218 1237 2273 serendis
1254 2219 1326 2274 mira
1344 2219 1470 2288 potentia
1492 2225 1545 2290 est,
1562 2225 1594 2276 ut
1613 2220 1710 2277 subito
1722 2226 1819 2292 operta

120 2308 291 2365 rhetoricam
314 2310 535 2377 transtulerunt,
556 2314 587 2365 ut
602 2308 715 2365 cunctis
732 2309 877 2365 evidenter
888 2323 943 2379 ap·
998 2305 1082 2361 nobis
1116 2312 1202 2377 atque
1235 2307 1539 2376 incomprehensibilia
1563 2309 1677 2365 duobus
1706 2309 1819 2366 tribus-

120 2404 226 2469 pareat,
242 2399 323 2469 prins
333 2399 367 2453 ad
380 2399 593 2468 exprimendam
601 2399 747 2454 veritatem
756 2397 845 2468 justis
860 2411 944 2453 men·
997 2407 1052 2464 que
1076 2395 1258 2451 sermonibus
1272 2395 1461 2466 explicentur.
1482 2396 1556 2467 Quid
1573 2397 1690 2455 brevius
1701 2397 1820 2455 dicam‘l

119 2486 313 2556 tibusdatum,
327 2486 401 2558 quod
415 2491 509 2557 postea
522 2486 782 2559 gentileshumanae
793 2485 941 2557 sapientia
996 2480 1159 2554 frequenter
1179 2484 1277 2554 etiam,
1303 2498 1360 2540 una
1374 2484 1483 2555 syllaba
1510 2485 1681 2543 inetlahilem
1703 2487 1818 2543 Domini

117 2576 273 2645 aptandum
287 2590 349 2632 esse
364 2580 545 2646 putaverunt.
996 2577 1125 2627 naturam
1139 2573 1324 2642 demonstrat,
1342 2579 1425 2629 utest
1441 2573 1513 2630 illud
1529 2593 1535 2628 :
1550 2575 1603 2641 Qui
1625 2581 1673 2646 cst,
1689 2578 1820 2631 misitne

154 2669 216 2723 llaec
231 2667 261 2721 in
276 2666 450 2723 lectionibus
462 2667 563 2735 sacris,
580 2670 715 2738 unquam
728 2665 889 2723 clarissima
905 2666 942 2722 si·
995 2659 1092 2730 (Euod.
1108 2674 1151 2730 111,
1169 2658 1221 2733 ll).
1237 2662 1326 2731 cujus
1339 2675 1421 2718 omne
1433 2662 1549 2719 verbum
1563 2663 1711 2721 subtiliter
1724 2665 1821 2736 inqui·

117 2754 196 2822 dera,
220 2755 357 2826 relucent,
374 2760 402 2811 et
424 2755 635 2826 significantias
652 2768 747 2811 rerum
772 2754 941 2810 utilissimis
995 2749 1083 2805 situm
1096 2750 1221 2820 copiosis
1234 2750 1367 2807 sensibus
1383 2752 1514 2808 scaturit.
1530 2754 1611 2825 Nam,
1625 2754 1702 2810 sicut
1716 2753 1820 2810 techn-

118 2841 298 2911 compendiis
309 2843 441 2898 decenter
462 2842 649 2914 illuminant,
664 2857 728 2912 guae
753 2857 805 2899 nos
817 2843 941 2899 breviter
994 2838 1135 2897 dissimns
1146 2852 1214 2911 ager
1229 2838 1388 2895 odoriferas
1413 2840 1515 2897 herbas
1528 2842 1616 2898 saluti
1633 2847 1736 2900 nostrae
1749 2857 1819 2913 pro-

119 2931 192 2986 locis
212 2930 374 2999 aptissimis
394 2930 621 2986 admonebimus.
647 2930 788 3000 Quoniam
810 2945 856 2988 res
871 2932 940 3002 ipsae
994 2928 1289 2997 ducitaccommodas,
1301 2928 1630 3001 siclectiodivina,cum
1643 2945 1691 3001 per
1704 2931 1819 3004 singula

117 3018 349 3075 commodissime
371 3019 548 3074 deducentur
575 3019 611 3075 ad
637 3019 773 3090 medium,
795 3034 846 3091 per
869 3035 940 3093 quas
954 2997 979 3061 (ἶ
994 3017 1078 3073 verba
1088 3016 1258 3087 requiritur,
1270 3030 1381 3088 semper
1392 3016 1531 3074 illiccura
1545 3020 1650 3075 mentis
1661 3021 1767 3077 sanciae
1778 3036 1819 3079 re·

116 3109 246 3177 concepti
269 3121 371 3164 sensus
395 3106 504 3162 clarius
526 3105 691 3163 elucebunt.
714 3110 783 3164 Nam
807 3113 835 3165 et
860 3110 940 3164 Pater
994 3108 1115 3179 peritur.
1130 3106 1264 3176 Decujus
1278 3106 1448 3178 eloquentiae
1462 3107 1555 3163 modis
1571 3109 1655 3165 multi
1671 3110 1768 3167 Patres
1781 3111 1819 3168 la·

116 3196 307 3268 Augustinus,
327 3197 356 3252 in
372 3195 447 3252 libro
458 3208 502 3268 111,
517 3197 553 3253 de
565 3196 702 3252 Doctrina
711 3197 886 3268 Christiana,
899 3199 940 3253 ita
994 3195 1424 3268 tiusprolixiusquedixerunt3
1435 3210 1557 3267 quorum
1568 3197 1684 3254 nomina
1694 3198 1819 3256 inlibris

118 3283 939 3355 protessusest:nsciantautemlitteratimodisomnium
996 3285 1818 3357 introductoriiscornmemorandaperspeximussedlons

117 3373 306 3444 locutionum,
323 3387 395 3445 quos
410 3373 589 3445 grammatici
602 3373 700 3429 Graeco
715 3375 830 3430 nomine
842 3380 941 3445 tropos
995 3374 1045 3431 illc
1058 3373 1193 3446 coelestis,
1207 3378 1346 3445 quantum
1361 3374 1476 3431 assidue
1490 3380 1602 3432 constat
1615 3376 1737 3447 hauriri,
1750 3381 1818 3432 tan-

115 3469 227 3534 vocant,
241 3471 372 3520 auctores
382 3468 496 3520 nostros
508 3477 576 3520 usos
588 3462 688 3520 luisse.
702 3482 715 3514 s
732 3466 765 3519 Et
780 3463 942 3534 paulopost
995 3468 1055 3520 tum
1068 3464 1160 3519 nescit
1172 3463 1302 3533 expendi.
1320 3463 1359 3520 hc
1371 3477 1406 3519 ne
1417 3464 1531 3520 diutius
1545 3464 1575 3520 in
1584 3464 1766 3537 generalibus
1776 3478 1817 3522 re

116 3552 283 3623 sequitant(
296 3557 472 3624 quostamen
485 3557 592 3626 tropos,
605 3553 698 3625 idest,
712 3553 812 3608 modos
822 3552 941 3609 locutio
995 3565 1148 3624 moremur,
1166 3553 1303 3623 specialia
1316 3553 1460 3624 Psalterii,
1474 3554 1595 3610 Domino
1610 3554 1740 3626 juvante,
1754 3555 1817 3611 tin-

116 3654 185 3697 nnm
201 3641 251 3711 qui
268 3648 416 3713 noverunt,
431 3647 590 3714 agnoscunt
603 3643 632 3698 in
649 3643 756 3700 litteris
764 3641 881 3711 sanctis,
898 3653 941 3698 eo
995 3655 1104 3714 gamus.
1121 3642 1261 3712 Quoniam
1277 3642 1339 3713 ipsa
1352 3656 1397 3699 res
1407 3643 1552 3707 evidenter
1563 3644 1739 3716 agnoscitur,
1753 3657 1816 3715 quae

117 3744 238 3801 rumque
253 3731 386 3800 scientia,
401 3731 436 3787 ad
449 3744 497 3787 eas
507 3732 710 3803 intelligendas
724 3730 939 3803 aliquantulum
994 3731 1196 3788 communibus
1204 3732 1289 3787 rebus
1300 3732 1467 3804 premissis,
1477 3737 1573 3803 postea
1581 3732 1741 3804 subaliqua
1755 3745 1818 3803 pro·

115 3819 297 3888 adjuvantur.
311 3820 471 3890 »Cujusrei
482 3826 510 3877 et
521 3821 551 3877 in
561 3819 860 3877 aliiscodicibussuis
873 3817 942 3875 lecit
996 3821 1116 3892 prietate
1127 3819 1313 3876 describitur.

115 3908 361 3966 evidentissimam
382 3910 565 3966 mentionem.
587 3914 619 3968 ln
633 3910 720 3965 libris
733 3911 850 3981 quippe,
868 3924 941 3989 quos
1120 3911 1191 3965 XVI.
1213 3913 1250 3965 lle
1262 3911 1377 3981 propriu
1389 3911 1541 3981 eloquentia
1551 3911 1691 3968 Psolteaa'c'.

114 3999 270 4069 appellavit
288 3999 431 4056 demodis
448 4000 647 4072 locutionum,
670 4000 783 4057 diversa
797 4001 942 4058 schemata
1030 3999 1158 4056 Primum
1172 4004 1226 4067 est,
1241 4001 1315 4072 quod
1333 4001 1388 4071 ipsi
1414 4007 1524 4058 tantum
1548 4000 1650 4071 psalmi
1671 4000 1814 4074 singulari

115 4087 299 4144 saecularium
319 4089 481 4146 litterarum
499 4090 622 4146 inveniri
640 4090 769 4160 probavit
792 4091 821 4146 in
834 4090 942 4150 litteris
996 4091 1111 4148 nomine
1121 4088 1388 4159 vocitantur3quos
1400 4104 1452 4146 nos
1461 4089 1602 4147 adhibitis
1611 4090 1697 4160 huy'us
1707 4090 1815 4164 linguar

115 4178 407 4236 sacrishliosautcm
414 4180 547 4249 proprios
556 4179 653 4237 modos
662 4180 941 4252 indiviniseloquiis
996 4177 1193 4250 peritissimis,
1206 4189 1271 4232 cum
1283 4189 1381 4231 eornm
1394 4178 1539 4235 volumine
1549 4176 1737 4250 conterentes,
1750 4193 1815 4236 ser-

114 4278 178 4322 esse
210 4268 374 4340 declaravit,
404 4282 476 4339 quos
499 4269 690 4341 grammatici,
724 4269 784 4327 sive
813 4271 941 4329 rhetores
994 4275 1059 4326 vato
1079 4282 1134 4324 usu
1156 4265 1349 4336 psallentium,
1372 4266 1434 4321 suis
1455 4267 1586 4324 versibus
1609 4267 1815 4325 estimavimus

115 4356 282 4414 nullatenus
294 4360 461 4431 attigerunt.
471 4357 610 4416 Dinerunt
630 4360 682 4416 hoc
694 4361 769 4431 apud
786 4373 837 4418 nos
847 4368 874 4419 et
887 4354 979 4419 aliiD
994 4374 1055 4418 esse
1070 4355 1238 4425 reddendos,
1254 4366 1290 4409 ne
1308 4366 1338 4409 se
1354 4353 1384 4407 in
1400 4361 1602 4426 praesumptum
1615 4357 1745 4415 ordinem
1759 4370 1815 4413 au-

112 4445 276 4502 doctissimi
294 4448 400 4518 Patres,
424 4447 453 4504 id
475 4453 527 4519 est,
544 4449 743 4520 Hieronymus,
758 4450 938 4523 Ambrosius,
994 4449 1113 4506 ctoritas
1128 4443 1264 4516 permista
1276 4439 1471 4499 contunderet.
1484 4443 1600 4516 Deinde,
1612 4447 1687 4515 quod
1702 4446 1813 4503 nultum

113 4534 253 4606 Hilarius,
264 4540 544 4609 utnequaquamnos
554 4544 775 4609 praesumptores
787 4540 874 4611 huius
886 4541 937 4613 rei,

112 4623 162 4679 scd
177 4624 340 4696 pedissequi
354 4627 511 4684 videamur.

146 4712 201 4769 Sed
212 4713 404 4785 dicitaliquis
414 4736 420 4772 :
432 4719 489 4774 Nec
505 4722 599 4788 partes
613 4720 681 4790 ipsae
692 4719 936 4793 syllogismorum,

992 4538 1073 4595 aliud
1084 4550 1157 4607 opus
1171 4531 1355 4590 auctoritatis
1368 4529 1474 4587 divinae
1490 4528 1541 4587 loo
1553 4534 1730 4592 sectionibus
1742 4549 1815 4593 con·
1920 4550 1922 4555 ·

993 4628 1112 4685 tinctur.
1128 4624 1182 4680 Ubi
1197 4623 1273 4679 enirn
1287 4625 1329 4678 tot
1345 4617 1424 4676 tituli
1439 4618 1553 4675 diversa
1568 4618 1703 4691 leguntur
1717 4624 1815 4681 varie-

993 4711 1295 4784 tateconscripti‘lhic
1305 4708 1378 4766 illud
1390 4707 1517 4764 votivum
1527 4720 1639 4778 nomen,
1661 4711 1812 4770 olhluiuin
1863 4758 1868 4770 ι

112 4804 936 4882 necnominaschematum,necvocahuladisciplinarum,
992 4801 1288 4876 superscriptionibus
1303 4796 1471 4868 inchoavit,
1499 4795 1557 4866 hic,
1583 4803 1813 4860 commemoratio

112 4902 166 4945 nec
180 4890 238 4947 alia
248 4893 447 4964 hujuscemodi
463 4896 607 4954 ullatenus
621 4897 809 4954 inveniuntur
824 4898 853 4953 in
867 4898 940 4969 psal·
992 4895 1122 4952 historie
1135 4894 1171 4949 de
1183 4893 1311 4962 Regnum
1327 4891 1416 4945 tracta
1426 4884 1581 4954 volumine,
1594 4882 1623 4939 in
1636 4883 1698 4953 ipso
1713 4885 1813 4948 limine

114 4978 180 5034 mis.
197 4983 386 5041 inveniuntur
401 4985 483 5055 plane
505 4985 535 5041 ln
551 4986 658 5042 virtute
673 5000 819 5059 sensuum,
834 5001 890 5044 non
906 4989 937 5044 in
992 4984 1085 5057 posita
1108 4983 1230 5039 virtutes
1254 4978 1386 5036 noscitur
1400 4974 1529 5031 indicare
1549 4972 1724 5044 psalmorum
1740 4991 1748 5042 3
1765 4976 1811 5035 hir

110 5064 246 5128 effatione
256 5073 416 5130 verborum.
427 5074 561 5131 Sisenim
572 5076 637 5132 vina
647 5075 676 5131 in
686 5075 806 5148 vitibus,
820 5090 937 5133 messem
991 5075 1087 5143 etiam,
1103 5070 1292 5143 diapsalmata
1307 5071 1419 5123 tanturn
1433 5063 1581 5133 interjecta
1596 5065 1811 5137 monstrantnr3

112 5160 145 5215 iu
160 5160 278 5232 semine,
306 5162 422 5220 frondes
441 5164 471 5220 in
485 5164 643 5234 radicibus,
666 5163 779 5221 tructus
793 5165 822 5220 in
837 5166 935 5237 ramis,
992 5165 1049 5234 hic,
1062 5161 1164 5234 psalmi
1179 5159 1336 5216 secundum
1353 5155 1473 5211 virtutes
1485 5166 1563 5225 suas,
1575 5165 1759 5210 numerorum
1769 5167 1812 5209 or·

109 5247 230 5307 arbores
245 5251 322 5319 ipsas
341 5266 427 5310 sensu
443 5254 670 5325 contemplamur
686 5255 715 5310 in
729 5255 850 5312 nucleis.
867 5258 936 5313 Nam
991 5255 1074 5311 dines
1087 5254 1193 5309 tenent.
1210 5248 1293 5305 Liber
1306 5245 1446 5302 inchoans
1460 5257 1476 5300 a
1491 5243 1671 5300 beatitudine
1689 5242 1811 5316 Christi,

108 5337 186 5393 etde
200 5340 427 5409 profundissima
444 5343 546 5414 abysso
560 5343 718 5401 deliciosus
740 5344 829 5414 piscis
842 5346 937 5402 attin·
989 5342 1059 5399 Novi
1075 5346 1103 5397 et
1119 5338 1226 5396 Veteris
1248 5335 1419 5394 Testamenti
1440 5336 1616 5390 sacramenta
1631 5344 1809 5402 percurrens.

108 5425 201 5500 gitur,
223 5430 274 5501 qui
299 5436 393 5489 tamen
417 5437 483 5488 anm
504 5433 665 5503 captionem
693 5447 775 5491 suam
800 5434 935 5492 humanis
990 5429 1226 5488 laudibussacris
1239 5430 1267 5483 et
1279 5432 1376 5483 sancta
1389 5419 1764 5493 jubilationeconcluditur,
1779 5425 1812 5479 ut
1881 5420 1888 5429 '

108 5516 206 5574 oculis
219 5532 276 5577 non
290 5521 419 5579 videtur.
437 5522 538 5580 llerito
552 5536 620 5597 ergo
642 5536 704 5583 esse
715 5524 852 5598 dicimus,
870 5538 933 5597 quae
989 5520 1092 5578 merito
1104 5531 1135 5576 se
1148 5516 1200 5574 tali
1213 5528 1328 5574 munere
1342 5510 1506 5571 consoletur
1519 5507 1647 5566 Ecclesia
1661 5528 1669 5581 ς
1685 5523 1748 5581 quae
1761 5510 1809 5568 hic
