3876 6090
109 244 166 309 633
472 253 724 319 consecranda.
735 290 773 305 —
789 263 919 323 DISPUT.
940 265 1043 325 lNTEli
1062 267 1089 324 S.
1111 267 1238 326 lldxlli
1256 272 1299 329 ΕΤ
1317 273 1440 331 ΤΗΕΟΙ).
1763 274 1820 339 θθί

139 421 229 474 τοῦτο,
243 416 277 475 Εἰ
290 412 340 498 γρ,
354 415 421 482 oei:
434 414 503 477 gom
515 420 583 495 γη,
594 418 745 501 Ἐ,,,γ,,γ,,,
756 421 857 500 ,ΨΜ
873 417 918 495 μγ,
955 395 986 456 Α
998 397 1130 454 doctores
1141 399 1217 456 Dens
1227 402 1355 457 omnium
1365 403 1562 473 dispensavit?
1572 407 1605 461 Et
1618 407 1816 481 inspiciamus,

138 502 312 571 ἀποστόλους.
338 503 452 587 δεύτερον
475 507 618 590 προφήτας.
644 509 727 588 τρίτον
750 508 917 575 διδασκαλους

135 591 201 671 πρὸς
215 591 259 651 τὸν
267 592 444 675 καταρτισμὸν
453 597 504 652 τῶν
515 593 609 671 ἁγίων·
622 595 738 676 dipsade,
749 599 821 678 ἓντῷ
833 598 917 675 Εὐαγ-

134 679 217 763 γελίῳ
240 685 295 747 τοῖς
316 679 482 759 ἀποστόλοις,
502 683 545 743 καλ
556 684 587 741 δι’
602 688 696 759 αὐτῶν,
717 685 834 751 καὶτοῖς
858 687 914 762 μετ’

135 770 230 834 ebron
243 791 252 807 ·
265 768 303 828 οδ
313 772 374 844 ὑμῖν
393 767 473 848 λέγω,
495 779 560 829 πᾶσι
578 769 679 848 λέγω.»
701 774 753 832 Καὶ
766 772 857 830 πόλιν·
880 777 916 832 τό

134 853 275 934 δεχόμενος
287 860 363 934 ὑμᾶς,
386 857 433 935 ἐμὲ
454 857 567 937 δέχεται,
583 861 626 919 καὶ
640 864 653 919 δ
668 864 762 920 ἀθετῶν
775 866 853 938 ὑμᾶς,
869 859 915 938 ἐμὲ

134 944 254 1003 ibent·
271 947 356 1017 Δῆλον
370 943 409 1005 ότι
419 944 556 1028 προφανὲς,
572 947 599 1013 ὃς
615 953 629 1007 i
643 947 680 1027 μὴ
703 948 839 1029 δεχόμενος
857 948 915 1017 τοὺς

134 1031 297 1101 ἀποστόλους
311 1034 355 1095 καλ
367 1035 498 1117 προφήτας
510 1036 554 1096 καὶ
568 1037 736 1104 διδασκάλους
748 1037 806 1096 ἀλλ’
819 1041 914 1097 ἀθετῶν

135 1122 221 1181 αὐτῶν
233 1118 280 1188 τάς
291 1119 388 1206 φωνὰς,
398 1121 570 1182 αὗτὸδάθετεῖ
581 1122 625 1183 τὸν
638 1123 758 1210 Χριστόν.

136 1541 144 1553 ,γ
172 1480 227 1541 Καὶ
240 1480 307 1541 ἀλλο
319 1478 347 1540 δὲ
360 1505 543 1561 σκοπησωμεν.
553 1483 587 1542 Ὁ
596 1481 663 1549 Θεὸς
673 1482 836 1562 ἐκλεξάμενος
852 1475 895 1558 ίξή
901 1519 912 1529 -

134 1568 214 1651 Ιγειρεν
227 1567 390 1637 ἀποστόλους
404 1570 447 1630 καλ
455 1571 589 1654 προφήτας
602 1571 645 1630 καλ
658 1572 834 1647 διδασκαλους,
850 1573 912 1654 πρὸς

135 1657 176 1717 τὸν
188 1658 364 1739 καταρτισμὸν
378 1662 428 1717 τῶν
442 1658 530 1738 ἁγίων.
553 1662 586 1718 Ὁ
598 1657 625 1718 il
638 1658 765 1730 διοίόολος,
781 1664 910 1742 ψευδοπο-

134 1743 241 1814 euhoe<
254 1748 300 1807 καλ
312 1746 521 1828 ψευδοπροφήτας
535 1747 578 1807 καλ
591 1748 835 1830 ψευδοδιδασκοίλους
847 1750 912 1810 κατόν

134 1840 177 1906 τῆς
190 1835 321 1902 εθοεότίας
337 1834 501 1914 ἐκλεξάμενος
517 1836 651 1918 ἐξήγειρεν,
666 1833 790 1896 ὥστεκαὶ
804 1837 848 1896 τὸν
860 1863 911 1898 πα·

132 1921 199 1983 λοιὸν
209 1925 388 2003 πολεμηθῆναι
398 1922 486 2001 νόμον,
502 1926 545 1985 καλ
557 1924 601 1984 τὸν
615 1923 786 2003 εθαγγελικόν.
800 1927 911 1986 Ψευδα-

131 2009 275 2079 ποστόλως
289 2010 316 2070 δὲ
332 2013 375 2072 καί
383 2013 591 2095 ψευδοπροφήτας
610 2013 653 2072 καί
667 2013 912 2093 ψευδοδιδασκοίλους

133 2098 224 2178 μόνους
234 2102 287 2160 νοῶ
296 2098 356 2168 τοὸς
369 2097 522 2182 αίρετικοὸς,
538 2091 573 2160 ὗν
585 2104 609 2159 οἱ
621 2098 695 2178 λόγοι
705 2102 780 2161 καλοί
788 2103 911 2180 λογισμοί

131 2185 328 2270 διιστρκμμίνοι
341 2186 414 2247 είσίν.
430 2185 536 2269 Ὥσπερ
550 2179 593 2247 cde
614 2193 629 2248 i
645 2186 707 2254 τοὸς
726 2191 827 2261 ἀληθεῖς
842 2194 909 2252 ἀπο·

131 2273 239 2342 στόλους
250 2276 295 2336 καὶ
306 2275 440 2356 προφήτας
453 2276 497 2335 καί
507 2275 674 2343 διδασκάλους
686 2274 833 2356 δεχόμενος,
842 2279 910 2338 Θεὸν

130 2362 241 2444 δόχεται.
263 2362 357 2432 otro<
379 2365 422 2423 καὶ
445 2360 531 2429 brebe
550 2364 771 2442 ψευδαποστολονς
790 2368 833 2427 καὶ
845 2371 910 2448 ψευ-

129 2453 291 2535 δοπροφήτας
308 2451 353 2511 καὶ
367 2450 615 2534 ψευδοδιδασκοίλους
633 2450 781 2533 δεχόμενος,
796 2455 840 2514 τὸν
853 2456 907 2515 διαί·

129 2538 205 2601 όολον
218 2539 329 2622 δι’χεται.
355 2541 390 2599 ‘0
403 2538 487 2599 τοίνυν
505 2538 666 2600 ουνεκόαλδιν
681 2539 741 2608 τοὺς
755 2540 841 2621 ἁγίους
855 2548 908 2610 τοῖς

130 2628 232 2709 lessies
244 2631 289 2690 καί
297 2627 450 2713 &adimere
464 2631 619 2712 αἱρετικοῖς·
634 2628 852 2710 δίξασθελίγοντα
862 2631 909 2705 τήν

129 2719 265 2793 ἀλήθειαν·
293 2720 332 2801 τῷ
359 2715 471 2799 διαόόλιρ
495 2720 632 2802 προφανῶς
655 2717 700 2778 τὸν
727 2718 795 2780 Oete
808 2744 907 2802 συγκα-

211 2832 249 2869 εν.

129 2805 300 2957 &gaicus
312 2893 483 2975 γυμνάζοντες
495 2892 541 2962 td<
551 2893 692 2975 γενομίναε
702 2898 867 2977 καινοτομίας
882 2903 908 2960 ἐν

129 2988 178 3052 τοῖς
200 2983 335 3065 ἡμετέροις
354 2981 467 3065 χρόνοις,
486 2986 523 3049 εἰς
540 2989 618 3043 τοῦτο
637 2983 810 3053 καταντοιίσας
831 2985 908 3056 αὐτὸς

130 3071 278 3155 τδρίσκομεν
290 3072 323 3133 τὸ
342 3069 483 3154 ἀκρότατον
499 3071 587 3146 κακὸν,
610 3075 686 3154 δρᾶτε
700 3077 793 3151 μήπως
807 3075 907 3155 εἰρήνην

129 3158 354 3244 προφασιζόμενος
367 3157 414 3231 τήν
424 3157 582 3221 ἀποστασίαν
594 3163 733 3243 εθρεθῶμιν
741 3161 905 3235 νοσήσαντες,

129 3248 168 3308 καί
179 3247 358 3332 κηρύττοντος,
383 3248 415 3320 ἣν
434 3246 577 3330 πρόδρομον
597 3240 666 3309 εἶπεν
687 3248 788 3310 ἔσεσθαι
799 3254 847 3322 τῆς
861 3256 906 3311 τοῦ

136 3337 313 3419 Ἀντιχρίατου
319 3336 462 3418 παρουσίας
471 3340 486 3396 i
495 3340 560 3404 θεῖος
569 3334 818 3403 ἀπόστολοςΐαῦτα
826 3339 904 3422 χωρὶς

129 3423 272 3496 θκοοτολὴς
284 3416 355 3485 εἷπον
367 3427 439 3503 ὑμῖν,
454 3421 576 3484 δεσπόται
586 3447 648 3502 μου,
661 3422 703 3484 ἵνα
716 3424 834 3508 φείσησθε
846 3429 906 3487 ίαν-

127 3515 175 3570 οὖν
195 3536 226 3572 τε
248 3514 296 3574 καλ
320 3515 408 3590 ἡμῶν.
424 3509 550 3573 Kindia
572 3511 614 3572 ἵνα
635 3519 717 3573 ταῦτα
738 3512 905 3594 γεγραμμένα

128 3597 190 3681 ἔχων
203 3604 232 3662 ἀν
244 3606 279 3683 τῇ
292 3601 374 3683 βίόλῳ
391 3604 439 3674 τῆς
458 3599 572 3682 καρδίας,
592 3599 659 3660 theo
674 3602 835 3676 κοινωνήσων
849 3597 906 3685 ἕνῇ

127 3693 203 3750 τοῦτο
215 3688 369 3771 κηρύττεται
377 3689 530 3770 Ἐκκλησίφ,
544 3689 587 3750 καλ
597 3688 713 3769 γένωμαι
727 3691 845 3759 κοινωνὸς
853 3695 905 3752 τῶν

128 3779 225 3851 fludio<
240 3776 288 3856 μίν
309 3776 354 3839 τὸν
373 3776 453 3853 Θεὸν,
477 3775 905 3862 δῆθενδλτὸνδισίόολοντῷθεῷ

126 3863 363 3940 ουιαόαλλόντωνς
377 3861 425 3936 Μὴ
435 3862 537 3943 γενοιτό
558 3888 603 3944 μοι
615 3863 687 3950 παρὸ
698 3872 745 3927 τοῦ
762 3867 843 3938 Θεοῦ,
858 3872 905 3928 τοῦ

126 3955 155 4014 δι’
174 3952 223 4034 tpl
235 3952 373 4035 γενομένου
394 3953 618 4036 χυρλςόμαρτίατ.
635 3955 689 4015 Καὶ
703 3953 806 4036 βαλλδνν
821 3955 901 4036 ματαί-

125 4064 189 4104 νοναν
209 4033 297 4104 εἶπεν·
320 4040 404 4122 Ἐγὼ,
417 4039 442 4101 εί
455 4066 481 4102 τι
493 4040 612 4103 κελεύετε
625 4045 662 4111 εἰς
673 4043 717 4104 τὸν
730 4044 821 4104 δοῦλον
831 4047 904 4122 ὑμῶν

125 4137 239 4207 ποιῆσαι,
264 4130 409 4204 ποιήσατε·
434 4127 474 4190 ότι
495 4135 580 4191 ταῦτα
597 4129 756 4212 δεχομίνοις,
781 4129 902 4193 οθδίποτε

125 4220 402 4389 wlnodus&
415 4308 457 4369 iri
469 4313 522 4375 τοϊς
532 4309 677 4386 λαληθεῖσι,
694 4307 767 4370 κότω
781 4307 903 4390 βαλόντες

998 486 1114 544 domine
1130 501 1239 562 magne,
1258 490 1288 546 in
1302 491 1376 562 quod
1394 492 1500 549 malum
1516 494 1648 551 deveniat
1666 499 1817 554 tractatum

997 576 1156 646 capitulum
1180 578 1267 635 istud.
1291 580 1412 637 sienim
1434 582 1509 637 Deus
1524 583 1620 652 posuit
1641 583 1671 639 in
1692 583 1818 642 Ecclesia

997 663 1091 732 primo
1104 666 1258 739 apostolos,
1272 670 1398 726 secnrmo
1412 670 1575 741 prophetas,
1589 672 1674 727 tertio
1688 671 1819 729 doctores

995 751 1030 807 ad
1055 752 1254 823 perfectionem
1283 763 1458 828 sanctorum,
1486 758 1586 815 dicens
1613 759 1644 816 in
1668 758 1819 831 Evangelio

995 843 1145 912 apostolis.
1173 851 1202 901 ct
1229 860 1278 916 per
1304 861 1352 904 eos
1380 847 1427 904 his
1454 849 1504 920 pul
1531 854 1594 919 post
1625 849 1702 920 ipsos
1727 855 1815 906 sunt:

996 930 1074 996 Quod
1098 933 1173 987 uobis
1198 934 1267 998 dico,
1294 937 1418 992 omnibus
1450 937 1510 992 dico
1542 935 1637 1009 ldlurc.
1669 951 1733 1008 xiil,
1762 934 1817 1009 37),

994 1024 1021 1077 ct
1043 1020 1166 1078 iterum:
1191 1024 1243 1090 Qui
1264 1028 1361 1096 recipit
1383 1042 1440 1089 uos,
1464 1042 1505 1081 me
1521 1029 1636 1097 recipit:
1660 1032 1685 1082 et
1705 1029 1755 1097 qui
1771 1041 1818 1082 uos

993 1113 1107 1181 spcrruit,
1130 1128 1172 1167 mc
1195 1116 1301 1184 spernit
1321 1113 1427 1185 (dliutth.
1444 1129 1475 1186 x,
1488 1112 1538 1187 lt),
1557 1117 1622 1172 Luc.
1639 1129 1668 1186 x,
1686 1113 1738 1188 l6);
1755 1128 1820 1171 ma-

995 1195 1131 1255 nifestum
1145 1206 1189 1256 est
1203 1214 1236 1258 ac
1257 1203 1450 1273 perspicuum,
1467 1204 1543 1275 quod
1565 1204 1615 1275 qni
1630 1217 1687 1260 nou
1711 1203 1816 1273 recipit

993 1288 1148 1361 apostolos,
1164 1297 1192 1346 et
1206 1291 1357 1362 prophetas
1370 1297 1398 1348 et
1411 1293 1552 1364 doctores,
1573 1293 1621 1350 sed
1637 1292 1749 1363 spernit
1764 1304 1818 1348 νο-
1871 1336 1881 1355 ,

994 1389 1053 1432 cem
1069 1391 1179 1449 corum,
1199 1380 1292 1451 ipsum
1307 1381 1454 1438 Christum
1470 1383 1590 1453 spernit.

1031 1468 1224 1537 inspiciamus
1235 1474 1330 1526 autem
1345 1475 1373 1526 et
1385 1470 1485 1527 aliud.¹
1495 1472 1570 1530 [teus
1584 1471 1695 1543 eligens
1705 1471 1819 1533 excita-

993 1555 1035 1612 vit
1055 1557 1200 1626 apostolos
1215 1563 1243 1614 et
1265 1559 1417 1629 prophetas
1439 1564 1525 1631 atque
1545 1561 1677 1617 doctores
1690 1561 1724 1617 ad
1750 1574 1819 1630 per-

992 1643 1143 1702 fectionem
1159 1653 1333 1704 sanctornm.
1350 1649 1386 1704 dt
1401 1660 1467 1705 uero
1482 1649 1617 1705 diabolus
1637 1648 1725 1706 salsos
1744 1662 1818 1720 apo-

948 1722 974 1783 B
991 1734 1090 1806 stolus,
1104 1741 1132 1791 et
1145 1734 1232 1793 ialsos
1248 1739 1410 1808 prophetas,
1427 1746 1454 1794 et
1469 1737 1558 1795 lalsos
1572 1739 1704 1795 doctores
1717 1744 1816 1794 contra

991 1824 1124 1894 pietatem
1134 1825 1400 1897 eligensexcitavit3
1414 1841 1471 1898 qno
1483 1833 1602 1884 etvetus
1613 1827 1657 1884 lex
1670 1826 1817 1899 impugne-

991 1917 1038 1970 tur
1052 1919 1079 1970 et
1099 1914 1270 1986 evangelica.
1287 1914 1384 1971 Falsos
1400 1920 1495 1972 auum
1510 1916 1665 1986 apostolos,
1681 1922 1710 1972 et
1726 1914 1814 1972 falsos

989 2003 1141 2073 prophetas
1156 2007 1183 2058 et
1205 2002 1293 2059 lalsos
1306 2003 1438 2060 doctores
1456 2003 1534 2061 solos
1549 2003 1699 2071 hereticos
1722 2003 1815 2060 intel-

989 2089 1057 2162 ligo,
1088 2105 1209 2161 qnorum
1237 2105 1382 2149 sermones
1406 2097 1435 2148 et
1458 2092 1647 2164 cogitationes
1676 2104 1812 2162 perversae

987 2181 1159 2237 consistunt.
1185 2181 1266 2236 Sicut
1291 2195 1358 2254 ergo
1378 2182 1413 2252 is,
1440 2181 1489 2252 qni
1505 2194 1587 2237 ueros
1611 2179 1768 2251 apostolos,
1782 2183 1811 2235 ct

988 2269 1140 2340 prophetas
1153 2276 1182 2326 et
1196 2270 1327 2326 doctores
1339 2271 1453 2341 recipit,
1464 2272 1554 2326 Deum
1567 2269 1689 2340 recipit:
1714 2269 1764 2336 ita,
1781 2272 1809 2324 et

986 2358 1036 2429 qui
1053 2357 1140 2415 ialsos
1160 2360 1315 2431 apostolos,
1331 2366 1360 2417 et
1379 2359 1467 2416 falsos
1491 2359 1643 2430 prophetas
1668 2362 1697 2414 et
1719 2355 1808 2414 falsos

984 2446 1115 2503 doctores
1123 2449 1236 2519 recipit,
1249 2448 1396 2506 diabolum
1407 2449 1521 2519 recipit.
1536 2448 1626 2520 igitur
1637 2446 1687 2518 qui
1698 2445 1807 2517 pariter

984 2548 1048 2592 cum
1064 2537 1193 2594 scelestis
1211 2544 1240 2594 et
1255 2539 1413 2595 immundis
1426 2537 1569 2594 haereticis
1584 2541 1699 2592 sanctos
1710 2535 1805 2607 ejecit,

984 2622 1804 2701 (suscipitemedicantemvcrltatcm),Deumliquidccum

982 2713 1098 2772 diabolo
1120 2717 1227 2786 pariter
1241 2717 1447 2774 condemnauit.

1018 2896 1115 2965 laque
1128 2897 1152 2953 si
1175 2897 1370 2954 examinantes
1383 2897 1523 2954 novitates
1538 2909 1601 2967 qne
1625 2890 1804 2963 temporibus

983 2984 1090 3040 nostris
1104 2985 1208 3042 ellectu
1220 2992 1298 3055 sunt,
1312 3000 1360 3043 eas
1372 2988 1406 3042 nd
1423 2986 1476 3043 hoc
1490 2984 1637 3042 devenisse
1654 2980 1803 3038 inueneri-

941 3053 1047 3128 Cmns
1061 3086 1203 3130 summum
1224 3076 1339 3146 malum,
1356 3075 1450 3131 videte
1471 3088 1505 3131 ne
1520 3072 1593 3130 torte
1614 3082 1710 3142 pacem
1725 3083 1801 3141 prae-

982 3161 1138 3234 tendentes,
1155 3164 1297 3233 apostasia
1311 3163 1488 3233 reperiamur
1503 3161 1638 3233 languere
1650 3163 1680 3214 ct
1694 3155 1802 3227 pradi-

980 3261 1061 3318 carc;
1075 3264 1160 3320 quam
1174 3264 1379 3323 procursurum
1391 3250 1451 3307 iore
1462 3247 1638 3306 antechristi
1649 3247 1800 3304 adventum

981 3339 1194 3398 sacratissimus
1207 3342 1283 3397 dixit
1297 3340 1459 3412 Apostolus.
1480 3341 1543 3394 ilaec
1558 3336 1665 3409 absque
1681 3335 1801 3391 subtra-

979 3431 1074 3488 ctione
1086 3431 1146 3487 dixi
1161 3430 1251 3499 vobis,
1267 3430 1378 3487 domini
1390 3429 1455 3496 mel,
1467 3434 1499 3485 nt
1509 3427 1634 3498 parcatis
1648 3422 1797 3481 uobismet-

981 3519 1053 3590 ipsis
1065 3525 1094 3576 et
1108 3520 1200 3577 nobis.
1210 3519 1321 3577 iubetis
1333 3524 1365 3576 ut
1375 3519 1435 3575 hac
1449 3517 1555 3587 scripta
1572 3515 1601 3570 in
1615 3513 1690 3570 libro
1701 3510 1799 3568 cordis

980 3609 1033 3665 mel
1051 3608 1156 3666 habens
1172 3610 1317 3681 ingrediar
1328 3613 1356 3664 et
1365 3605 1570 3664 communicem
1585 3604 1616 3659 in
1630 3600 1756 3658 Ecclesia
1767 3598 1797 3654 in

978 3713 1035 3770 qua
1050 3698 1109 3755 hac
1122 3699 1324 3770 predicantur,
1339 3703 1367 3755 et
1380 3696 1445 3752 dam
1460 3693 1685 3752 communicator
1699 3702 1797 3746 eorum

980 3788 1301 3862 quiveraciterqnidem
1311 3780 1796 3856 Deum,ialsoverodiabclumcum

977 3879 1035 3935 Deo
1053 3875 1198 3949 ejiciunt?
1215 3879 1256 3933 Ne
1278 3877 1328 3932 liat
1344 3874 1417 3930 mihl
1438 3887 1455 3930 a
1473 3875 1530 3930 Dec
1552 3870 1602 3943 qul
1620 3874 1735 3941 propter
1754 3879 1798 3922 me

978 3968 1135 4025 secundum
1159 3980 1203 4022 mc
1226 3963 1320 4022 tactus
1339 3968 1382 4020 est
1402 3962 1509 4035 absque
1532 3964 1654 4032 peccato.
1669 3958 1703 4013 lit
1723 3968 1797 4029 genu

978 4057 1050 4113 tlexo
1064 4055 1159 4112 dixit:
1174 4053 1321 4125 Quidquid
1336 4050 1484 4124 jusseritis
1497 4050 1527 4105 in
1543 4060 1655 4105 seruum
1672 4051 1796 4102 uestrum

978 4144 1079 4216 tacere,
1095 4143 1190 4200 tacite.
1205 4145 1263 4216 Ego
1279 4143 1335 4213 his,
1357 4141 1406 4212 qui
1422 4141 1481 4196 hac
1492 4137 1638 4209 rcclplnut
1651 4146 1796 4206 nunquam

977 4233 1203 4293 communicabo.
1864 4297 1865 4300 γ

1013 4326 1047 4382 Et
1068 4338 1119 4381 ceu
1142 4323 1230 4396 gelidi
1251 4321 1319 4378 lacti
1332 4333 1418 4390 super
1441 4318 1563 4389 hisquae
1578 4316 1655 4373 dicta
1672 4313 1796 4380 lucrant,

125 4394 166 4467 ’ἃς
179 4395 294 4482 Ἅθθλθ(
307 4395 430 4476 ‘istim'
441 4396 483 4457 ἰπὶ
495 4393 564 4478 ὥραν
577 4397 675 4470 uode.
692 4396 747 4456 Καὶ
759 4394 900 4479 maipa,
934 4427 961 4488 γ]
976 4412 1110 4470 deorsum
1123 4413 1218 4483 cnpitu
1237 4410 1439 4468 submittentes
1453 4406 1599 4464 siluerunt
1614 4417 1663 4475 per
1678 4401 1795 4458 multam

126 4487 165 4548 ιαλ
180 4491 222 4572 τῷ
245 4485 315 4570 6th]
337 4485 449 4569 Μαξίμῳ
471 4486 588 4553 ἀτενίσας
601 4487 709 4547 elion
727 4486 900 4563 θίπίσνοποε,

126 4560 203 4637 λιν·
220 4572 577 4656 προπεφυραμένον,
588 4573 902 4653 societatemn

127 4662 239 4742 βασιλία,
260 4661 311 4736 ότι,
332 4669 379 4723 σοῖν
401 4669 595 4740 κοινωνοῦντας,
610 4663 723 4747 κουφίζει
739 4663 784 4724 τὸν
808 4660 901 4724 τόπον.

127 4750 209 4814 ME.
220 4749 295 4812 [leth
304 4749 506 4832 ἀπεχόμιθαάπ’
512 4753 633 4825 ἀλλήλων
641 4751 739 4830 ἀκμήν
747 4775 773 4811 τι
779 4755 901 4829 ποιοῦμεν

125 4839 177 4922 πθ
188 4842 236 4912 τῖε
246 4839 385 4906 mxxix
399 4838 581 4920 βιὸωνθνίσητ
593 4843 744 4922 primosi
756 4836 810 4905 ta<
823 4836 901 4910 citi·

126 4928 253 5003 μοτος,ί’π’
262 4926 357 5008 ίκόολῇ
365 4927 451 5000 πόσης
461 4928 585 5011 ίντργείας
593 4925 761 5009 θπδΣεργίου
772 4926 816 4987 καλ
824 4928 901 5008 Πόρ-

126 5014 179 5091 θονς
203 5016 318 5076 Oion.
338 5016 452 5081 Ἐκεῖνος
466 5021 481 5076 ό
494 5015 595 5097 χάρτης
615 5014 759 5097 κατηνίχθη
777 5014 822 5074 καλ
834 5016 902 5074 ἀπε·

125 5098 211 5185 όλῆθῃ.
220 5104 313 5164 ΜΑΞ.
324 5102 480 5184 Κατηνίχθη
489 5106 519 5165 ίκ
527 5107 579 5164 τῶν
588 5105 688 5165 λιθίνων
697 5104 805 5185 τοίχων,
813 5107 844 5165 ob
854 5110 901 5182 pte

126 5190 149 5250 ίκ
160 5196 213 5253 τῖεν
226 5195 321 5273 νοερῶν
331 5194 434 5273 ιμυχῶν.
442 5192 562 5262 Δίξονται
573 5191 621 5263 τὴν
631 5192 779 5273 καττίκρισιν
789 5190 900 5266 τοίνυν,

124 5275 163 5351 τὸν
176 5282 202 5340 ἀν
215 5277 313 5358 Ῥώμη
325 5282 463 5348 οννοδικῶς
472 5284 615 5342 ίκτεθεῖσαν
629 5281 660 5341 δι’
674 5280 785 5341 εθοεόῶν
799 5279 901 5360 δογμό·

124 5387 168 5427 τιιν
178 5393 209 5430 τε
220 5369 267 5430 καὶ
286 5367 412 5442 κανόνων,
433 5371 478 5432 καλ
499 5370 606 5430 λέλυται
624 5369 656 5431 τὸ
670 5367 835 5451 μισότοιχσν,
855 5371 901 5432 καὶ

124 5462 264 5539 μήκη,
276 5459 307 5516 π
320 5455 441 5537 κόμα.
452 5460 563 5519 caco.
575 5461 633 5519 cos
645 5457 749 5541 ippum
767 5464 784 5530 ν
799 5457 901 5525 πνους

124 5547 174 5621 ιι
193 5544 299 5628 aes.
310 5544 397 5628 oe
409 5548 491 5631 νυν
503 5546 646 5613 num
658 5544 748 5628 sse·
760 5544 897 5628 seue

978 4503 1086 4559 horam.
1119 4503 1153 4558 Et
1187 4489 1326 4571 annuens,
1360 4506 1445 4570 atque
1477 4494 1606 4552 abbatem
1642 4492 1796 4548 hlaximum

976 4593 1078 4648 Tenon.
1094 4591 1230 4662 intuitus,
1246 4589 1341 4646 dixit:
1358 4589 1415 4645 Nos
1427 4586 1482 4643 lide
1493 4584 1620 4643 dicimus
1632 4580 1685 4639 tlbl
1700 4579 1800 4638 domi-

977 4695 1044 4738 num
1058 4686 1187 4738 nostrum
1203 4679 1413 4749 imperatorem,
1437 4676 1512 4747 qnod
1527 4678 1555 4730 te
1570 4670 1798 4729 communicante

976 4771 1058 4829 tollat
1071 4771 1188 4842 lypum.
1204 4770 1277 4824 blau.
1296 4766 1418 4824 hlnltum
1432 4765 1526 4822 adhuc
1537 4762 1681 4820 distamus
1697 4760 1733 4816 ab
1748 4759 1799 4815 ln-

975 4861 1075 4917 vicem.
1091 4858 1165 4930 Quid
1181 4856 1319 4913 iaciemus
1333 4855 1368 4912 de
1390 4855 1557 4911 coanimata
1579 4851 1714 4925 synodice
1730 4862 1799 4907 voce

976 4950 1064 5008 unius
1078 4947 1235 5006 voluntatis
1249 4945 1278 5001 in
1293 4945 1461 5015 ejectionem
1480 4941 1575 4999 omnis
1593 4939 1799 5012 operationisa

975 5040 1083 5113 Sergio,
1104 5037 1221 5109 Pyrrho,
1237 5049 1270 5092 ac
1283 5033 1396 5091 Panlo?
1407 5032 1509 5087 Tucca.
1525 5030 1575 5087 llla
1594 5029 1693 5087 charta
1707 5030 1799 5101 depo-

976 5132 1031 5188 sita
1045 5133 1098 5200 est,
1115 5134 1142 5183 et
1162 5126 1295 5197 projecta.
1319 5125 1393 5179 ilex.
1415 5121 1548 5192 Deposita
1562 5124 1606 5177 est
1628 5133 1661 5176 ex
1677 5117 1799 5190 lapideis

975 5218 1146 5292 parietibus,
1158 5229 1213 5272 non
1225 5219 1318 5270 omen
1331 5227 1365 5269 ex
1375 5209 1621 5268 intellectualibus
1635 5207 1794 5265 animabus.

975 5309 1140 5380 suscipiant
1158 5302 1369 5361 damnationem
1387 5301 1501 5372 horum,
1519 5313 1582 5370 qua
1600 5299 1695 5353 home
1708 5307 1798 5366 syno-

974 5399 1039 5457 dice
1061 5396 1170 5469 prclata
1189 5397 1232 5450 est
1254 5407 1303 5466 pcc
1326 5391 1372 5464 pia
1394 5391 1535 5465 dogmata,
1558 5401 1608 5443 seu
1630 5383 1754 5457 regulas,
1768 5385 1797 5437 et
1907 5410 1912 5419 ι

975 5486 1099 5545 soluitur
1135 5484 1247 5541 medius
1285 5482 1388 5552 parles,
1426 5484 1511 5550 atquc
1547 5473 1707 5530 hortatione
1739 5480 1795 5523 nou

976 5574 1180 5650 indigebimus.
1208 5574 1243 5633 Et
1268 5571 1311 5631 ait
1338 5569 1440 5624 unaco.
1467 5563 1635 5638 episcopua:
1662 5559 1723 5615 Nou
1752 5561 1797 5615 est
