3876 6090
111 225 163 287 om
252 233 254 238 ·
752 233 930 297 sumansu
948 243 1218 305 braurommcnnn
1769 246 1823 305 ⁶⁹2⁸

137 403 202 453 σω,
230 376 363 442 ἔπταισαν,
388 373 434 432 καὶ
459 367 598 448 ἐπέτρεψαν
622 362 667 424 καί
692 360 768 422 ababa
793 358 913 428 καθίσαι,
950 368 1307 444 Aruntelpraeueperunt
1323 375 1409 431 etiarn
1424 379 1451 431 et
1467 374 1561 446 ipsum
1583 375 1690 433 sedere.
1716 375 1824 433 Aderat

137 464 255 532 συνόντος
270 468 370 530 αθττοίς
385 463 428 521 καί
441 465 488 519 τοῦ
506 451 647 516 ἐπισκόπου
661 449 773 521 Βιζιίης·
790 446 834 506 καί
845 444 915 522 λέγει

138 554 198 635 πρὸς
212 544 529 612 αῦτθνΘΕΟΔῦΣΙΟΣό
539 538 688 605 ἐπισκόπος·
699 540 762 603 Πῶς
771 534 849 643 ἔχεις,
857 538 915 612 κῦρι

138 642 219 713 idedu
235 639 421 700 ΜΑΞΙΜΟΣ.
438 635 485 701 Ὡς
495 628 637 712 προώρισεν
648 633 663 687 ό
674 625 742 691 Θεὸς
754 623 804 721 πρὸ
813 642 916 729 παντων

140 735 188 789 τῶν
208 727 307 788 αἰώνων
331 726 378 799 την
403 725 463 806 περί
489 719 535 799 ἐμὲ
559 712 728 800 προνοητικὴν
750 711 914 788 διεξαγωγην,

140 817 219 885 οὕτως
240 817 307 897 ἐγω.
330 817 439 876 ΘΕΟΔ.
454 811 491 871 Τί
503 801 558 880 οῦν,
578 805 630 887 πρὸ
643 801 736 868 παντὸς
758 803 848 864 αἰῶνος
860 795 917 876 περί

139 905 248 966 ἑκάστου
258 884 344 982 ημῶν,
354 900 463 980 d'apurtv⁸
477 897 580 971 όΘεθς,
591 893 682 954 bina.
695 879 777 968 Ε’ίπερ
786 883 915 992 προέγνω,

139 993 240 1076 πάντιρς
262 993 307 1053 καί
329 988 482 1071 προώρισεν.
505 985 614 1046 edon.
642 977 678 1040 Τί
699 981 767 1038 ἐστιν
789 973 852 1034 αὐτὸ
875 993 915 1029 το.

139 1080 266 1163 προίγνω,
280 1080 325 1140 καί
336 1077 472 1160 προώριστ.
496 1072 589 1134 libs.
604 1069 639 1126 ‘il
658 1063 801 1168 πρόγνωσρς
815 1064 865 1170 τῶν
879 1059 917 1162 ἐρ’

140 1174 202 1245 ἡμῖν
226 1171 325 1227 ἐννοιῶν
350 1166 393 1226 καί
415 1163 496 1246 ἔργων
520 1158 600 1226 ἐστίν,
625 1159 809 1258 θπροορισμος,
822 1149 850 1206 δι
867 1169 919 1206 των

141 1261 188 1316 οὐκ
201 1257 239 1339 ἐρ’
254 1260 316 1334 ἡμῖν
330 1249 522 1332 συμόαινόντων
535 1244 601 1308 ἐστί.
615 1243 725 1302 ΘΕΟΔ.
742 1240 811 1297 ίίοῖα
824 1231 920 1296 ἐστιτθι

142 1345 179 1426 ἐφ’
194 1349 268 1422 ἡμῖν,
280 1345 325 1405 καί
337 1347 400 1402 ποῖα
411 1339 445 1400 viz
458 1341 506 1399 οὐκ
518 1337 557 1416 ἐρ’
572 1337 652 1411 ἡμῖν,
672 1329 764 1390 ΜΑΞ.
774 1327 822 1431 ‘95
837 1323 919 1432 δοικρ,

140 1431 225 1492 πάντα
237 1429 370 1512 γινώσκων
383 1434 398 1489 δ
411 1423 538 1496 δεσπότης
553 1445 614 1500 μου.
630 1419 819 1493 δοκιμαστικως
832 1411 919 1521 δραλε·

141 1543 214 1598 γεται
226 1518 291 1602 πρδς
304 1519 349 1578 τὸν
359 1517 449 1576 δαῦλον
461 1516 550 1574 αὐτοῦ.
562 1504 678 1569 Odon.
689 1500 737 1562 bii
745 1499 792 1572 τὴν
802 1499 920 1557 ἀληθειαν

141 1612 189 1665 τοῦ
203 1608 286 1679 Θεου,
312 1626 411 1683 αγνοων
433 1597 568 1682 ἠρώτησα,
590 1594 636 1654 καί
659 1593 747 1669 μαθεῖν
769 1585 851 1647 θέλων
874 1583 921 1656 τὴν

992 466 1086 518 autem
1102 477 1166 519 cum
1179 463 1336 522 illisetiam
1352 466 1504 536 episcopus
1523 465 1622 536 bizyae.
1640 467 1674 521 Et
1692 465 1767 521 dicit
1789 465 1823 521 ad

992 564 1056 607 eum
1071 554 1242 610 Turonosrus
1253 554 1405 626 episcopus
1419 574 1425 610 :
1438 554 1585 624 Quomodo
1600 554 1698 625 babes,
1723 553 1826 611 abba?

992 641 1026 695 Et
1040 643 1173 697 blanrnus
1187 644 1221 699 ad
1232 657 1296 700 eum
1310 663 1318 715 ς
1334 645 1415 701 Sicut
1432 644 1647 715 praedestinavit
1658 645 1736 699 Deus
1759 649 1825 699 ante

992 729 1089 786 omnia
1104 732 1207 788 saecula
1219 734 1407 803 provisoriam
1419 732 1478 789 iore
1491 734 1568 789 circa
1578 746 1622 788 me
1631 732 1825 802 dispensatio

994 831 1067 889 nem,
1079 819 1121 876 sic
1137 820 1235 878 babeo.
1252 824 1353 877 Tuscu.
1378 824 1489 895 Ergone
1505 822 1721 892 predestinavit
1748 823 1824 878 Deus

992 914 1059 965 ante
1071 923 1153 965 omne
1168 912 1304 967 saecnlum
1318 926 1381 982 quae
1394 912 1471 968 circa
1484 911 1616 984 singulos
1631 910 1726 967 sunti
1745 911 1823 966 blan.

993 996 1022 1053 Si
1044 999 1197 1070 praescivit,
1213 1000 1313 1071 ulique
1331 1006 1359 1055 et
1382 1000 1604 1071 praedestinavit.
1626 1000 1730 1054 Tnuou.
1748 1000 1824 1069 Quid

994 1092 1037 1144 est
1049 1088 1102 1143 lroc
1115 1088 1210 1158 ipsum
1224 1090 1299 1159 quod
1315 1090 1432 1159 asseris,
1447 1090 1627 1159 praescivitet
1640 1089 1827 1160 pradestina-

994 1175 1144 1231 vil‘lblnx.
1159 1177 1342 1234 Praeseientia
1360 1182 1403 1233 est
1422 1179 1641 1250 cogitationum,
1663 1184 1692 1233 et
1711 1191 1828 1234 sermo—

996 1279 1063 1321 num
1080 1271 1108 1321 cl
1120 1280 1238 1335 operum
1261 1281 1323 1337 qum
1343 1280 1376 1322 ex
1396 1266 1480 1323 uobis
1493 1272 1582 1323 sunt:
1607 1267 1827 1338 predestinatio

995 1367 1061 1410 vero
1076 1368 1174 1411 eorum
1190 1360 1307 1426 estqnae
1318 1369 1351 1411 ev
1372 1355 1456 1412 nobis
1473 1370 1528 1412 nou
1544 1357 1691 1413 accidunt.
1718 1357 1824 1412 Tnaoo.

995 1444 1063 1514 Quae
1078 1449 1146 1499 sunl
1159 1444 1219 1513 illa,
1234 1459 1297 1515 quae
1312 1459 1345 1500 ex
1358 1444 1441 1501 nobis
1456 1450 1533 1517 sunt,
1552 1451 1581 1502 et
1598 1458 1662 1517 quae
1683 1459 1718 1502 ex
1742 1445 1828 1501 uobis

997 1547 1052 1590 nun
1064 1539 1132 1590 sunt
1143 1533 1240 1590 illan.
1257 1535 1294 1589 Ul
1309 1534 1421 1605 liquido
1434 1539 1520 1607 patet,
1541 1535 1637 1591 omnia
1657 1535 1755 1592 sciens
1770 1536 1829 1592 do-

997 1623 1093 1679 minns
1119 1635 1198 1678 meus
1220 1622 1365 1694 probando
1394 1623 1552 1696 interrogat
1585 1637 1699 1680 servum
1726 1638 1824 1682 suum.

142 1674 260 1775 διαρορθν
272 1695 324 1752 τῶν
343 1692 381 1773 lp’
397 1693 473 1768 apto,
487 1686 532 1746 καί
545 1687 592 1744 0²3²
609 1682 646 1763 ‘i'
661 1683 744 1755 apio·
766 1673 877 1737 ’‘M’‘
889 1670 922 1731 τὰ
957 1695 1097 1767 Blasco.
1115 1710 1168 1767 Per
1177 1712 1322 1768 veritatem
1348 1711 1400 1768 Dei
1426 1712 1570 1785 ignorans,
1593 1717 1621 1768 et
1635 1713 1749 1770 discere
1773 1727 1830 1769 vo-

144 1778 190 1856 μέν
208 1779 259 1840 drab
281 1777 329 1850 πλν
350 1776 494 1860 πρόγνωσιν
517 1778 563 1832 τοῦ
578 1771 649 1830 Θεοῦ
672 1764 826 1850 ὑπάρχουσι,
850 1759 883 1820 τόν
896 1757 923 1819 δὲ

142 1866 249 1942 ὑπδρτὸν
268 1863 425 1946 προορισμδν
448 1854 523 1921 ώσιν.
539 1856 632 1919 alaz.
656 1854 713 1934 ’Ep'
738 1855 801 1929 ἡμῖν
823 1845 923 1909 ἐστιτὰ

143 1951 247 2014 ἑκοόσια
264 1953 359 2024 πάντα,
381 1947 513 2011 τουσέστιν
536 1949 623 2027 ἀρόται
638 1943 682 2003 καί
694 1940 798 2000 κακίαι·
823 1939 870 1997 οὐκ
883 1936 921 2017 ἐρ’

143 2045 206 2119 ἡμῖν
219 2038 256 2113 δέ,
273 2044 300 2100 αί
313 2039 430 2120 ἐπιφοραὶ
443 2040 494 2096 τῶν
508 2030 700 2112 συμὸαινόντων
712 2031 775 2105 ἡμῖν
792 2027 924 2083 πολαστι-

28 2115 35 2127 ’
143 2134 195 2189 κῶν
208 2127 320 2210 τρόπων,
336 2126 417 2200 ἢτῶν
432 2122 569 2184 ἐναντίων·
586 2119 645 2180 οὔτε
661 2115 709 2198 γόιρ
727 2116 765 2196 ἐφ’
783 2118 843 2192 ημῖν
855 2111 923 2172 ἔστιν

143 2221 160 2290 θ,
174 2215 321 2287 κολάζουσα
346 2213 433 2289 νόσος,
448 2210 507 2272 οὔτε
520 2214 537 2280 ἡ
552 2206 719 2291 εὗρραίνουσα
736 2200 819 2280 ίιγεία,
839 2200 925 2260 καλαί

144 2303 286 2375 ποιότητες
303 2302 351 2362 καί
362 2305 389 2361 αί
399 2299 496 2361 τούτων
510 2298 600 2357 αἰτίαι·
615 2287 677 2354 θίον
690 2290 760 2352 αἰτία
771 2285 847 2349 νόσου
862 2291 925 2345 ἀττ-

145 2386 198 2466 ξία,
212 2388 300 2472 ῶσπερ
313 2387 358 2448 καί
370 2386 457 2464 ὑγείας
472 2384 572 2454 εὐταξία
585 2406 592 2421 ·
616 2382 660 2441 καί
673 2377 924 2459 βασιλείαςοῦρανῶν

145 2479 226 2551 αἰτία,
240 2481 257 2548 ἡ
272 2480 324 2537 τῶν
345 2477 454 2534 ἐντολῶν
472 2469 586 2554 φυλακὴ,
600 2465 687 2548 ῶσπερ
707 2466 751 2525 καί
763 2461 841 2542 πυρθι
860 2465 923 2520 uior-

145 2565 210 2630 νίου,
226 2569 243 2634 ἡ
257 2561 355 2622 τούτων
373 2559 525 2641 παρίῦασις.
545 2558 655 2617 dion.
671 2552 707 2612 'il
723 2542 778 2625 οῦν,
793 2547 834 2607 δεδι
846 2555 924 2609 τοῦτο

144 2638 219 2730 θλίώῃ
235 2653 261 2709 ἐν
273 2655 306 2730 τῇ
318 2647 399 2730 ἐξορίορ
421 2645 517 2723 ταύτῃ,
541 2642 627 2714 ἐπειδὴ
650 2639 707 2709 ἄξιά
724 2661 781 2697 τινα
802 2636 922 2707 ἐποίησας

144 2735 239 2811 ταότης
256 2743 302 2810 τῆς
323 2735 452 2816 θλίψεωςς
477 2733 569 2793 ΜΑΞ.
595 2729 757 2812 Παρακαλῶ,
775 2724 842 2785 ίναθ
856 2723 923 2790 Θεὸς

145 2823 269 2906 ταάτῃτῇ
284 2820 368 2900 θλίψει
391 2821 524 2902 περιορίσῃ
545 2817 590 2885 τδις
611 2817 729 2892 ἐκτίσεις,
753 2805 794 2872 ῶν
808 2812 924 2891 ἥμαρτον

145 2916 214 2992 αὐτῷ
228 2915 254 2970 ἐν
266 2916 299 2990 τῇ
310 2908 454 2991 παραόάσει
469 2913 522 2966 τῶν
534 2911 613 2967 αὐτοῦ
624 2905 792 2964 δικαιωτικῶν
803 2901 921 2958 ἐντολῶν.

145 3000 255 3058 ΘΕΟΔ.
267 3002 324 3058 Οὐκ
334 2997 390 3057 ἐστι
404 2998 512 3073 δοκιμῆς
520 2993 602 3053 ἕνεκεν
617 2987 761 3070 ἐπαγομένη
771 2987 852 3067 θλίψις
861 2988 923 3044 πολ·
960 3022 984 3084 C

144 3088 211 3159 λοῖς;
225 3086 315 3145 bina.
326 3087 360 3143 ‘il
372 3081 466 3160 δοκιμὴ
476 3086 527 3142 τῶν
538 3081 617 3160 ἁγίων
627 3081 705 3148 ἐστίν,
714 3076 755 3136 ἵνα
763 3079 924 3157 ιρανερωθῶσι

146 3173 187 3232 διίι
198 3179 245 3246 τῆς
258 3172 369 3252 θλίψεως
382 3175 420 3252 τῷ
430 3171 478 3252 βίῳ
487 3173 540 3228 τῶν
555 3165 693 3250 ἀνθρώπων
705 3168 731 3223 αἱ
744 3163 803 3243 περὶ
811 3162 842 3221 τὸ
851 3159 924 3242 ρίσει

145 3262 225 3321 καλὸν
253 3259 376 3327 διαθέσεις
402 3263 498 3326 αὐτῶν,
524 3257 626 3322 ἐαυταῖς
648 3251 857 3334 συνεκραίνουσαι
880 3247 925 3316 τδς

132 3346 303 3427 ’ἢγνοημένας
325 3356 401 3406 πᾶσιν
425 3343 528 3427 ἀρετάς,
553 3347 588 3410 ώς
612 3341 655 3401 ἐπί
675 3338 735 3399 ’le
752 3339 796 3398 καί
817 3334 922 3417 Ἰωσὴρ.

153 3438 186 3495 Ὁ
202 3435 248 3516 μὲν
262 3434 312 3518 γδιρ
336 3435 379 3494 ἐπί
399 3432 539 3516 φανερώσει
557 3436 604 3504 τῆς
616 3426 793 3510 κεκρυμμένης
813 3426 925 3505 ἀνδρείας

146 3524 311 3606 ἐπειράζετο·
328 3528 342 3582 ό
362 3520 399 3590 δὲ,
424 3522 463 3579 ἐπ’
480 3518 623 3600 ἐκρωνιίσει
645 3521 692 3587 τῆς
705 3517 855 3592 ἁγιαστικῆς
869 3535 925 3570 σω·

146 3612 271 3693 ιρροσόνης
284 3608 459 3686 ἐδοκιμάζετο.
476 3606 530 3664 Καὶ
543 3615 592 3671 πᾶς
605 3608 656 3663 τῶν
669 3603 748 3681 ἁγίων
761 3598 888 3663 ἀκουσίως
900 3601 925 3656 ἐν

145 3703 184 3781 τῷ
199 3703 271 3757 αίῶνι
283 3694 367 3776 τούτῳ
377 3693 482 3766 θλιῦείς,
496 3691 538 3749 ἐπί
555 3714 608 3751 τισι
621 3689 751 3753 τοιαύταις
770 3685 924 3762 οἰκονομίαις

996 1801 1067 1870 lens,
1090 1803 1273 1870 percontatus
1286 1816 1349 1857 sum
1362 1800 1554 1857 differentiam
1568 1815 1667 1857 eorum
1679 1816 1744 1873 ηοω
1758 1808 1828 1858 sunt

997 1903 1031 1945 ex
1045 1888 1138 1958 nobis,
1163 1893 1192 1944 et
1217 1903 1281 1960 quaa
1303 1903 1359 1946 non
1379 1895 1448 1946 sunt
1472 1904 1507 1946 ex
1531 1889 1625 1962 nobis,
1650 1894 1680 1946 et
1700 1891 1829 1962 qualiter

999 1978 1126 2049 quaedam
1152 1977 1206 2033 sub
1231 1979 1412 2048 praescientia
1435 1979 1497 2050 Del,
1524 1979 1652 2049 nuaedam
1678 1993 1745 2036 vero
1774 1979 1827 2036 snb

999 2066 1249 2137 predestinatione
1264 2068 1436 2124 consistunt.
1450 2071 1522 2123 Max.
1537 2068 1578 2123 Ex
1593 2067 1679 2124 nobis
1689 2075 1760 2126 sunt
1774 2083 1830 2126 vo-

999 2155 1125 2211 luntaria
1138 2155 1244 2226 omnia,
1261 2155 1288 2210 id
1302 2160 1346 2211 est
1358 2157 1478 2212 virtutes
1486 2162 1514 2212 et
1528 2157 1609 2213 vitia.
1623 2159 1686 2213 Non
1696 2171 1733 2214 ex
1743 2157 1829 2215 nobis

998 2246 1092 2298 autem
1105 2248 1174 2299 snut
1188 2243 1333 2300 illationes
1351 2245 1541 2301 accidentium
1565 2245 1649 2303 nobis
1670 2247 1828 2317 poeualinm

1000 2333 1158 2400 modorum,
1193 2331 1235 2388 vel
1266 2332 1312 2388 bis
1345 2334 1531 2390 contrarium.
1559 2336 1656 2406 Nerua
1684 2335 1764 2392 enim
1793 2349 1828 2392 ex

1000 2420 1084 2477 nobis
1095 2426 1139 2476 est
1151 2419 1194 2476 vel
1209 2435 1313 2478 nocens
1324 2421 1454 2494 languor,
1471 2423 1513 2479 vel
1530 2423 1679 2480 laetillcans
1703 2424 1828 2496 sanitas,

1000 2510 1069 2565 licet
1081 2509 1255 2578 operatrices
1268 2510 1370 2566 borum
1394 2525 1487 2567 causae
1506 2526 1541 2568 ex
1564 2512 1649 2569 nobis
1672 2512 1828 2569 existant:

1000 2602 1102 2668 utputa
1126 2598 1345 2668 intemperantia
1357 2613 1443 2656 causa
1456 2607 1499 2657 est
1511 2602 1670 2675 languoris,
1686 2603 1830 2674 quemad-

1001 2686 1115 2743 modum
1136 2688 1323 2757 temperantia
1347 2703 1433 2745 causa
1455 2695 1498 2745 est
1518 2691 1662 2747 sanitatis.
1690 2693 1726 2746 Et
1748 2691 1828 2763 regui

999 2775 1828 2851 coelestiscausamandatorumcustodia,quemadmodum

1000 2869 1028 2918 et
1042 2864 1119 2935 ignis
1130 2865 1229 2920 aeterni
1246 2866 1348 2923 borum
1366 2867 1566 2939 transgressio.
1590 2869 1694 2924 Τααοο.
1717 2869 1830 2940 Ergone

1002 2958 1116 3022 propter
1130 2953 1182 3008 boc
1191 2954 1342 3011 tribularis
1354 2957 1382 3012 in
1396 2957 1501 3014 exsilio
1512 2957 1579 3028 islo,
1591 2957 1730 3028 quoniam
1740 2958 1830 3030 digna

1001 3043 1129 3112 quadam
1146 3043 1198 3098 bac
1220 3044 1408 3101 tribulatione
1423 3047 1562 3118 gessisti?
1587 3050 1662 3103 Max.
1690 3046 1781 3120 Rogo,
1798 3056 1830 3105 σε

1000 3134 1076 3188 Deus
1098 3132 1150 3188 bac
1168 3132 1356 3190 tribulatione
1383 3137 1549 3193 remetiatur
1577 3150 1713 3193 excessus
1741 3152 1827 3208 meos,

1002 3221 1109 3292 quibus
1123 3222 1149 3276 ei
1166 3223 1278 3292 peccavi
1292 3224 1321 3278 in
1337 3225 1570 3294 prevaricatione
1584 3226 1828 3296 Juslibcationum

1002 3311 1201 3367 mandaturum
1212 3326 1339 3368 suorum.
1354 3314 1455 3368 Tnaob.
1473 3317 1533 3370 Non
1546 3321 1589 3372 cst
1610 3315 1697 3371 etiam
1722 3314 1830 3386 proba-

1002 3399 1091 3455 tionis
1107 3413 1193 3455 causa
1204 3401 1355 3458 tribulatio
1368 3402 1468 3459 multis
1482 3403 1588 3459 illata?
1601 3406 1676 3459 illam
1693 3404 1830 3461 Probatio

1002 3491 1164 3543 sanctorum
1175 3493 1227 3557 est,
1244 3493 1277 3544 ιιι
1290 3491 1401 3547 scilicet
1415 3505 1463 3561 per
1478 3492 1682 3550 tribulationes
1692 3495 1762 3551 vitae
1775 3494 1831 3551 bo-

1002 3574 1112 3630 minum
1123 3575 1342 3633 manifestentur
1353 3578 1590 3651 allectuseorum,
1602 3582 1652 3651 qui
1666 3587 1737 3638 sunt
1752 3583 1831 3639 circa

1002 3663 1030 3717 id
1044 3663 1117 3733 quod
1135 3669 1178 3720 est
1193 3667 1365 3723 naturaliter
1380 3668 1495 3740 bonum,
1512 3669 1631 3726 sibimet
1645 3671 1831 3729 insinuantes

146 3785 270 3857 ρργρςπ,
292 3782 333 3842 γ,,,
354 3780 396 3840 gg,
418 3785 465 3852 ,γρ
491 3778 618 3844 ,affigat
638 3783 685 3849 ἡ,
709 3771 924 3853 Μγωῳυμηηρ
1002 3752 1115 3853 ignotas
1125 3754 1259 3812 omnibus
1277 3757 1400 3814 virtutes
1412 3773 1490 3829 suas,
1505 3765 1537 3816 ut
1552 3761 1582 3815 in
1597 3760 1647 3817 lob
1662 3767 1691 3817 et
1714 3763 1830 3832 loseph.

147 3875 231 3937 αὐτοῖς
243 3867 450 3948 impiissimis
460 3866 618 3945 ὑπερήφανον
632 3864 677 3923 καί
689 3861 837 3932 ἀποστάτην
850 3883 925 3942 περι.
1001 3841 1149 3912 διαστᾶσα
1164 3843 1238 3899 alter
1249 3845 1283 3901 ad
1302 3846 1559 3905 manifestationem
1579 3849 1727 3907 absconsae
1743 3850 1833 3908 lorti-

146 3958 282 4031 comeum
295 3954 420 4036 gpgmm
439 3953 556 4012 mg„
570 3951 614 4010 ὠ,
624 3949 761 4010 ρ,,ρς,λ,,;
769 3950 794 4008 fl
806 3945 926 4028 ,ρ,ρ,,,,.
1002 3929 1115 3986 tudinis
1125 3932 1299 4011 tentabatur,
1315 3935 1387 3991 alter
1400 3951 1465 3993 vero
1477 3937 1511 3992 ad
1522 3937 1747 3996 declarationem
1762 3954 1833 3996 san-

147 4043 213 4123 ρωνλ
253 4046 361 4122 δοκιμῆς
384 3999 457 4122 ἔργόν
487 4040 555 4101 ἐστὶν
579 4041 618 4121 ἐρ’
645 4038 755 4100 ἑκάστω
767 4041 819 4099 τῶν
833 4037 921 4113 ἁγίων,
1001 4019 1178 4077 ctibcatoriae
1189 4023 1337 4092 pudicitiae
1351 4025 1531 4096 probabatur.
1548 4028 1583 4082 Et
1593 4028 1689 4084 omnis
1711 4034 1832 4086 sanctus

147 4089 256 4198 ggo'g
272 4134 319 4195 pp,
332 4132 379 4206 τὴ,
392 4134 512 4206 ργγηρα,
523 4139 572 4193 ,05
585 4120 866 4205 Θ,,·ρ,,,,γρ,,,ρ,,,,,.
880 4128 925 4187 ,η
1001 4122 1057 4165 uon
1087 4116 1186 4180 sponte
1216 4111 1374 4169 tribulatus
1397 4114 1431 4169 ad
1458 4116 1595 4186 quasdam
1628 4117 1831 4187 hujuscemodi

146 4229 268 4304 ὅμως,
281 4222 329 4297 Τγ,
342 4223 477 4306 ηψπ,
488 4224 533 4282 ,αι
542 4222 646 4294 pgm,
656 4215 925 4284 mmmm„
1001 4197 1230 4268 dispensationes
1247 4200 1426 4258 tribulatur:
1448 4210 1479 4261 ιιι
1491 4219 1542 4275 per
1559 4205 1760 4264 infirmitatem
1775 4223 1832 4280 qua

146 4312 352 4392 συνδιαλέγτσιαι
369 4316 438 4388 ὑμῖν.
449 4311 523 4370 Ἀλλ’
540 4307 627 4379 ἐπειδὴ
644 4309 684 4366 ἐπ’
705 4306 777 4388 ἄλλῳ
794 4304 925 4387 uminis,
1002 4290 1180 4359 permittitur
1193 4292 1352 4394 molestiam
1369 4294 1438 4364 pati,
1450 4295 1609 4395 'superbum
1624 4302 1658 4398 et·
1671 4305 1832 4398 apostatam

146 4400 218 4485 κρῖ-γὼ
227 4401 272 4461 καὶ
280 4405 307 4461 οι
316 4398 439 4462 δεσπόται
448 4404 500 4477 poi
511 4400 535 4456 ol
544 4394 756 4475 μελλοπατρίιιωι
766 4392 829 4474 πρὸς
843 4389 924 4471 πὲρι.
959 4377 987 4438 D
1001 4377 1152 4435 draconem
1165 4381 1324 4452 conculcet,
1336 4383 1364 4439 vd
1375 4389 1418 4438 est
1428 4384 1587 4441 diabolum.
1599 4386 1744 4442 Patientia
1754 4389 1831 4445 euim

144 4490 268 4571 γόνοιμιν,
277 4492 321 4551 καί
329 4495 444 4550 τοσαῦτα
453 4486 618 4561 διαστήματα
625 4484 747 4559 ἤλθομεν,
755 4483 923 4561 παροοιαλοῦ-

89 4628 93 4637 .
147 4578 193 4658 μίν
203 4603 232 4638 σι
242 4577 276 4637 ab
288 4579 347 4658 παρ’
362 4580 439 4653 ἡμῶν
448 4570 632 4654 προπινόμενα
643 4570 771 4642 δέξασθαι,
784 4569 828 4629 καί
840 4591 924 4648 χαρο·

145 4671 252 4737 ποιῆσαι
260 4674 346 4725 πᾶσαν
359 4661 407 4734 τὴν
416 4659 579 4737 οἰκουμένην.
590 4659 681 4719 blaa.
690 4661 760 4720 Ποῖα
771 4656 852 4717 ταῦτά
861 4659 921 4728 τίσι,

146 4751 269 4825 δέσποτα,
283 4753 327 4812 καί
339 4751 379 4817 τίς
392 4747 457 4827 ἐγὼ,
474 4747 520 4808 καί
537 4745 613 4807 πόθεν
631 4746 695 4825 εἰμί,
714 4744 786 4816 ἵναὴ
807 4745 850 4805 ἐπί
871 4747 924 4811 τοῖς

145 4838 347 4922 προτεινομένοις
360 4861 405 4915 μοι
413 4833 595 4913 συγκατάθεσις
608 4834 770 4918 χαροποιήσῃ
783 4841 867 4892 πᾶσαν
876 4829 922 4903 την

146 4925 307 5003 οίκουμίννρνς
318 4927 427 4986 elion.
440 4921 542 4995 Μάτην
553 4924 672 4996 ἀλήθειαν
680 4928 726 4983 τοῦ
737 4921 833 5002 Κυρίου
846 4922 923 4996 ἡμῶν

154 5016 240 5086 Ἰησοῦ
251 5015 377 5096 Χριστοῦ,
388 5010 453 5092 άπερ
464 5009 537 5089 λέγοι
546 5033 598 5086 σοι,
609 5007 660 5088 ἐγώ
672 5008 756 5069 τεκαὶ
768 5011 792 5067 οί
800 5004 922 5067 δεσπόται

146 5127 198 5184 μου
209 5101 517 5183 μελλοπατρίκιοι,ἐκτοῦ
523 5096 657 5178 στόματος
662 5103 709 5157 τοῦ
714 5095 841 5158 δεσπότου
847 5099 922 5174 ἡμῶν

144 5199 192 5254 τοῦ
205 5191 376 5275 πατριάρχου,
390 5191 436 5250 καί
448 5194 494 5250 τοῦ
514 5187 620 5249 εόστόοῦ
640 5184 765 5248 δεσπότου
777 5190 823 5256 τῆς
833 5189 921 5245 οἱκου·

147 5281 224 5360 μόνας
245 5279 403 5357 ἠκούσαμεν.
424 5275 516 5338 ΜΑΞ.
541 5273 688 5335 Κελείσατε
700 5277 726 5332 οί
737 5271 858 5333 δεσπόται
871 5296 922 5352 μου

145 5371 224 5432 εἰπεῖν
237 5365 303 5448 άπερ
317 5364 450 5446 βοόλισθι,
463 5363 509 5425 καί
519 5362 584 5444 άπτρ
597 5360 738 5434 ἠκούσατε.

187 5501 201 5532 ¹
212 5496 299 5562 Forte
309 5493 462 5580 προώριστν.

1003 4466 1830 4544 probationisopuseslinunoquoqnesanctorum.Tnuon.

1001 4558 1054 4612 Per
1064 4556 1210 4613 veritatem
1225 4559 1274 4615 Dei
1291 4559 1486 4632 benedixisti,
1503 4569 1531 4618 et
1554 4562 1691 4621 coodleor
1714 4565 1834 4622 utilila-

1002 4649 1070 4718 tem,
1086 4651 1114 4702 et
1126 4648 1285 4718 querebam
1302 4650 1331 4706 iu
1354 4651 1462 4707 talibus
1484 4666 1595 4722 semper
1609 4653 1765 4724 disputare
1777 4669 1832 4712 vo-

1002 4734 1123 4792 biscum.
1137 4737 1188 4793 Sed
1200 4737 1269 4809 quia
1286 4754 1336 4810 pro
1360 4739 1418 4796 alio
1442 4742 1569 4811 capitulo
1594 4757 1646 4815 ego
1668 4749 1697 4799 et
1718 4744 1833 4802 domini

1002 4824 1056 4879 mei
1072 4824 1163 4881 luluri
1181 4828 1296 4896 patricii
1312 4828 1431 4899 proiecti
1443 4844 1554 4901 sumus,
1566 4838 1593 4888 et
1609 4846 1659 4902 per
1674 4837 1718 4891 lot
1739 4835 1836 4891 inter-

1001 4912 1075 4969 valla
1086 4914 1214 4971 locorum
1231 4918 1409 4987 advenimus,
1436 4935 1570 4992 rogamus
1584 4928 1612 4979 te
1629 4938 1693 4993 quaa
1717 4925 1837 4982 anobis

1002 5001 1189 5070 proferuntur
1206 5008 1361 5076 suscipere,
1382 5015 1409 5064 et
1431 5014 1522 5066 totum
1551 5012 1648 5068 orbem
1674 5013 1833 5073 laetificare.

1001 5089 1074 5145 blas.
1092 5092 1318 5160 Quaesuntbac.
1335 5097 1473 5153 dominei
1494 5100 1537 5155 vel
1554 5102 1620 5170 quis
1639 5115 1692 5175 ego
1716 5106 1836 5161 etunde

1002 5193 1076 5247 sum,
1097 5186 1128 5237 nt
1143 5181 1171 5236 in
1186 5182 1232 5237 liis
1248 5199 1310 5254 quae
1332 5188 1544 5255 protenduntur
1565 5190 1649 5262 mibi,
1674 5206 1836 5252 consensus

1002 5283 1081 5325 meus
1097 5274 1188 5327 totum
1204 5271 1328 5330 laelillcet
1351 5275 1470 5331 orbem?
1489 5279 1590 5333 Tuson.
1617 5281 1670 5335 Per
1683 5283 1834 5339 veritatem

1002 5358 1117 5415 Domini
1145 5362 1234 5417 nostri
1249 5364 1314 5420 lesu
1328 5364 1448 5434 Cbristi,
1474 5369 1548 5437 quod
1564 5368 1631 5425 dico
1653 5369 1707 5425 tibi
1733 5385 1786 5443 ego
1807 5373 1834 5427 ei

1004 5446 1115 5503 domini
1129 5449 1185 5505 mei
1208 5448 1299 5508 luturi
1323 5454 1449 5525 patricii,
1477 5468 1511 5510 ex
1534 5469 1583 5512 ore
1605 5458 1718 5515 domini
1742 5460 1835 5517 nostri
