3876 6090
116 284 187 346 lm
824 275 1029 336 BENEDICTIO
1046 276 1113 333 DEI.
1750 279 1820 341 titt

151 415 183 469 lu
195 411 329 482 secunda,
347 415 449 467 natura
463 409 581 467 deitatis
595 407 690 480 ipsius
701 406 849 464 subtiliter
863 403 944 460 indi·
956 403 984 463 A
997 419 1097 458 marera
1119 419 1216 459 meum.
1244 404 1369 462 Dicendo
1392 407 1467 463 euim
1485 425 1491 463 :
1511 409 1601 464 Verbo
1623 424 1683 465 mee
1706 410 1821 465 uambae

114 507 211 559 catur.
321 521 328 529 ·
994 496 1114 564 percipe,
1134 494 1194 550 oris
1213 494 1359 566 significat
1381 495 1579 566 psalmodiam.
1601 498 1822 571 Sequiturcin-
1854 526 1861 542 ι

150 590 247 646 Tertia
263 588 472 659 multiplicatos
487 586 561 644 dicit
573 585 703 658 populos,
722 585 771 658 qui
785 599 848 642 eum
865 584 945 640 nite-
997 583 1087 652 tellige
1101 584 1244 639 clanmorem
1261 600 1359 648 meam,
1376 590 1408 642 ut
1422 584 1553 644 allectum
1573 589 1670 645 cordis
1685 587 1819 659 aperiret.

111 677 223 736 bantur
237 679 429 750 exstinguere.
996 670 1055 728 Vox
1068 673 1143 729 enim
1161 674 1226 745 ista,
1242 687 1297 730 uon
1311 679 1373 730 erat
1385 674 1527 733 labiorum
1540 677 1676 751 crepitus,
1691 678 1739 735 sed
1753 691 1821 736 cor-

150 769 268 840 Quarta,
292 769 431 838 Propheta
453 767 482 823 iu
506 766 613 822 eisdem
633 765 752 822 monitis
772 768 941 835 perseverat,
996 760 1044 817 dis
1058 760 1185 819 allectus.

112 864 149 916 ut
157 860 292 916 desinant
306 857 396 914 ludaei
410 856 483 912 mala
495 857 621 928 cogitare
633 854 676 911 vel
690 853 791 925 iacere,
806 853 942 925 quoniam
1031 853 1174 916 beatiore,
1199 855 1320 916 Domine,
1343 856 1372 908 in
1395 856 1495 910 virtute
1517 860 1564 910 tua
1580 875 1589 923 ;
1605 858 1774 913 cantabimus
1796 862 1822 913 et

109 960 145 1006 se
162 949 295 1005 noverint
309 947 420 1003 divinis
434 945 594 1002 virtutihus
608 944 806 1002 destruendos.
993 943 1143 1015 psallemus
1155 945 1270 999 uirtutes
1280 949 1350 999 tuas.
1364 944 1484 1001 cantare
1496 950 1539 1001 est
1550 946 1635 1002 rerba
1646 947 1761 1002 Domini
1772 961 1821 1004 ore

152 1039 184 1094 iu
201 1038 311 1109 quinta,
328 1036 468 1093 Dominus
482 1035 614 1092 Christus
627 1036 730 1091 clamat
742 1035 777 1089 ad
789 1035 898 1089 Patrem
911 1035 943 1088 ut
998 1031 1132 1103 prolerre.
1149 1033 1272 1089 Psallere
1286 1041 1391 1106 autem,
1408 1035 1539 1092 mandata
1552 1035 1651 1092 divina
1662 1036 1747 1093 bonis
1758 1050 1823 1108 ope·

109 1127 181 1199 eius
202 1127 340 1191 audiatur
363 1125 485 1182 oratio:
509 1129 537 1180 et
560 1125 588 1180 in
614 1123 823 1180 resurrectione
849 1120 943 1191 ipsius
997 1121 1160 1179 rationibus
1169 1127 1332 1178 constanter
1342 1123 1469 1194 implere.
1482 1125 1545 1180 llaec
1555 1124 1631 1180 enim
1644 1125 1712 1195 duo,
1724 1124 1822 1181 omni-

109 1216 226 1272 mundo
241 1214 390 1286 profutura
406 1215 550 1271 concedat.
997 1213 1115 1268 melisa
1127 1212 1210 1268 uobis
1223 1219 1405 1284 expetuntur,
1420 1220 1452 1270 ut
1463 1215 1561 1270 laudes
1570 1215 1685 1271 Domini
1697 1214 1821 1272 fideliter

150 1305 246 1373 Sexta,
262 1318 310 1374 per
323 1309 412 1360 totum
429 1302 569 1373 psalmum
582 1301 665 1358 verba
681 1306 749 1358 sunt
765 1300 941 1372 penitentis,
996 1313 1045 1356 ore
1064 1306 1219 1374 cantemus,
1241 1307 1269 1358 et
1287 1316 1371 1373 opere
1392 1310 1489 1360 nostro
1509 1303 1604 1374 ipsius
1623 1303 1755 1360 mandata
1773 1302 1821 1360 ia·

108 1393 164 1451 cui
176 1395 340 1465 junguntur
354 1392 480 1463 ep‘usdem
496 1392 571 1449 modi
587 1391 639 1448 alii
655 1405 703 1447 sex
718 1391 789 1463 ,qui
805 1395 897 1446 tamen
913 1388 943 1444 iu
996 1387 1117 1445 ciamus.

105 1482 335 1541 atthalusioueu
357 1482 459 1552 psalmi
480 1482 617 1552 descripti
639 1486 716 1538 suut.
1032 1478 1085 1544 Oai
1105 1480 1205 1534 timetis
1227 1482 1382 1543 bominum,
1410 1481 1521 1535 laudate
1545 1497 1615 1536 eum.
1643 1480 1696 1547 Oai
1720 1481 1820 1536 timetis

153 1574 186 1629 lu
203 1573 323 1643 septima
337 1578 415 1642 parte
429 1570 562 1627 Christus
576 1570 727 1627 humiliter
742 1569 857 1641 quidem
872 1567 944 1638 petit
996 1570 1150 1631 bominum,
1170 1568 1253 1638 dicit,
1275 1570 1343 1641 quia
1362 1569 1449 1626 timor
1469 1569 1611 1627 humanus
1630 1584 1687 1627 nou
1708 1570 1821 1626 laudem

110 1665 150 1718 ut
165 1661 193 1716 ei
211 1661 399 1717 subveniatur
412 1674 428 1716 a
442 1662 533 1730 Patre,
548 1660 596 1717 sed
611 1660 695 1716 habet
707 1659 841 1716 iidueiam
860 1663 943 1714 rectae
997 1657 1132 1729 parturit,
1147 1659 1194 1714 sed
1206 1658 1456 1728 vituperationem.
1469 1659 1519 1715 Dei
1533 1662 1626 1716 autem
1641 1659 1737 1730 timor,
1752 1658 1822 1730 quia

108 1751 346 1807 conversationis
362 1769 369 1822 3
384 1752 459 1822 quod
477 1750 568 1822 magis
583 1750 617 1806 ad
632 1752 696 1820 eius
712 1750 835 1820 pertinet
847 1747 943 1804 deita-
957 1726 1093 1817 Bjustus
1107 1753 1135 1803 et
1155 1753 1250 1804 rectus
1271 1754 1324 1819 est,
1346 1747 1458 1805 laudem
1479 1753 1603 1821 general,
1623 1761 1748 1805 amorem
1764 1747 1822 1804 tri-

110 1843 186 1897 tem.
203 1841 254 1897 Sed
273 1855 348 1897 more
368 1840 559 1897 humanitatis
577 1845 730 1911 assumpta
745 1839 802 1896 sihi
818 1837 944 1909 postulat
963 1842 967 1847 ’
998 1836 1072 1908 huit,
1087 1836 1216 1892 ardorem
1230 1836 1382 1893 charitatis
1398 1837 1565 1906 inflammat,
1583 1837 1650 1908 quia
1663 1840 1751 1894 heum
1765 1851 1823 1894 non

111 1929 277 1998 subveniri,
290 1945 325 1986 ne
334 1930 468 1988 diabolus
477 1931 602 1987 animam
612 1932 685 2000 ejus,
698 1930 799 2001 iniqua
811 1941 945 2000 prasum·
999 1930 1124 1981 meretur
1145 1925 1309 1997 praedicare,
1331 1925 1389 1981 nisi
1406 1926 1456 1996 qui
1469 1927 1654 1998 cognoscitur
1667 1932 1696 1983 et
1711 1927 1822 1984 timere.

113 2019 359 2091 ptiouediripial,
371 2025 398 2076 et
412 2019 504 2093 gloria
518 2020 611 2090 ipsius
625 2020 654 2074 in
666 2018 809 2091 pulverem
823 2018 945 2075 deducta
998 2015 1064 2072 Ideo
1078 2014 1155 2071 dixit
1170 2031 1177 2070 t
1192 2017 1241 2085 qai
1259 2017 1368 2080 timetis,
1388 2014 1509 2071 laudate.

111 2107 275 2178 dispereat.
1034 2103 1120 2174 Apud
1144 2108 1169 2159 te
1188 2104 1248 2159 luas
1270 2121 1331 2160 mea
1354 2106 1383 2160 in
1404 2106 1525 2160 Ecclesia
1544 2121 1644 2175 magna
1659 2124 1669 2174 ‚·
1683 2110 1746 2162 actu
1764 2121 1824 2162 mea

89 2218 99 2235 ·
155 2199 187 2253 lu
201 2202 308 2266 octaua,
326 2197 470 2268 parabolis
484 2203 513 2255 et
528 2197 650 2267 tropicis
664 2196 860 2253 allusionibus
875 2208 948 2251 aon·
999 2193 1115 2248 reddam
1128 2195 1310 2264 incompacta
1325 2197 1480 2250 timentium
1493 2210 1562 2250 eam.
1577 2195 1658 2266 hpud
1671 2197 1760 2251 mum
1771 2195 1826 2252 de-

78 2330 83 2335 .
114 2287 256 2360 gregatis,
271 2288 448 2357 subsequens
463 2288 560 2343 drama
578 2287 753 2358 decurritur,
767 2291 795 2342 et
813 2300 862 2355 per
873 2284 947 2340 alle·
1001 2283 1048 2339 het
1062 2296 1123 2339 esse
1146 2287 1241 2339 nostra
1264 2283 1337 2352 laus,
1355 2283 1383 2339 id
1398 2288 1452 2356 est,
1467 2284 1503 2340 de
1523 2286 1590 2357 Deo,
1606 2288 1634 2340 et
1656 2284 1709 2342 hoc
1724 2284 1755 2340 in
1769 2285 1827 2341 Ec·

114 2377 234 2450 goricas
244 2376 455 2432 similitudines
466 2377 561 2432 omnia
574 2375 779 2432 reieruuturad
793 2375 946 2431 Doruiuum
1000 2372 1089 2429 clesia
1098 2373 1250 2444 catholica,
1263 2379 1295 2431 ut
1304 2377 1368 2430 vota
1380 2379 1476 2430 nostra
1489 2374 1677 2446 acceptabilia
1690 2373 1825 2445 sintDeo,

113 2465 278 2523 christum.
298 2463 365 2532 Quae
380 2466 522 2521 schemata
541 2479 593 2521 nos
612 2464 683 2521 locis
704 2465 865 2535 aptissimis
884 2463 949 2520 evi·
1002 2478 1065 2536 qua
1079 2463 1248 2520 exhibemus
1262 2478 1357 2521 coram
1374 2465 1544 2522 timentibus
1559 2479 1598 2522 se.

76 2582 79 2589 ·
116 2544 292 2615 dentissime
307 2569 528 2624 commonemus,
548 2560 580 2610 ut
593 2555 692 2612 lectori
709 2556 840 2612 studioso
852 2554 949 2610 ambi·
1040 2555 1074 2608 Ut
1090 2554 1204 2608 audiam
1219 2569 1308 2608 uocem
1328 2555 1419 2609 laudis
1437 2559 1680 2618 mactationem
1698 2556 1828 2610 uniuerso

119 2646 221 2717 guitas
235 2650 338 2699 cuncta
355 2643 482 2700 tollatur.
953 2697 956 2700 ,
1001 2643 1143 2697 mirabilia
1159 2646 1217 2697 trra.
1234 2643 1333 2699 vocem
1353 2644 1530 2702 laudationis
1549 2644 1628 2701 illam
1645 2644 1828 2702 desiderabat

76 2732 79 2751 ²
155 2736 246 2801 Noua,
271 2736 335 2801 post
359 2732 533 2800 multiplicia
563 2733 714 2802 preconia,
741 2746 804 2802 quae
829 2732 950 2787 modoa
1004 2729 1830 2808 iorteaudire,quaaugeliDomiuilaudantbeum,di-

123 2821 239 2890 deitate,
253 2820 383 2876 modoab
399 2820 578 2876 humanitate
595 2821 698 2892 ipsius,
716 2821 835 2877 mutatis
848 2833 950 2890 perso-
1004 2826 1099 2876 centes
1119 2838 1125 2875 :
1149 2820 1277 2883 Sanctus,
1303 2827 1425 2885 sanctus,
1452 2829 1573 2888 sanctas,
1600 2827 1732 2880 Dominus
1759 2826 1831 2881 ilaus

124 2910 174 2966 nis
187 2916 215 2966 et
225 2910 318 2966 titulis
329 2910 448 2980 ponitur
462 2910 598 2982 alleluia,
613 2910 689 2982 quod
703 2911 849 2982 signifieat
861 2929 867 2965 ι
879 2911 950 2964 Leu-
1004 2910 1118 2964 sabaoth
1132 2909 1198 2979 (tsa.
1217 2924 1257 2980 nv,
1272 2908 1298 2982 3)
1313 2929 1320 2981 ;
1335 2925 1420 2981 quam
1441 2913 1526 2969 hodie
1541 2917 1641 2970 saneta
1655 2913 1783 2970 Ecclesia
1801 2913 1832 2970 in

104 2999 188 3067 ,date
203 3000 353 3054 bominum.
1004 2998 1196 3055 celebratione
1217 3000 1312 3055 missac
1337 3000 1478 3073 decantat,
1507 3003 1621 3073 quando
1642 3003 1719 3059 enim
1746 3005 1833 3060 istam

159 3051 1200 3162 heeima:sequunturgradates‚antummumnostrum⁰laudationem
1231 3088 1330 3144 devote
1358 3089 1500 3160 canimus,
1529 3090 1697 3162 angelorum
1730 3092 1833 3162 procul

76 3154 85 3239 .⁵²
121 3178 158 3236 ad
169 3179 322 3234 Dominum
333 3178 504 3236 Salinatorem
518 3194 590 3250 pura
600 3178 741 3237 ethumili
753 3179 952 3236 satisfactione
1004 3177 1096 3235 dubio
1110 3177 1229 3234 vocibus
1243 3177 1446 3234 admiscemur.
1807 3248 1810 3255 Ι

76 3330 78 3341 Ι
122 3268 299 3340 perducunt.
1041 3269 1163 3330 Domine,
1179 3268 1265 3322 dilcai
1279 3267 1400 3332 decorem
1414 3269 1510 3323 domas
1522 3273 1585 3333 trra,
1598 3273 1625 3325 et
1637 3269 1724 3325 locum
1738 3269 1836 3325 traber-

159 3357 326 3425 Undecima,
342 3358 462 3414 variatis
474 3358 580 3430 verbis,
597 3359 699 3416 iterum
713 3359 812 3415 laudes
824 3358 950 3430 Domini,
1005 3357 1100 3412 pacali
1113 3358 1208 3424 glorie
1224 3362 1285 3412 tua.
1302 3359 1436 3415 Decorem
1455 3358 1559 3415 domus
1580 3357 1663 3430 dicit,
1687 3373 1743 3417 non
1764 3357 1834 3430 pul·

121 3445 292 3518 hymnidica
312 3447 504 3504 exsultatione
523 3448 714 3519 concelebrat,
742 3448 824 3505 modo
847 3448 950 3520 Patris,
1007 3446 1201 3503 chritudinem
1214 3446 1364 3517 parietum.
1376 3452 1425 3503 aut
1439 3447 1667 3506 ministeriorum
1679 3446 1835 3519 pretiosis-

121 3535 211 3592 modo
229 3533 309 3604 Filii,
327 3535 408 3592 modo
422 3536 551 3607 Spiritus
568 3537 659 3594 saneti
679 3551 797 3608 precans
817 3537 954 3606 majesta·
1007 3536 1096 3592 simos
1110 3540 1275 3606 apparatus,
1293 3538 1341 3592 sed
1355 3536 1523 3607 qualitatem
1539 3537 1680 3596 bonorum
1696 3542 1833 3610 actuum,

121 3629 193 3693 tem,
211 3629 243 3681 ut
258 3623 331 3681 uuili
348 3625 387 3680 sit
400 3626 532 3698 dubium,
555 3633 681 3684 sanctam
703 3628 872 3684 trinitatem
888 3627 954 3683 sin·
1007 3639 1070 3697 qua
1088 3630 1201 3681 constat
1214 3626 1242 3681 in
1259 3624 1434 3695 psalmorum
1450 3625 1665 3698 jubilationem,
1679 3631 1707 3684 et
1720 3626 1750 3682 iu
1766 3639 1837 3698 pre-

122 3714 269 3787 gulariter
288 3715 511 3785 omnipotentem
533 3731 595 3788 quau
610 3717 672 3773 vult
686 3716 778 3774 iacere
794 3718 823 3773 in
839 3717 911 3774 coelo
925 3722 954 3774 et
1006 3728 1071 3771 cum
1081 3717 1272 3785 sanctitatem,
1283 3715 1348 3772 etin
1358 3716 1516 3773 Christiani
1529 3715 1628 3789 populi
1639 3715 1834 3772 humillimam

125 3802 161 3858 in
178 3808 263 3858 terra.
645 3820 647 3825 ’
1007 3805 1196 3861 devotionem.
1818 3853 1821 3859 .

162 3890 335 3949 Duodecihm
356 3896 462 3964 septem
487 3895 588 3966 psalmi
609 3896 816 3967 relinquuntur
835 3897 866 3952 in
886 3895 952 3969 tine,
1043 3895 1155 3949 Psallite
1171 3896 1295 3956 Domino,
1311 3897 1401 3950 sancti
1421 3895 1491 3965 ejus,
1507 3900 1532 3951 et
1552 3896 1717 3967 coaptamini
1730 3910 1835 3951 memo·

121 3979 176 4052 qui
187 3980 432 4040 exsultationibus
442 3984 616 4055 hymnidicis
625 3990 710 4042 totam
718 3985 838 4058 gloriam
849 3990 953 4041 sauata
1006 3984 1056 4037 rire
1069 3985 1224 4038 sanctitatis
1244 3984 1313 4052 ejas.
1335 3985 1392 4055 Qui
1407 3985 1499 4042 sancti
1518 3989 1595 4057 suut,
1617 3984 1837 4057 praecipitarat

120 4069 279 4126 Trinitatis
303 4073 475 4144 generaliter
498 4075 597 4131 devota
627 4079 718 4131 mente
742 4074 951 4132 concelebrant.
1007 4071 1132 4142 psallant
1149 4072 1283 4144 Domino,
1302 4074 1372 4145 quia
1392 4089 1447 4129 aaa
1465 4078 1504 4129 est
1522 4076 1642 4146 spaciosa
1661 4076 1722 4130 laus
1738 4076 1768 4129 ia
1791 4088 1836 4127 ore

120 4158 172 4215 Sic
193 4162 288 4216 textus
310 4161 401 4217 totius
423 4162 554 4219 Psalterii
570 4178 610 4220 ιιι
632 4165 763 4235 partibus
782 4165 952 4232 distansia
1002 4163 1152 4233 peccatoris
1172 4160 1266 4232 (Eucti.
1288 4175 1336 4231 xv,
1355 4161 1391 4235 9).
1409 4162 1574 4221 confitenda
1590 4171 1618 4220 et
1631 4163 1773 4221 laudanda
1792 4156 1838 4219 est

121 4248 322 4319 apostolorum
339 4264 468 4324 numero,
482 4254 554 4309 mira
567 4253 651 4311 laude
665 4255 858 4327 concluditur,
877 4268 954 4326 qua·
1008 4251 1143 4307 memoria
1155 4251 1318 4308 sanctitatis
1330 4252 1402 4321 ejus,
1413 4267 1476 4322 quae
1488 4253 1607 4308 humani
1620 4253 1734 4325 generis
1745 4253 1835 4308 mise-

122 4342 245 4394 tennset
257 4339 310 4396 iste
320 4339 392 4396 illud
401 4344 551 4413 agatquod
562 4343 841 4414 Christidiscipulos
852 4342 954 4401 iecisse
1008 4341 1162 4398 ricorditer
1186 4341 1338 4397 recordans
1360 4339 1446 4397 edicit
1470 4342 1546 4413 quod
1570 4355 1623 4398 nos
1646 4341 1756 4398 salvare
1779 4352 1832 4410 po-

123 4427 320 4499 cugnovimus.
338 4429 388 4486 Est
400 4431 486 4486 etiam
500 4432 626 4500 ejusdem
641 4433 681 4489 rei
696 4433 776 4490 aliud
791 4434 953 4491 evidentius
967 4429 1121 4494 Diuisset.

123 4522 347 4589 sacramentum,
370 4524 441 4590 quot
460 4517 510 4576 tto
529 4521 632 4578 diebus
651 4523 763 4580 diluvio
780 4524 954 4593 superducto
1043 4522 1188 4577 insultate
1195 4522 1270 4591 justi
1282 4523 1312 4577 tu
1326 4523 1448 4578 Domino.
1469 4521 1572 4590 injusti
1586 4521 1721 4577 exsultent
1734 4520 1765 4575 iu
1777 4535 1833 4576 sa-

123 4604 301 4664 criminibus
323 4608 388 4665 suis
408 4615 482 4666 terra
502 4611 596 4668 diluta
611 4617 663 4668 est.
683 4612 729 4668 Sia
744 4618 773 4668 et
788 4613 817 4668 hi
839 4613 952 4683 psalmi,
1008 4613 1076 4666 calo.
1098 4612 1194 4669 Finito
1218 4612 1323 4670 saeculo
1346 4612 1447 4669 buitur
1469 4612 1641 4683 injustorum
1664 4609 1830 4668 exsultatio.

124 4693 178 4750 tali
204 4709 324 4754 numero
352 4699 497 4771 producti,
526 4715 616 4773 genus
646 4702 801 4759 humanum
829 4705 954 4773 peccatis
1007 4700 1634 4774 Exsulteutautcmjustiinhomino,quia,
1650 4704 1832 4771 permanente

124 4783 189 4841 suis
203 4786 357 4860 pollutum,
374 4791 575 4847 convenienter
590 4791 713 4847 reddunt
726 4792 901 4849 absolutum.
1006 4791 1139 4862 Domino,
1156 4792 1332 4863 permanehit
1344 4793 1489 4863 justorum
1504 4789 1668 4848 exsultatio.
1684 4789 1832 4847 Exsultate

161 4873 265 4930 Seruite
284 4877 399 4932 Domino
414 4880 443 4932 iu
461 4881 565 4934 tirrrorc.
584 4880 680 4936 Brevis
694 4886 722 4937 et
738 4881 820 4951 plana
835 4889 877 4939 est
897 4883 954 4939 ista
1007 4878 1832 4954 autemlubomino,itaconvenitutlaudemusillum,qui

127 4964 324 5037 commonitio,
342 4981 399 5038 qua
415 4968 564 5026 hortamur
577 4970 698 5027 Domino
713 4971 769 5027 Deo
784 4985 841 5029 nou
853 4972 953 5030 servili
1007 4971 1087 5029 solus
1107 4985 1163 5028 uon
1180 4973 1264 5029 hahet
1278 4971 1354 5042 quod
1368 4970 1451 5029 nohis
1467 4970 1630 5041 displiceat.
1649 4972 1743 5027 Rectus
1758 4970 1834 5026 decet

127 5051 176 5108 sed
190 5052 308 5112 amabili
321 5057 425 5115 timore
438 5060 554 5116 servire.
568 5061 603 5115 Et
616 5073 651 5116 ne
665 5061 816 5119 servitium
829 5063 878 5119 Dei
894 5063 954 5121 du·
1007 5062 1172 5117 collaudatio
1193 5063 1278 5134 (Psoi.
1299 5059 1448 5136 xxx11,l):
1469 5061 1514 5117 illi
1535 5060 1831 5135 summotaquise-
1916 5083 1918 5088 ·

125 5140 280 5198 rissimum
294 5142 367 5203 iorte
388 5153 546 5220 putaretur,
564 5150 715 5220 subjunxit
731 5171 738 5206 ι
1008 5153 1133 5208 cundum
1146 5150 1320 5208 voluntatem
1334 5150 1384 5206 Dei
1398 5150 1529 5223 dirigunt
1545 5165 1605 5223 cor,
1618 5160 1646 5209 et
1661 5152 1690 5207 in
1709 5159 1831 5220 prospe-

160 5232 199 5287 Et
214 5232 349 5289 ecsaltute
366 5239 399 5302 ei,
422 5238 491 5309 quia
506 5239 593 5295 timor
608 5241 721 5297 bomini
739 5255 795 5298 uon
813 5243 847 5299 ad
864 5244 955 5300 mise·
1008 5241 1093 5297 ritate
1107 5244 1136 5296 et
1151 5240 1180 5296 in
1196 5240 1384 5297 tribulatione
1399 5240 1518 5298 laudant
1532 5243 1630 5299 Deum.

123 5320 211 5390 riam,
236 5321 284 5377 sed
306 5324 341 5380 ad
366 5327 503 5398 gaudium
526 5330 617 5385 ducit.
641 5331 674 5385 Et
699 5331 814 5402 iterum,
837 5346 871 5389 ue
895 5332 954 5390 haec
1044 5330 1212 5400 &nitemini
1229 5332 1343 5385 Domino
1364 5332 1394 5386 ln
1413 5332 1530 5394 eithara,
1550 5333 1579 5384 iu
1593 5326 1725 5399 psalterio
1739 5325 1829 5380 decem

122 5409 285 5469 exsultatio
306 5413 454 5488 negligens
473 5418 648 5490 redderetur,
671 5420 802 5477 addidit:
819 5437 880 5475 cam
896 5426 956 5477 tre·
1008 5414 1829 5490 chordarampsulliteilll.Citharaiuferiushabetlignum‚

121 5515 206 5555 mm·
1008 5508 1056 5567 cui
1070 5511 1250 5581 superjacent
1259 5511 1383 5584 chordae,
1396 5524 1458 5583 qua
1470 5513 1549 5564 tactae
1562 5511 1705 5562 resonant.
1717 5504 1831 5562 Psalle-

163 5589 256 5647 Verte
274 5605 337 5650 meu
351 5596 468 5651 auribus
481 5599 601 5669 percipe,
617 5600 739 5664 bomine,
758 5599 879 5670 intellige
893 5601 956 5657 clu-
1009 5601 1087 5660 rium
1106 5613 1172 5659 vero
1194 5601 1225 5657 in
1246 5601 1395 5674 superiore
1416 5597 1500 5656 hahet
1518 5596 1613 5668 ipsum
1634 5593 1758 5669 liguum.
1777 5594 1831 5654 Per

346 5692 464 5752 Parnon..
485 5694 611 5754 cxxix.
1691 5691 1727 5752 lb
