3876 6090
141 243 188 301 ala
496 237 770 298 mauriciano
789 236 913 295 Simoni
928 234 975 292 Vll
992 233 1193 292 GENERALIS.
1203 267 1240 279 —
1257 239 1358 297 helio
1371 241 1414 297 IV.
1781 235 1836 296 ali

140 365 190 429 tur,
205 364 234 414 et
244 355 389 429 gaudebat
401 374 408 411 ε
422 356 470 412 sed
481 353 604 412 intentio
617 360 646 412 et
658 355 699 412 rei
715 354 782 411 bnis
797 366 853 409 uon
869 350 959 407 habe-
971 349 1001 409 A
1012 344 1113 407 laniem
1134 348 1203 426 [θη
1224 357 1287 425 pnst
1306 369 1372 412 vero
1391 354 1424 426 ι]
1444 356 1578 427 intuitus,
1600 355 1736 413 arbitrari
1750 355 1836 426 coepi-

139 449 179 504 bat
192 445 323 502 initium.
341 447 420 502 Tunc
434 459 501 516 ergo
513 445 603 500 animi
618 442 814 512 delectionem,
829 454 892 512 quse
907 454 959 496 nos
1013 438 1086 496 banc
1105 440 1184 497 illam
1196 456 1258 498 esse
1272 457 1335 514 quae
1347 443 1426 500 olim.
1437 443 1602 515 Apponebat
1614 443 1719 515 quippe
1731 449 1759 500 et
1769 444 1833 516 boc,

139 536 308 606 obtinuerat,
344 533 486 590 consolari
517 533 616 588 taliter
647 533 791 601 opinatus,
816 527 956 599 acquisivi
1014 528 1174 599 quialleus
1193 533 1346 588 mercedem
1369 533 1471 589 domus
1489 531 1830 602 trreaedettibi,domine.

139 624 209 680 aliud
232 619 305 697 [Gr.,
321 622 432 691 aliaml,
450 622 644 692 conmmplans
661 626 690 677 et
704 624 848 690 reputans,
864 630 957 688 quern,
1013 617 1091 674 Tunc
1116 620 1207 691 plane,
1222 626 1290 679 tunc
1311 627 1411 678 suncta
1425 621 1565 693 videbam,
1592 620 1755 692 pariterque
1770 632 1835 691 gau-

139 713 256 784 uuando,
278 718 307 767 et
320 711 382 783 ubi,
404 716 431 767 et
456 711 485 766 in
500 724 569 782 quo,
582 709 772 780 ecquomodo,
785 707 828 762 vel
841 719 897 777 qua
912 718 960 760 ne
1013 706 1084 762 dens
1102 713 1130 762 et
1146 708 1301 780 agonizans
1325 705 1471 783 [certans]
1492 709 1545 766 hnc
1564 709 1656 765 solum
1682 708 1834 778 interroga·

139 801 175 856 bis
205 800 352 856 mediante
382 799 490 856 abirem
515 799 651 855 seductus
677 803 706 853 el
731 794 959 852 circumveniens
1013 794 1078 849 bam
1093 813 1099 849 :
1117 796 1189 852 Sana
1205 794 1279 852 lacta
1297 798 1356 853 esi
1371 797 1433 853 vel:
1451 796 1598 866 Quomodo
1611 810 1679 853 sana
1691 794 1765 852 lacta
1776 795 1835 852 esi

139 887 200 964 [dn.
223 889 405 945 seduxissem
425 895 454 944 et
475 884 738 956 circumvenissem]
760 881 958 939 mulierculam
1013 888 1040 937 et
1061 896 1209 940 assumens
1224 889 1332 940 sacrem
1347 884 1417 955 [θν.,
1435 884 1557 954 inotio]
1574 883 1717 940 enarravit
1735 883 1835 940 adven·

139 976 336 1045 miserrimam,
358 981 386 1032 et
410 977 449 1033 ita
472 974 673 1042 miserabilem,
687 979 715 1029 el
733 976 826 1029 tantas
839 969 959 1026 fiducias
1014 974 1073 1027 tum
1088 970 1122 1027 ad
1142 972 1295 1044 regionem,
1309 978 1337 1029 et
1353 974 1577 1044 deportationem
1592 971 1727 1044 imaginis
1738 971 1772 1026 ad
1787 971 1836 1027 dc

138 1065 213 1122 nobis
234 1066 473 1131 commodantem.
500 1065 622 1121 Maxime
640 1068 734 1119 autem
756 1058 956 1129 contrishrbar,
1013 1072 1090 1115 mum
1107 1073 1187 1116 suam
1200 1079 1206 1114 :
1219 1067 1247 1117 et
1261 1061 1329 1132 quia
1349 1062 1378 1117 in
1399 1062 1542 1118 excelsum
1562 1061 1680 1132 elevata,
1699 1064 1835 1129 etsuper-

108 1193 111 1198 ·
139 1160 229 1224 utpute
246 1168 385 1225 separans
405 1154 581 1210 mulierema
601 1152 751 1208 meliorum
771 1148 956 1220 protectione,
1013 1146 1105 1216 posita
1124 1155 1168 1205 est
1187 1149 1217 1204 in
1240 1150 1398 1219 parietibus
1416 1149 1559 1207 domicilii
1579 1163 1660 1206 sacru
1681 1148 1788 1220 pariter
1806 1152 1834 1203 et

137 1248 159 1298 el
176 1256 228 1312 per
245 1241 339 1298 alium
359 1241 428 1297 talia
443 1241 599 1312 sapientem
618 1240 653 1295 ad
675 1252 707 1295 ea
725 1238 794 1309 [Gr.,
810 1250 873 1306 quae
885 1249 957 1306 opus
1011 1237 1220 1293 decentissime.
1236 1238 1374 1295 Utautem
1385 1243 1414 1294 et
1427 1253 1477 1309 per
1486 1244 1597 1309 tempus
1612 1236 1746 1308 frequens
1758 1237 1835 1293 ima-

138 1331 173 1387 illi
198 1337 282 1386 erant
303 1329 493 1399 exhibitione]
515 1343 578 1399 quae
599 1327 726 1383 dealbari
745 1325 903 1381 verebatur.
926 1326 957 1378 lu
1012 1325 1072 1397 gini
1089 1325 1234 1382 oblatrans
1248 1333 1334 1398 atque
1355 1327 1488 1384 delusum
1514 1327 1679 1399 figmentum
1700 1324 1770 1402 [dn.
1793 1325 1836 1381 in-

137 1419 175 1475 bls
194 1434 309 1485 rursus,
335 1425 363 1475 et
383 1424 497 1488 propter
520 1417 685 1487 huiusmodi
708 1414 912 1483 seductionem,
928 1417 957 1467 el
1012 1413 1132 1482 sultans,
1157 1428 1190 1470 ac
1206 1414 1264 1471 fere
1283 1416 1457 1487 llgmentum,
1480 1416 1546 1487 etc]
1564 1417 1730 1486 discerpens
1750 1414 1835 1484 spiri-

136 1508 326 1579 dicerentque
345 1507 486 1564 oblatrare
500 1506 632 1563 sairitum
645 1503 807 1561 existimavi
822 1521 828 1556 :
845 1507 873 1557 et
888 1502 956 1572 quia
1012 1506 1069 1572 tus,
1094 1503 1124 1557 in
1144 1503 1200 1559 llrne
1224 1504 1353 1560 insonuit
1368 1506 1439 1576 [Gr.,
1452 1504 1627 1574 discesserit]
1640 1522 1647 1559 ε
1660 1508 1689 1559 ει
1703 1502 1776 1559 iacta
1790 1506 1834 1559 est

137 1599 189 1668 ipee
208 1610 262 1670 ego
283 1595 465 1652 econtrario
492 1593 663 1651 ilrmaverim
694 1597 779 1663 atque
805 1591 956 1647 locaverim
1013 1589 1263 1661 nobismeuieinn,
1284 1593 1369 1661 dixit,
1392 1593 1465 1664 quod
1490 1593 1652 1663 patiebatur
1671 1591 1727 1663 [Gr.
1747 1592 1835 1661 palie

137 1686 328 1754 stabilitatem,
351 1698 415 1755 qnae
434 1688 494 1739 erat
516 1683 638 1739 demoni
658 1682 735 1737 circa
756 1680 908 1736 hominem.
924 1682 957 1735 Et
973 1677 1122 1749 Bbumur]
1138 1680 1208 1736 olim
1231 1681 1401 1737 inveritate.
1423 1683 1478 1738 llos
1499 1681 1577 1737 enim
1592 1682 1642 1755 qui
1664 1680 1773 1737 similia
1788 1694 1835 1750 pa-

137 1777 203 1849 gnod
218 1775 313 1833 lactus
326 1788 390 1830 sum
402 1774 429 1829 ei
445 1779 473 1829 cl
488 1771 607 1827 materia
625 1775 654 1826 et
665 1770 776 1826 occasio
793 1769 957 1825 calumnia·
1010 1767 1135 1840 tiuntur,
1151 1768 1240 1838 locus,
1254 1771 1311 1827 imo
1322 1770 1412 1842 ligura
1425 1771 1554 1844 Virginis
1565 1771 1664 1826 matris
1679 1773 1768 1827 curat.
1782 1769 1833 1824 llic

139 1879 192 1922 rum
213 1864 371 1935 justarum,
388 1875 444 1917 non
463 1860 532 1917 dum
553 1859 619 1915 dico
640 1863 738 1914 contra
759 1857 956 1926 memetipsum
1010 1860 1053 1910 εει
1067 1856 1142 1911 enim
1157 1856 1335 1914 bniscausae.

140 1953 232 2023 solum,
249 1965 317 2022 ergo
332 1947 403 2024 [Gr.,
424 1949 494 2019 sed]
511 1954 609 2004 contra
624 1960 721 2004 ornnes
742 1945 857 2021 quidem
870 1945 957 2000 Cbri-
1046 1945 1100 2000 Len
1121 1946 1321 2003 sanctissimus
1341 1948 1493 2019 episcopus
1514 1949 1621 2005 Pholiaa
1640 1949 1735 2006 dixit:
1760 1950 1835 2006 Scri-

141 2042 249 2110 silanos,
264 2044 295 2096 et
305 2044 407 2095 contra
418 2037 578 2094 sacerdotes
594 2036 729 2105 primum,
743 2047 776 2090 eo
791 2034 865 2105 quud
881 2048 956 2090 uxo·
1010 2038 1089 2104 ptum
1104 2040 1155 2106 est,
1171 2035 1238 2105 quia
1255 2036 1284 2092 in
1304 2036 1417 2093 duobus
1431 2039 1474 2094 vel
1496 2037 1591 2097 trihus
1611 2038 1733 2094 testibus
1745 2038 1833 2095 stabit

143 2144 190 2187 rem
212 2129 331 2200 quidam
353 2126 498 2198 presbyter
519 2126 608 2182 altero
632 2125 728 2196 typho,
752 2124 844 2194 aiunt,
865 2124 955 2179 altero
1009 2136 1091 2179 omne
1104 2123 1220 2179 verbum
1233 2121 1338 2194 [Moab.
1361 2125 1463 2197 xvn1]:
1480 2132 1508 2182 el
1525 2125 1610 2183 hodie
1623 2125 1746 2181 exhibiti
1764 2131 1832 2182 sunt

143 2219 266 2288 damone,
298 2217 349 2288 uui
380 2220 441 2272 erat
465 2214 611 2283 mendicii,
636 2212 855 2283 praejudicavit3
878 2213 952 2283 quod
1010 2211 1094 2268 nobis
1111 2212 1229 2282 plurimi
1244 2214 1317 2269 sacri
1338 2213 1417 2284 libri,
1429 2213 1479 2286 qui
1500 2219 1608 2270 mentes
1625 2219 1737 2272 nostras
1752 2214 1833 2286 riga-

144 2307 206 2363 nibil
227 2305 352 2377 prolecto
367 2309 410 2361 est
422 2303 512 2372 aliud,
529 2316 613 2374 quam
628 2302 658 2357 in
679 2301 832 2357 Beelzebub
853 2302 955 2371 ejicere
1008 2306 1120 2370 verunt,
1137 2307 1165 2357 et
1188 2300 1388 2360 satisfecerunt
1407 2303 1443 2360 de
1466 2302 1647 2361 restitutione
1667 2306 1831 2360 sanctarum

144 2394 361 2451 velledaemonia.
378 2393 565 2463 llaecquidem
582 2390 653 2446 mibi
675 2398 704 2445 ει
723 2390 887 2459 hujusmodi
905 2390 955 2445 in-
1010 2389 1176 2463 imaginum.

145 2484 293 2540 desinenter
302 2482 427 2539 animam
443 2481 570 2553 ingressa
584 2479 720 2535 atrociter
733 2476 951 2549 conturbabant,
1044 2479 1078 2533 El
1087 2479 1156 2551 legit
1165 2481 1265 2537 Petrus
1278 2480 1384 2537 lector:

147 2578 167 2627 el
176 2571 347 2641 iniciebant,
357 2576 386 2626 et
398 2582 499 2642 magna
517 2572 679 2639 exspectare
688 2567 795 2623 dabant
809 2568 882 2624 mala
897 2573 953 2624 tam

147 2659 360 2726 abhominibus,
375 2672 460 2729 quam
472 2657 507 2713 ab
525 2658 587 2727 ipso
599 2657 665 2714 Deo.
689 2656 886 2712 Verumtamen
906 2673 955 2715 re-

113 2812 119 2829 ,
147 2748 299 2820 cogitabam,
320 2751 349 2802 et
368 2744 520 2802 referebam
541 2744 730 2813 mihimetipsi
743 2746 954 2802 excusationem
1044 2747 1187 2802 Secrelum
1205 2747 1281 2819 regis
1299 2748 1390 2804 celare
1408 2747 1514 2804 bonum
1532 2751 1585 2820 est,
1601 2760 1686 2817 opera
1703 2760 1769 2803 vero
1781 2743 1831 2802 Dei

152 2831 384 2908 [simulationem]
406 2839 435 2890 et
464 2834 615 2905 quamdam
643 2832 725 2903 quasi
748 2833 955 2891 consolationis
1011 2833 1165 2904 predicare
1175 2835 1331 2907 gloriosum
1346 2840 1398 2891 est.
1414 2838 1449 2891 Et
1462 2836 1592 2906 poslalia
1606 2835 1703 2891 :hlios
1715 2834 1831 2905 prvidem

149 2925 310 2995 phantasiam
339 2924 374 2979 ad
401 2937 525 2994 presens
546 2921 736 2992 imponebam,
759 2922 859 2978 dicens
878 2923 952 2993 apud
1010 2923 1146 2992 templum
1160 2923 1290 2991 habebat,
1312 2924 1424 2981 nemine
1437 2925 1683 2995 impediente3me
1695 2937 1761 2980 vero
1774 2923 1833 2978 mi-

149 3027 196 3069 ne:
216 3015 290 3069 bens
313 3013 390 3068 enim
412 3011 447 3067 de
476 3009 575 3067 iuturo
600 3009 685 3066 faciet
714 3023 821 3066 curam.
847 3013 878 3066 ln
902 3012 992 3100 honac
1009 3023 1101 3066 seram
1120 3025 1177 3068 non
1190 3012 1354 3083 recipiebat,
1371 3014 1459 3070 veluti
1479 3014 1601 3084 quadam
1617 3013 1738 3069 militari
1752 3011 1832 3069 mul-

148 3101 237 3172 quippe
254 3113 331 3157 anno
355 3100 432 3156 intra
456 3099 551 3156 locum
563 3097 636 3155 lorte
655 3094 725 3171 [Gr.,
739 3100 770 3154 ln
784 3098 836 3154 hoc
850 3099 955 3170 quippe
1010 3098 1135 3154 titudine
1145 3099 1178 3155 ad
1194 3099 1246 3156 hoc
1258 3100 1389 3156 ordinata
1404 3102 1446 3157 vel
1458 3103 1551 3173 jussa,
1568 3108 1600 3158 ut
1613 3102 1833 3160 mihiexclude-

148 3188 301 3245 intermedio
313 3195 439 3258 tempore
454 3186 536 3257 forte]
559 3186 642 3244 nubis
658 3188 796 3243 morietur
813 3187 872 3242 sive
889 3200 955 3242 mu-
1009 3191 1052 3242 ret
1069 3188 1202 3243 aditum:
1228 3188 1325 3244 taliter
1340 3202 1383 3244 me
1403 3190 1532 3259 quaedam
1549 3190 1643 3246 audax
1665 3185 1735 3263 [Ge.
1759 3204 1832 3247 con-

148 3276 261 3346 liercnla,
276 3278 337 3333 sive
356 3276 417 3346 ipse
432 3276 486 3346 vir,
501 3276 560 3331 sive
572 3274 648 3330 alius
667 3274 829 3345 quisquam.
849 3274 955 3330 bloriar
1009 3272 1090 3343 ferta]
1116 3274 1285 3343 prohibebat
1307 3276 1409 3332 virtus.
1432 3279 1468 3332 Et
1481 3278 1583 3333 iterum
1604 3278 1669 3334 steti
1683 3278 1712 3333 iu
1727 3279 1828 3335 atriis:

147 3372 225 3421 autem
236 3364 385 3421 multoties
395 3377 456 3435 ego,
468 3370 496 3420 et
506 3363 629 3420 cessabit
642 3364 691 3434 qul
708 3360 778 3438 [Gr.,
792 3369 818 3418 et
835 3379 875 3418 ms
887 3365 952 3427 iol„
1009 3361 1063 3417 hnc
1086 3368 1128 3417 ter
1155 3368 1183 3418 et
1204 3370 1304 3432 quater
1330 3362 1442 3433 patiens
1457 3365 1517 3420 sive
1540 3364 1657 3433 inciens,
1684 3365 1830 3438 deficiens,

149 3454 219 3523 quod]
233 3453 383 3509 tristitiam
404 3451 551 3508 inserebat.
568 3451 660 3523 lgilur
674 3452 704 3506 in
723 3452 769 3508 his
789 3457 856 3508 tunc
868 3466 884 3507 a
898 3453 955 3523 dy·
1008 3448 1084 3505 ultra
1100 3450 1158 3519 jam
1179 3450 1247 3520 pelli
1267 3456 1295 3506 et
1313 3450 1413 3520 repelli
1437 3465 1492 3508 uon
1506 3451 1602 3508 valui:
1625 3451 1730 3508 lactum
1753 3453 1829 3509 enim

150 3541 229 3610 scolis,
245 3542 396 3611 quaecirca
409 3541 540 3597 miseram
552 3540 700 3597 mulierem
712 3546 802 3611 erant,
815 3546 847 3597 ut
861 3541 951 3598 rebar.
1008 3537 1080 3593 mihi
1102 3540 1146 3594 est
1169 3552 1279 3609 corpus
1296 3553 1353 3609 prae
1377 3539 1404 3594 vi
1425 3538 1578 3596 defessum.
1606 3540 1743 3596 besinens
1763 3554 1830 3613 ergo

151 3627 280 3701 liberatus,
296 3645 313 3686 a
332 3629 413 3686 rebar
440 3629 523 3686 turba
544 3628 672 3685 liberari.
694 3630 760 3684 Post
779 3642 868 3685 annos
890 3644 954 3686 reor
1008 3627 1122 3697 recessi,
1147 3632 1174 3683 et
1191 3628 1256 3683 steti
1275 3628 1305 3682 in
1326 3629 1448 3698 quodam
1461 3618 1653 3700 angulo'aulae
1668 3628 1766 3698 templi
1780 3647 1787 3683 :
1801 3634 1830 3685 et

151 3714 220 3774 ierne
229 3726 287 3775 tres
302 3718 410 3776 stabam
431 3731 515 3789 penes
533 3718 609 3788 ipsas
631 3731 725 3774 sacras
745 3724 840 3788 portas
857 3719 952 3790 magni
1007 3716 1055 3771 vix
1074 3717 1186 3772 tandem
1206 3716 1239 3771 ad
1260 3718 1464 3773 conscientiam
1487 3718 1599 3788 perveni
1619 3731 1711 3774 causae
1727 3717 1831 3788 prohi-

151 3808 238 3878 templi.
254 3808 486 3864 Eteccemulier
504 3807 618 3862 elevans
633 3806 796 3876 supercilia,
819 3811 847 3862 et
867 3806 954 3862 vehe-
1007 3803 1102 3861 bentls
1132 3819 1175 3861 me
1196 3806 1291 3862 videre
1310 3806 1455 3863 vivificum
1487 3807 1606 3879 lignum.
1627 3807 1732 3877 Tetigit
1752 3807 1829 3863 enim

153 3904 239 3954 menter
256 3911 290 3954 ac
313 3895 453 3954 indefesse
475 3897 664 3967 pronuntians
684 3902 713 3952 et
735 3896 888 3967 respirans,
912 3897 954 3951 in·
1007 3893 1079 3949 mihi
1091 3895 1189 3951 oculos
1206 3895 1404 3952 cordissermo
1419 3896 1565 3967 salutaris,
1581 3895 1732 3952 ostendens
1745 3896 1829 3966 mihi,

118 3976 121 3980 ’
152 3985 208 4043 trita
224 3992 267 4043 est
285 3988 316 4043 in
340 4001 393 4057 me,
415 3991 444 4042 ει
464 3986 622 4056 proximam
647 3984 860 4056 interrogabat,
880 3985 951 4055 ipse,
1006 3982 1425 4055 quod,coenumessetoperum
1440 3999 1577 4055 meorum,
1591 3983 1829 4055 quedintroilum

153 4080 224 4146 pons,
237 4075 306 4132 esti
325 4076 367 4133 vel
384 4075 478 4146 quid‘l
492 4080 520 4130 et
533 4074 639 4143 locuta,
650 4074 735 4130 etiam
753 4075 813 4144 ipsc
825 4079 867 4129 est
878 4087 953 4129 vera·
1006 4069 1079 4126 mihi
1094 4072 1252 4127 claudebat.
1269 4073 1345 4144 Cmpi
1361 4074 1452 4146 igitur
1464 4075 1530 4130 llere
1544 4087 1577 4130 ac
1589 4073 1732 4145 plangere,
1744 4075 1830 4142 atque

152 4161 341 4234 titer;cursim
353 4170 490 4233 movetur,
503 4168 532 4219 et
543 4161 786 4232 procumbitmihi
799 4163 833 4218 ad
845 4176 951 4234 genua;
1006 4164 1105 4228 pectus
1139 4161 1339 4231 percutiebam,
1362 4163 1485 4233 gemitus
1504 4176 1539 4218 ex
1561 4158 1701 4231 profundo
1733 4160 1829 4218 cordis

152 4256 171 4304 cl
193 4252 257 4309 lexa
279 4252 481 4323 comprehendi
509 4252 581 4307 mihi
606 4249 690 4320 tales,
711 4255 739 4304 et
768 4250 952 4307 osculabatur
1005 4249 1160 4304 attrahens.
1183 4249 1310 4320 Cumque
1328 4252 1479 4321 plorarem,
1502 4251 1584 4308 viden
1603 4251 1714 4308 deloco
1729 4251 1829 4320 inquo

152 4338 353 4414 cicumplexans,
367 4347 395 4397 el
411 4342 508 4411 jacens
521 4342 550 4395 in
571 4341 740 4410 pavimento.
758 4342 816 4412 Ego
836 4340 950 4411 quidem
963 4351 991 4412 D
1006 4337 1126 4407 stabam,
1141 4338 1292 4410 imaginem
1312 4340 1500 4396 sanctissimae
1511 4341 1561 4396 Ilei
1571 4340 1729 4397 Genitricis
1740 4340 1830 4396 desn-

96 4466 103 4481 .
152 4426 256 4487 sinebam
269 4431 385 4487 interim
405 4435 433 4485 et
447 4430 613 4502 gaudebam,
627 4434 655 4484 et
665 4430 721 4485 huc
732 4434 818 4501 atque
831 4429 901 4485 illuc
915 4430 949 4484 ad
1007 4440 1057 4496 per
1069 4431 1202 4497 stantem,
1213 4435 1242 4483 et
1255 4427 1302 4484 aio
1316 4430 1350 4484 ad
1366 4441 1426 4484 eam
1440 4429 1685 4485 indeclinabiliter
1695 4431 1826 4485 intuens:

153 4516 230 4574 turben
250 4517 517 4588 circumspiciebam
542 4518 728 4587 praeeminens
758 4513 888 4591 [delicias
914 4516 952 4574 la·
1006 4515 1092 4587 Virgo
1110 4517 1315 4588 dominaque
1332 4519 1421 4575 Deum
1444 4519 1565 4575 Verbum
1587 4519 1744 4576 secundum
1762 4532 1830 4574 car-

152 4604 231 4677 cicns]
242 4615 269 4664 et
283 4609 330 4664 bis
342 4608 392 4678 qui
415 4605 638 4662 circumstabant
653 4607 791 4675 jacentem
811 4606 952 4663 videndus
1007 4616 1070 4658 nem
1081 4604 1207 4676 genuisti
1222 4623 1229 4673 3
1246 4607 1311 4662 novi
1330 4606 1456 4677 quidem,
1474 4608 1551 4678 novi,
1566 4607 1641 4678 quud
1658 4622 1714 4664 nou
1725 4607 1765 4664 sit
1776 4607 1830 4662 de-

153 4692 205 4762 liis,
224 4704 317 4754 etms.
344 4697 410 4759 iol..
433 4695 526 4752 videri
544 4695 637 4767 dans]
657 4701 685 4751 et
705 4696 856 4751 ostendens
875 4695 950 4766 quod
1005 4691 1103 4762 cibile,
1127 4705 1217 4763 neque
1241 4695 1419 4769 rationabile,
1448 4711 1490 4752 me
1513 4698 1553 4753 itu
1572 4697 1716 4754 sordidam
1742 4697 1830 4754 etita

130 4802 133 4806 ⁴
152 4793 220 4842 asem
239 4787 339 4858 ntique
355 4785 463 4841 alicubi
490 4784 591 4855 etipse
605 4798 702 4841 eurum
721 4785 770 4855 qui
788 4784 876 4840 multa
891 4797 952 4854 pos·
1006 4778 1194 4853 luxuriosam,
1210 4783 1361 4855 imaginem
1377 4787 1562 4857 contemplari
1573 4793 1662 4860 tuam,
1678 4800 1741 4858 quae
1753 4801 1832 4844 sem-

151 4880 209 4930 unt
220 4877 255 4932 ht
276 4875 327 4932 illa
339 4874 397 4930 alia
413 4873 541 4945 quadam
560 4887 622 4944 quae
637 4887 789 4944 egenarum
800 4879 891 4946 erant,
905 4889 953 4930 sae
1008 4882 1102 4941 peres
1125 4870 1211 4942 Virgo
1225 4877 1312 4941 casta,
1326 4887 1431 4945 corpus
1444 4880 1473 4932 et
1484 4877 1609 4939 animam
1625 4876 1731 4935 habens
1744 4890 1832 4934 mun-

151 4960 334 5029 pinsallocuta
352 4961 511 5035 [eratenim
535 4961 609 5034 inde]
623 4958 681 5036 [Gr.
702 4963 780 5025 odd,
797 4968 825 5018 et
836 4977 953 5020 veneror
1009 4961 1074 5018 dam
1085 4965 1112 5016 ct
1127 4962 1315 5032 impollutam.
1326 4967 1438 5025 lustum
1453 4970 1529 5026 enim
1540 4975 1593 5044 est,
1610 4976 1644 5028 ut
1655 4967 1831 5028 luxuriosam

148 5049 286 5121 dominum,
312 5052 420 5122 sepius
436 5051 548 5121 locuta,
563 5050 715 5106 eratenim
736 5050 788 5121 ibi]
801 5052 905 5111 deinde
918 5061 959 5116 tn,
1012 5066 1055 5108 me
1071 5051 1212 5107 munditia
1225 5058 1274 5110 tua
1292 5055 1359 5112 odio
1377 5057 1478 5114 habeat
1492 5059 1696 5116 etdetestetur.
1711 5060 1833 5114 Verum-

148 5152 195 5197 nen
216 5148 243 5199 et
267 5141 470 5212 constringens
491 5153 542 5195 nos
564 5138 654 5207 valde,
679 5138 797 5210 deponit
816 5142 843 5198 vi
870 5147 958 5216 tergis
1012 5150 1105 5202 tamen
1131 5147 1278 5218 quoniam,
1299 5151 1330 5202 ut
1357 5146 1467 5217 audivi,
1493 5148 1557 5205 ideo
1580 5148 1673 5206 lactus
1694 5152 1737 5204 est
1758 5148 1833 5201 Deus

146 5231 195 5286 ouis
206 5250 211 5284 :
223 5236 250 5287 et
264 5229 394 5300 jacebam
417 5227 531 5298 cadens,
547 5227 625 5282 risus
639 5224 733 5284 iactus
748 5228 816 5284 hinc
838 5231 959 5288 circum·
1013 5249 1096 5307 quem
1112 5236 1248 5308 genuisti,
1266 5235 1359 5307 home,
1383 5243 1414 5294 ut
1426 5243 1506 5294 vocet
1519 5245 1678 5309 peccatores
1689 5237 1723 5292 ad
1739 5234 1834 5305 poeni·-

144 5321 271 5376 ttantibus
283 5320 407 5376 multum
422 5334 429 5385 ς
445 5322 474 5372 et
483 5316 530 5377 vix
546 5329 603 5386 prae
617 5317 774 5373 reverentia
789 5331 956 5392 exsurgens,
1013 5324 1131 5380 tentiam
1144 5323 1249 5396 [Mottb.
1273 5325 1322 5398 rx),
1338 5326 1481 5383 auxiliare
1502 5328 1586 5399 mihi,
1600 5340 1663 5398 quar
1676 5322 1736 5380 sola
1757 5309 1850 5391 sum,
1921 5374 1925 5388 ,

143 5406 196 5465 ledi
210 5410 236 5466 ei
250 5410 376 5478 alapam,
387 5410 415 5462 et
431 5407 553 5462 decanos
566 5404 748 5477 vocabam,et
759 5409 794 5463 ad
819 5408 957 5466 decanum
1013 5426 1069 5468 non
1094 5411 1199 5470 habens
1218 5428 1388 5485 quemquam
1410 5416 1441 5471 in
1456 5416 1641 5485 adjutorium.
1662 5410 1733 5468 lube
1747 5409 1833 5464 etiam

140 5490 316 5569 [decanicum]
349 5508 448 5566 rapere
474 5491 643 5551 sceleratum
666 5494 810 5564 jubebam.
834 5500 903 5555 Nam
929 5505 958 5556 et
1012 5500 1085 5557 mihi
1103 5501 1246 5576 indulgeri
1275 5502 1401 5561 ecclesiae
1428 5504 1598 5576 ingressum,
1624 5514 1658 5557 ue
1679 5497 1772 5567 velles
1791 5508 1835 5551 me

1008 2624 1047 2678 De
1069 2624 1126 2678 aito
1150 2622 1232 2678 bealae
1253 2624 1350 2679 bieria
1369 2625 1519 2694 AEgoptiae,
1540 2624 1619 2693 cadus
1640 2625 1750 2679 indiam
1770 2628 1831 2678 est:

1700 5706 1822 5742 *ι
