3876 6090
109 255 160 321 itii
727 254 905 320 huasrasii
929 257 1200 317 ainnioriisenmi
1251 331 1257 338 ι
1764 239 1822 299 532

424 386 534 443 CAPUT
548 384 620 440 Xlll.
950 384 1105 446 Aoccisus
1124 380 1181 438 luit
1200 379 1231 435 iii
1251 376 1363 447 Sicilia,
1384 377 1468 446 eujus
1483 378 1608 444 tempore
1628 382 1730 443 magna
1753 380 1824 440 pars

146 477 281 535 'liberius
293 477 378 533 anais
391 476 531 547 quinque,
993 463 1109 535 imperii
1125 474 1141 517 a
1155 458 1304 516 Saracenis
1319 460 1427 514 vastata
1443 454 1508 511 luit.

147 567 307 625 Mauricius
319 577 333 609 ²
345 565 429 622 arinis
443 563 560 636 viginti,
577 576 666 619 mens.
684 567 819 637 quatuor,
835 576 936 620 caesus,
1028 544 1179 613 C⁰ss⁸1³¹¹82
1196 552 1284 610 ¹¹i³P⁰s
1295 535 1432 630 fliminis
1445 534 1532 591 ²¹¹ssss
1544 528 1757 604 δθιῑθῦΰθῦῑῐῦ·
1771 527 1827 583 0¹¹·

113 658 223 713 phocas
235 654 251 699 a
262 657 348 712 annis
362 658 436 726 0010,
452 667 553 710 casus.
993 627 1041 698 lus
1052 629 1177 693 tempore
1187 621 1354 692 Byzantium
1365 605 1824 673 asaraceutsdevastatumriuit.

149 745 299 801 [lemnus
312 745 397 800 ,nnis
413 757 470 799 uno
485 746 513 798 e,
525 742 646 813 „igima
659 754 715 798 una
729 755 793 797 cum
807 741 877 799 mio·
890 743 942 799 Im·
996 707 1030 763 iit
1040 709 1118 761 sexta
1128 699 1255 773 synodus
1267 696 1472 754 tertiodecimo
1484 706 1559 750 anno
1572 690 1668 762 ipsius
1679 687 1826 745 celebrata

116 835 189 906 perii
201 835 289 904 hujus
301 847 376 890 anno
387 833 473 889 tertio
487 832 572 887 Persa
583 831 723 888 chosroes
739 831 863 903 plurima
880 830 942 887 loca
995 780 1254 851 ⁰⁰⁰⁵t³¹¹m¹⁰p⁰¹i'
1275 781 1327 881 {¹¹⁰
1346 775 1461 920 f⁰ft¹‚ffr
1475 787 1505 829 ³⁰
1519 771 1608 916 ἕθῗῦἰῑ
1617 769 1765 914 immi?
1779 767 1828 911 ³ss

117 923 268 992 occuparit
287 920 401 992 imperii
417 920 548 976 nonani.
569 920 792 992 Hierosolymam
807 920 942 991 diripuit,
998 869 1418 940 ¹³⁰⁰n⁰⁵'‘⁰p'²⁸⁵⁰¹mp⁰‘¹¹¹
1444 875 1556 920 (ΜΘ
1580 872 1614 915 *²
1687 871 1721 928 ps
1764 869 1801 928 1'0

118 1019 147 1068 et
166 1010 354 1067 inflammarit
375 1007 550 1065 venerabilia
567 1007 641 1078 loca,
655 1013 684 1063 et
701 1022 829 1079 magnam
850 1008 947 1065 multi·
999 952 1170 1100 ωᾞέῗίᾟί
1180 1039 1191 1081 s
1210 1039 1289 1096 nlius
1302 1037 1390 1106 hujus
1405 1032 1489 1089 annis
1503 1031 1608 1086 decem·

118 1102 247 1159 tudinem
259 1099 400 1171 captivam
411 1097 541 1167 abduxit,
556 1111 621 1154 cum
635 1098 797 1168 patriarcha
810 1097 945 1153 Zacharia
1037 1122 1173 1178 Leontius
1186 1135 1200 1174 Β
1214 1118 1300 1174 annis
1314 1115 1418 1173 ,ribus-

117 1197 148 1248 et
163 1189 299 1261 pretiosis
313 1187 402 1260 lignis
415 1198 438 1257 0,
456 1187 486 1243 ia
509 1185 662 1242 Persidem.
679 1184 761 1243 Anno
776 1187 945 1243 duodecimo
1035 1202 1179 1272 Tiberin&
1195 1200 1245 1271 qua
1261 1205 1289 1254 ey
1307 1196 1484 1261 absimerus,
1500 1190 1585 1247 annis
1599 1190 1663 1245 octo
1677 1190 1701 1247 a,

121 1281 216 1354 ipsius
225 1280 364 1336 chosroes
375 1279 457 1335 Persa
469 1277 592 1347 occisus,
603 1281 632 1332 ct
643 1282 771 1333 revocata
782 1277 945 1348 captivitas,
1035 1282 1219 1340 suscipiemus
1231 1281 1255 1336 11
1267 1276 1353 1334 annis
1369 1273 1513 1332 undecim,

121 1375 150 1428 et
163 1369 278 1426 riridca
292 1382 363 1424 crnii
377 1380 430 1423 sua
446 1366 475 1422 in
492 1365 563 1433 ioca,
583 1378 648 1422 cuni
669 1366 826 1421 instaurata
842 1369 944 1437 essent,
1035 1361 1217 1432 Philippicas
1232 1358 1282 1430 qui
1296 1361 1324 1414 et
1339 1355 1490 1422 bardanes,
1504 1349 1597 1441 annis·
1607 1346 1733 1405 duobus.

123 1459 251 1530 reposita
272 1455 338 1513 tuit.
361 1457 431 1512 Tum
450 1453 555 1510 deinde
573 1446 708 1510 Saraceni
726 1454 822 1510 omnia
836 1459 947 1512 vastare
1036 1441 1216 1510 Anastasius,
1233 1437 1284 1510 qui
1300 1444 1328 1493 et
1339 1435 1516 1502 hrthemius,
1531 1441 1616 1487 annis
1628 1425 1755 1485 duobus.

123 1551 272 1618 coeperunt
286 1557 361 1600 anno
381 1542 480 1599 mundi
503 1542 596 1598 sexies
617 1541 771 1599 millesimo
793 1543 948 1599 centesimo
1036 1519 1402 1579 Thfl⁰t¹0⁵¹1¹S³¹¹¹¹⁰1¹¹¹0¹·

122 1636 261 1693 vicesimo
275 1637 355 1690 sexto
372 1628 432 1707 [at.,
455 1631 591 1688 vtcffipmo
613 1631 709 1711 nono],
732 1631 891 1691 {naimone
908 1647 949 1690 se,
1034 1607 1092 1698 ·Leo
1117 1599 1255 1696 isaurusi
1271 1598 1356 1653 annis
1380 1595 1482 1688 viginti
1510 1603 1649 1667 quinque,
1677 1584 1829 1646 mensibus

126 1726 225 1798 prima.
962 1715 989 1776 B
1004 1684 1109 1756 tribas,
1124 1681 1228 1741 diebus
1243 1677 1470 1751 quatuordecim.

161 1812 377 1883 densantibus,
395 1810 882 1885 iiliashay'us,an.rigintioctat.
899 1812 951 1870 llic
1040 1791 1245 1864 (itoestaaie'rras
1274 1787 1313 1859 pi.
1345 1785 1404 1854 ⁰th
1437 1783 1518 1837 “²²²1ss
1546 1778 1661 1853 ‘Plistia
1699 1778 1832 1849 queam,

676 1937 710 1993 li.
732 1937 847 1996 CONTII
865 1939 966 1996 NOTAE
988 1931 1271 1996 CHRONOLOGICAE.

127 2057 330 2116 Valentiniano
345 2059 419 2112 etse
441 2053 633 2113 uentibusesi
646 2054 799 2111 dissensio.
814 2055 955 2112 llieenim
1010 2066 1116 2112 annum
1139 2052 1202 2121 ejus
1223 2045 1259 2104 ai
1283 2046 1400 2120 quidam
1423 2040 1561 2112 referunt,
1587 2041 1619 2095 ut
1641 2035 1785 2112 Sigebert.
1809 2039 1838 2093 et

126 2128 372 2186 Valentinianoct
392 2071 593 2182 valentianae
618 2123 953 2196 iii,mens.9,dantur;
1011 2126 1072 2184 alii.
1316 2194 1320 2204 Ι
1465 2192 1481 2203 ..
1707 2186 1713 2199 ,

128 2201 205 2272 apud
233 2200 435 2270 Hieronymum
460 2211 537 2266 aero,
563 2197 613 2269 qui
636 2197 779 2268 supplevit
802 2199 853 2255 hae
877 2202 957 2269 parte
1046 2199 1162 2269 Septimo
1182 2211 1247 2251 aaa.
1271 2194 1353 2263 hayus
1373 2194 1480 2262 imperas
1503 2205 1559 2245 com
1581 2188 1648 2242 letes
1667 2189 1725 2255 sert
1745 2185 1838 2268 melus

128 2271 298 2342 Eusebium,
314 2270 383 2325 anni
401 2267 442 2324 ll.
607 2287 614 2297 ·
1011 2286 1083 2324 unus
1107 2271 1195 2324 sancti
1213 2267 1358 2321 Pascentes
1379 2278 1512 2317 sannorum
1591 2274 1655 2322 ‚ea
1697 2271 1841 2341 isocrates·

166 2343 316 2398 Gratianus
338 2346 364 2395 et
384 2341 595 2396 Valentinianus
617 2343 643 2393 et
665 2340 793 2395 Theodos.
819 2357 884 2397 aaa.
912 2338 955 2397 ia.
1012 2346 1083 2413 fenus
1115 2344 1207 2409 sacrat
1238 2339 1369 2392 Dominae
1400 2337 1476 2388 Jrsas
1510 2332 1643 2392 Christus,
1677 2328 1779 2382 iadect.
1805 2324 1838 2410 ⁴6.

129 2414 252 2482 Prosper
263 2411 402 2467 Gratiano
417 2425 482 2467 cuia
495 2410 696 2467 Valentiniano
710 2410 856 2468 iratredat
868 2425 958 2468 annos
1013 2413 1135 2469 Maxima
1149 2415 1193 2466 est
1207 2409 1259 2464 hac
1276 2409 1305 2464 ia
1323 2421 1352 2463 re
1371 2407 1536 2461 Latinorum
1557 2409 1585 2460 et
1598 2401 1764 2456 Graecorum
1783 2397 1840 2454 dis

131 2482 190 2539 bct
204 2482 363 2538 Theodosio
379 2486 474 2550 postca
490 2494 583 2537 annos
597 2477 642 2552 ti,
659 2495 721 2552 qua
736 2483 912 2552 computatio
928 2483 958 2540 in
1013 2484 1120 2541 sensio.
1140 2483 1168 2537 Si
1191 2480 1305 2538 ebertus
1325 2479 1366 2533 aii
1387 2491 1462 2533 anno
1481 2475 1583 2546 quinto
1605 2472 1733 2542 imperii.
1754 2469 1842 2526 iusti

134 2554 209 2610 idem
220 2553 333 2608 recidit.
1014 2554 1095 2611 niani
1111 2497 1261 2623 impfetum
1277 2548 1367 2606 tuisse
1382 2550 1457 2604 hunc
1478 2545 1588 2629 cyclum
1604 2543 1644 2616 ι’).
1659 2555 1745 2615 quem
1762 2544 1843 2597 rorat

168 2623 273 2678 Arccd.
297 2627 323 2677 et
342 2623 443 2676 Honor.
468 2638 514 2677 erc.
540 2620 582 2679 i3.
605 2624 724 2693 Prosper
744 2622 828 2679 habet
846 2637 892 2679 aii.
912 2622 958 2709 32,
1015 2640 1059 2681 ma
1081 2638 1148 2681 num
1169 2635 1274 2678 annum
1291 2619 1426 2676 aChrisii
1447 2616 1596 2673 nativitate
1612 2627 1758 2671 annorum
1771 2609 1841 2681 aaa,

134 2696 183 2751 sed
207 2698 314 2765 postca,
335 2691 385 2749 ubi
408 2692 587 2763 Nicephorus
605 2693 654 2749 dat
672 2694 831 2752 Theodosio
853 2695 958 2753 minori
1014 2697 1050 2752 ah
1062 2642 1118 2752 hoc
1132 2694 1218 2750 ctiam
1234 2707 1308 2748 anno
1328 2690 1496 2761 Dionysium
1517 2688 1645 2744 abbatem
1665 2698 1767 2742 orsum
1781 2696 1843 2741 esse

136 2779 227 2823 annos
245 2762 289 2828 ld,
313 2764 364 2820 dat
385 2763 446 2833 ipse
468 2765 588 2835 Prosper
605 2765 745 2822 duntaxat
763 2762 816 2822 ai·
834 2767 874 2822 ita
894 2780 961 2849 qaa-
1015 2767 1125 2838 cyclum
1140 2778 1224 2822 suum
1237 2763 1381 2834 cyclorum
1395 2761 1523 2844 quinque
1537 2755 1843 2816 decemnovennalium

135 2844 204 2894 tuor
218 2836 303 2892 aunis
318 2836 438 2904 Prosper
453 2840 570 2919 superat
582 2835 784 2907 Nicephorum.
802 2809 873 2894 §ane
886 2838 962 2910 Sige-
1018 2859 1030 2890 a
1042 2840 1077 2894 Et
1089 2838 1157 2909 quia
1168 2836 1321 2903 sccundus,
1337 2834 1442 2904 inquit,
1457 2844 1549 2887 aiinus
1562 2829 1658 2900 operis
1668 2827 1844 2912 concordare

136 2908 238 2964 bertus
251 2919 341 2962 annos
357 2902 391 2963 ⁴3
405 2905 520 2975 tribuit,
537 2910 571 2963 ut
584 2912 612 2963 ei
625 2908 814 2979 Nicephorus,
831 2915 860 2965 et
873 2910 964 2966 lloao
1017 2909 1099 2966 dehet
1124 2909 1153 2963 in
1179 2907 1289 2963 ratione
1314 2904 1440 2976 computi
1463 2903 1557 2986 primo
1580 2914 1656 2957 anno
1679 2902 1844 2955 natiuitatis

139 2978 259 3048 riccius
274 2976 405 3033 fratrueli
420 2982 483 3048 post
494 2978 557 3048 elas
570 2982 687 3034 mortem
699 2979 804 3035 tribuit
814 2993 905 3036 annos
920 2978 961 3050 il,
1016 2979 1135 3048 Christi,
1149 2978 1232 3035 debet
1245 2977 1409 3033 tricesimus
1422 2978 1542 3046 quintus
1551 2985 1644 3028 annus
1655 2969 1730 3041 cycli
1742 2969 1846 3041 Diony·

139 3055 168 3106 et
187 3055 251 3120 post
268 3049 332 3132 elus
351 3053 468 3104 mortem
487 3049 646 3106 Theodosio
667 3050 721 3105 soli
738 3062 828 3107 annos
848 3056 915 3122 tres,
936 3058 1002 3149 etC
1019 3052 1057 3108 sii
1068 3051 1239 3108 concordare
1255 3049 1285 3104 iii
1301 3048 1412 3104 ratione
1428 3044 1555 3115 computi
1570 3055 1644 3127 anno
1660 3039 1696 3098 33
1711 3040 1846 3097 natiuita-

140 3125 238 3193 postca
252 3119 344 3175 eidem
362 3119 521 3176 Theodosio
535 3134 600 3177 cum
616 3119 816 3178 Valentiniano
830 3135 897 3179 ann.
911 3120 963 3178 Pl:
1021 3124 1061 3180 tis
1074 3121 1194 3192 Christi,
1214 3120 1327 3177 scilicet
1343 3123 1375 3175 ιιι
1393 3118 1461 3174 luna
1481 3112 1515 3171 lt
1534 3114 1645 3185 liprihs
1660 3116 1798 3170 occurrat
1815 3124 1845 3167 iii

143 3191 194 3263 qui
223 3203 321 3247 omnes
346 3191 416 3247 anni
440 3189 551 3247 collecti
577 3191 689 3248 iaciunt
714 3205 803 3249 annos
830 3191 875 3258 at,
903 3208 966 3266 quae
1021 3192 1139 3250 Kalend.
1154 3192 1244 3263 hprii.
1262 3192 1292 3247 in
1306 3191 1408 3262 quinta
1419 3187 1501 3256 teria,
1513 3185 1612 3243 Passio
1622 3184 1733 3241 Christi
1747 3188 1846 3240 octavo

145 3275 255 3319 summa
269 3275 333 3318 cum
344 3261 504 3331 Nicephoro
518 3262 662 3318 consentit
1023 3264 1084 3321 Kal.
1102 3263 1213 3335 Aprilis
1230 3264 1260 3318 in
1279 3268 1356 3319 sexta
1378 3259 1450 3317 ieris
1466 3257 1654 3316 ressurrectio
1673 3269 1702 3312 ri
1724 3253 1844 3312 Kalend.

180 3334 336 3388 Martianus
356 3337 382 3387 et
403 3332 613 3389 Valentinianus
632 3335 713 3388 annis
736 3330 780 3391 25.
803 3335 969 3409 Sigebertus
1023 3335 1132 3407 hprilis
1148 3336 1177 3391 in
1195 3335 1343 3391 boninica
1358 3331 1414 3387 die.
1431 3330 1482 3387 Sed
1500 3330 1567 3401 quia
1581 3342 1636 3384 non
1652 3327 1693 3384 ita
1706 3328 1845 3396 occurrit,

144 3404 286 3461 llartiaiio
300 3417 391 3461 annos
409 3403 436 3472 6,
456 3409 484 3459 et
500 3404 700 3461 Valentiniano
717 3419 781 3461 cum
798 3420 831 3463 eo
847 3406 970 3465 aaaosb
1023 3409 1072 3464 sed
1089 3407 1156 3462 luna
1171 3403 1204 3461 ii
1215 3405 1324 3475 hprilis
1336 3402 1464 3460 occurrit
1476 3415 1549 3456 anno
1561 3413 1603 3455 iili
1617 3397 1679 3455 Kal.
1693 3397 1806 3468 Aprilis
1818 3396 1848 3452 iu

145 3475 261 3544 tribuit,
280 3480 308 3531 et
326 3475 413 3532 heom
430 3487 520 3531 annos
542 3472 574 3531 ιιι
591 3481 655 3546 post
674 3481 792 3532 mortem
813 3479 966 3534 hlartiani:
1045 3480 1117 3533 rima
1133 3476 1214 3547 teria,
1237 3476 1386 3533 Dominiea
1407 3487 1474 3531 aero
1495 3472 1558 3529 dies
1576 3470 1691 3527 Pascha
1706 3469 1739 3526 in
1759 3482 1777 3522 a
1798 3467 1848 3524 Ka·

146 3551 211 3617 post
227 3551 345 3602 mortem
359 3558 425 3602 aero
438 3545 631 3601 Valentiniani
648 3546 770 3603 blaximo
783 3553 811 3603 et
825 3548 908 3604 hvito
923 3562 970 3604 aii-
1024 3494 1100 3606 fend.
1114 3548 1224 3621 Aprilis
1240 3547 1304 3603 ideo
1320 3545 1508 3616 improbatur,
1528 3542 1597 3614 quia
1613 3545 1756 3614 repugnat
1771 3551 1852 3597 mar·

147 3631 200 3674 nos
213 3614 232 3674 Ξ
244 3622 273 3672 et
283 3617 347 3685 ey'us
361 3615 519 3672 successori
539 3616 696 3684 historiano
713 3628 804 3672 annos
819 3615 852 3672 i:
867 3619 970 3675 deinde
1043 3619 1123 3676 eticae
1143 3618 1269 3674 veritati.
1283 3636 1296 3667 i
1312 3618 1375 3672 ilaec
1391 3616 1566 3689 Sigebertus.
1589 3614 1662 3671 beda
1704 3625 1802 3684 doque
1815 3609 1851 3667 de

147 3691 211 3759 ejus
225 3685 384 3769 successori
400 3687 501 3767 Severo
516 3698 606 3768 annos
621 3685 758 3741 similiter
772 3685 807 3759 ις
823 3689 887 3770 ejus
902 3688 969 3745 item
1023 3636 1132 3747 flatura
1142 3704 1237 3746 rerum
1249 3689 1289 3744 ita
1299 3688 1416 3745 scribit:
1431 3628 1852 3754 «subaustiniauoffiioaysiis

148 3770 307 3815 successori
329 3755 482 3811 huthemio
500 3755 638 3811 similiter
658 3769 704 3811 an.
726 3753 761 3827 l,
783 3758 888 3814 deiude
907 3759 972 3816 Ol·
1025 3761 1174 3817 Paschales
1192 3759 1297 3816 scribit
1317 3759 1423 3831 cyclos,
1444 3756 1588 3829 incipiens
1607 3756 1643 3812 ab
1658 3769 1737 3812 anno
1760 3752 1855 3811 Domi-

148 3829 213 3884 brio
224 3840 313 3908 mens.
324 3823 351 3895 7,
359 3826 483 3909 ¹Luceria
493 3831 521 3881 et
533 3827 644 3895 Nepoti,
656 3829 684 3881 et
693 3775 970 3910 Qresti,dugustufo
1026 3833 1098 3904 nica
1118 3831 1327 3887 incarnationis
1350 3828 1413 3902 532,
1429 3828 1480 3901 qui
1499 3835 1542 3884 est
1562 3840 1657 3885 annus
1677 3824 1851 3884 Diocletiani

150 3903 177 3954 et
191 3898 323 3966 Odoacri,
341 3895 400 3979 sibi
416 3895 537 3951 invicem
553 3897 783 3972 succedentibus,
800 3913 890 3958 annos
907 3901 972 3958 reli·
1024 3900 1087 3958 ais.
1116 3910 1180 3974 post
1204 3901 1385 3959 consulatum
1414 3899 1562 3970 lampadii
1588 3902 1618 3955 et
1642 3897 1767 3967 Orestis,
1797 3907 1852 3969 aiio

150 3981 223 4051 quos
235 3967 371 4050 attribuit
383 3980 475 4037 usque
486 3967 521 4022 ad
532 3968 704 4038 completum
717 3980 824 4028 annum
840 3968 874 4028 46
887 3973 973 4044 impe
1026 3987 1110 4031 anno.
1144 3974 1238 4031 Codex
1267 3973 1449 4029 lastinianus
1474 3971 1538 4027 orhi
1566 3974 1610 4026 est
1638 3969 1849 4042 promulgatus

151 4054 189 4095 rii
217 4039 328 4122 Leonis.
354 4039 452 4108 ltaque
474 4038 609 4096 existimo
634 4040 680 4096 hic
699 4039 816 4099 subesse
838 4045 971 4102 mendum
1026 4039 1734 4128 Victorquoquedapuanusepiscopuslibrumdc
1748 4038 1854 4097 Pascha

150 4108 226 4180 apud
242 4108 433 4193 Nicephorum
451 4114 479 4165 et
497 4107 972 4186 probblegendumbre183nam
1028 4117 1158 4174 scribens
1178 4114 1299 4173 Victorii
1321 4114 1418 4187 arguit
1437 4127 1557 4170 errores.
1577 4131 1589 4163 i
1612 4113 1677 4168 llaec
1690 4112 1777 4168 Beda.
1801 4109 1853 4167 Sed

153 4179 379 4251 llarmenopulus
394 4194 438 4237 eis
453 4182 592 4239 duntaxat
608 4196 698 4241 annos
716 4180 734 4239 i
757 4185 871 4256 trihuii,
893 4192 925 4242 ut
945 4192 974 4243 et
1029 4189 1125 4244 omnia
1142 4186 1306 4258 hujusmodi
1323 4188 1459 4243 adversus
1479 4183 1647 4255 Dionysium
1663 4182 1777 4253 objecta
1792 4194 1856 4240 coti·

151 4251 234 4308 Beda.
1029 4259 1134 4329 cident,
1153 4258 1189 4326 si,
1207 4265 1239 4314 ut
1256 4258 1303 4314 liic
1319 4256 1389 4330 legit
1405 4257 1594 4326 Nicephorus,
1612 4253 1680 4310 illos
1696 4267 1791 4310 annos
1803 4248 1856 4311 iffi

187 4325 257 4378 zeno
274 4338 321 4378 aa.
343 4320 385 4379 li.
404 4324 577 4398 Sigebcrtas,
595 4339 630 4382 eii
648 4326 789 4383 Chronico
809 4327 897 4383 idacii
917 4328 975 4398 epi-
1030 4324 1854 4401 illosqueDionysiicirculosnonaChristiincarnatione,

153 4395 353 4481 scopi,„annos
371 4394 408 4480 .⁴⁹
427 4396 542 4480 tribuit,
561 4397 608 4452 sed
629 4404 726 4467 postea
743 4397 895 4454 Anastasio
917 4407 977 4455 tan·
1029 4403 1077 4458 sed
1098 4401 1228 4472 passione
1244 4405 1450 4470 computemus.
1468 4401 1503 4455 Et
1521 4413 1556 4455 cii
1574 4395 1731 4468 Horologio
1748 4396 1858 4454 Gracc

152 4471 215 4523 tuni
225 4465 262 4523 Pa
272 4480 337 4524 cum
350 4482 378 4523 ei
396 4468 444 4525 det
459 4468 637 4537 Nicephorus
649 4465 684 4523 ai
699 4481 803 4534 annos;
818 4470 916 4542 itaque
931 4484 975 4527 res
988 4442 1015 4505 D
1030 4487 1104 4529 rum.
1118 4473 1165 4529 cui
1192 4471 1337 4541 ascriptus
1360 4477 1403 4526 est
1436 4468 1582 4527 Paschalis
1608 4467 1720 4540 cyclus,
1744 4469 1857 4525 eousut

152 4538 250 4594 eadem
276 4539 387 4595 recidit.
412 4540 487 4595 idem
505 4537 670 4595 sisebertus
692 4552 783 4596 anuos
800 4539 833 4597 iii
852 4542 976 4599 rotunde
1030 4545 1143 4601 Graecos
1158 4542 1266 4614 absque
1281 4542 1341 4598 ulio
1356 4556 1452 4598 errore
1464 4541 1524 4597 diei
1540 4538 1687 4595 Paschalis
1703 4539 1800 4595 locum
1819 4536 1855 4595 ad

153 4608 259 4665 tribuit
272 4609 386 4666 instinc
404 4610 527 4678 seniori,
539 4582 726 4679 ‘h'icephorus
741 4625 806 4669 vero
823 4616 852 4669 et
865 4615 977 4670 llarme-
1031 4616 1085 4673 hoc
1101 4629 1191 4686 usquc
1206 4620 1317 4684 tempus
1335 4611 1502 4670 felicissime
1519 4624 1693 4667 numerasse.
1716 4608 1769 4667 Sed
1786 4607 1858 4666 dili·

154 4679 420 4749 ῐιῡιιιιίῠῦιιιιιῡεθ,
437 4693 524 4735 mens·
539 4678 566 4736 3·
1032 4687 1144 4759 gentior
1163 4686 1250 4755 hujus
1270 4685 1311 4741 rei
1327 4684 1460 4742 tractatio
1480 4698 1536 4739 acii
1555 4687 1598 4739 est
1618 4683 1708 4750 hujus
1727 4679 1856 4738 instituti

175 4752 363 4831 ‘laniatores
379 4766 427 4812 aa,
446 4749 492 4814 98,
509 4752 566 4806 dics
584 4749 611 4808 7.
628 4754 731 4811 herem
749 4759 843 4813 autem
860 4756 979 4826 impera·
1053 4757 1192 4830 roprium,
1216 4760 1302 4828 atquc
1324 4753 1441 4826 majoris
1473 4754 1611 4825 temporis
1630 4752 1780 4810 desiderat
1813 4751 1859 4809 la-

155 4826 198 4876 vit
209 4833 255 4876 an.
272 4818 316 4890 98,
334 4834 443 4877 menses
455 4820 482 4877 8.
499 4823 608 4880 idcirco
621 4826 849 4898 llarmenopulus
864 4833 892 4883 et
906 4829 978 4885 Beda
1032 4773 1138 4886 Borean.
1506 4839 1513 4847 '

155 4895 184 4946 et
191 4890 330 5019 gloriare
344 4891 396 4948 alii
411 4893 436 4949 ci
453 4894 575 4952 rotunde
589 4896 723 4954 tribuunt
741 4912 831 4956 annos
843 4896 887 4955 39.
1064 4917 1198 4975 *Quidam
1208 4932 1269 4966 vero
1284 4930 1353 4966 anno
1365 4919 1389 4976 5,
1402 4916 1447 4965 aiii
1462 4928 1530 4965 anno
1540 4914 1566 4971 s,
1577 4932 1590 4958 i
1602 4912 1748 4963 insaniant
1758 4913 1786 4961 id
1800 4922 1858 4962 eun

212 4963 314 5034 abque
328 4969 413 5021 sanct.
432 4966 570 5022 Constant.
586 4968 707 5038 synodus
722 4971 881 5025 celebratur.
898 4971 928 5028 ld
943 4970 978 5028 ad
1034 4981 1126 5031 iecisse
1141 4984 1231 5031 notant
1243 5000 1255 5024 »
1271 4978 1355 5044 inquit
1369 4979 1533 5042 sigobertus.

723 5094 876 5151 EIUSDEM
896 5094 998 5153 NOTAE
1016 5098 1213 5157 maiomam.

192 5217 207 5248 a
220 5207 304 5262 Deest
317 5207 392 5276 apud
410 5206 603 5265 anastasium.
1033 5216 1088 5273 tini
1104 5214 1290 5270 ahinoimeias
1307 5214 1412 5271 dicius.

192 5276 208 5319 b
221 5278 383 5348 Tyrannum
397 5276 488 5335 Graeci
503 5285 613 5349 vocant,
629 5285 660 5337 ut
674 5282 806 5351 zonaras,
822 5287 876 5338 etc.
1068 5303 1082 5341 s
1100 5288 1180 5341 Hune
1192 5285 1328 5358 Sigonius
1345 5289 1458 5341 iconem
1473 5289 1562 5341 vocat.

193 5349 326 5427 οΤιμῑων
344 5348 442 5419 ξῦλων.
1068 5360 1081 5398 ¹¹
1100 5358 1403 5414 Emendanilumaniii's
1413 5357 1439 5413 6.

193 5429 272 5484 dllic
286 5435 403 5487 iocatm
417 5430 624 5487 Constantinus
638 5433 808 5505 Pogonatus.
1070 5433 1076 5472 i
1093 5430 1140 5486 Sic
1155 5429 1261 5486 Paulus
1289 5429 1443 5500 Diaconus,
1465 5427 1513 5485 sed
1535 5429 1658 5483 Zonaras
1681 5424 1734 5481 dat
1746 5424 1773 5480 ci
1788 5421 1865 5479 bien·

193 5500 266 5558 ⁰Sie
292 5501 481 5574 anastasius3
508 5503 676 5561 Germanica
705 5504 796 5563 editio
826 5506 910 5565 habet
936 5509 981 5563 oh
1035 5503 1125 5560 nium.

161 5589 271 5630 sessum.
1069 5573 1078 5628 i
1096 5572 1287 5629 leoaoraeehas
1301 5573 1407 5631 dietus.

197 5643 209 5684 f
224 5645 276 5701 ilic
294 5648 412 5706 iocatur
427 5646 610 5705 lastinianus
624 5649 727 5722 llinor,
749 5648 829 5708 iilius
846 5651 981 5709 Constau·
1397 5658 1406 5671 ’
