<?xml version="1.0" encoding="UTF-8"?>
<!DOCTYPE html PUBLIC "-//W3C//DTD XHTML 1.0 Transitional//EN"
    "http://www.w3.org/TR/xhtml1/DTD/xhtml1-transitional.dtd">
<html xmlns="http://www.w3.org/1999/xhtml" xml:lang="en" lang="en">
 <head>
  <title>
</title>
<meta http-equiv="Content-Type" content="text/html;charset=utf-8" />
  <meta name='ocr-system' content='tesseract 3.04.00' />
  <meta name='ocr-capabilities' content='ocr_page ocr_carea ocr_par ocr_line ocrx_word'/>
</head>
<body>
  <div class='ocr_page' id='page_1' title='image "./patrologiaecurs06migngoog_0358.png"; bbox 0 0 3876 6090; ppageno 0'>
   <div class='ocr_carea' id='block_1_1' title="bbox 56 105 1759 193">
    <p class='ocr_par' dir='ltr' id='par_1_1' title="bbox 56 105 1759 193">
     <span class='ocr_line' id='line_1_1' title="bbox 56 105 1759 193; baseline 0.008 -28"><span class='ocrx_word' id='word_1_1' title='bbox 56 105 106 167; x_wconf 76' lang='lat' dir='ltr'>lto</span> <span class='ocrx_word' id='word_1_2' title='bbox 154 124 157 129; x_wconf 59' lang='lat'><em>⁴</em></span> <span class='ocrx_word' id='word_1_3' title='bbox 413 105 687 164; x_wconf 68' lang='lat' dir='ltr'>mrnnrntnrdrlo</span> <span class='ocrx_word' id='word_1_4' title='bbox 699 106 784 163; x_wconf 86' lang='lat' dir='ltr'><strong>IIIST.</strong></span> <span class='ocrx_word' id='word_1_5' title='bbox 804 106 969 165; x_wconf 81' lang='lat' dir='ltr'>ACEPIIAI..</span> <span class='ocrx_word' id='word_1_6' title='bbox 991 109 1039 166; x_wconf 88' lang='lat' dir='ltr'>SS.</span> <span class='ocrx_word' id='word_1_7' title='bbox 1061 112 1125 168; x_wconf 79' lang='lat' dir='ltr'>Ide.</span> <span class='ocrx_word' id='word_1_8' title='bbox 1145 112 1227 169; x_wconf 77' lang='lat' dir='ltr'>cunt</span> <span class='ocrx_word' id='word_1_9' title='bbox 1244 115 1288 170; x_wconf 87' lang='lat' dir='ltr'>ET</span> <span class='ocrx_word' id='word_1_10' title='bbox 1306 116 1391 173; x_wconf 87' lang='lat' dir='ltr'><strong>JOAN</strong></span> <span class='ocrx_word' id='word_1_11' title='bbox 1432 188 1435 193; x_wconf 14' lang='grc' dir='ltr'><strong><em>ἢ</em></strong></span> <span class='ocrx_word' id='word_1_12' title='bbox 1704 119 1759 179; x_wconf 79' lang='lat'>706</span> 
     </span>
    </p>
   </div>
   <div class='ocr_carea' id='block_1_2' title="bbox 22 233 1762 2009">
    <p class='ocr_par' dir='ltr' id='par_1_2' title="bbox 22 233 1762 2009">
     <span class='ocr_line' id='line_1_2' title="bbox 54 233 1757 316; baseline 0.008 -25"><span class='ocrx_word' id='word_1_13' title='bbox 54 234 178 304; x_wconf 86' lang='lat' dir='ltr'>urseris,</span> <span class='ocrx_word' id='word_1_14' title='bbox 191 248 302 293; x_wconf 85' lang='lat' dir='ltr'>mecum</span> <span class='ocrx_word' id='word_1_15' title='bbox 315 233 444 292; x_wconf 80' lang='lat' dir='ltr'>tracum.</span> <span class='ocrx_word' id='word_1_16' title='bbox 462 234 513 290; x_wconf 90' lang='lat' dir='ltr'>Sed</span> <span class='ocrx_word' id='word_1_17' title='bbox 525 234 604 292; x_wconf 90' lang='lat' dir='ltr'>aliud</span> <span class='ocrx_word' id='word_1_18' title='bbox 616 234 690 290; x_wconf 84' lang='lat' dir='ltr'>nihil</span> <span class='ocrx_word' id='word_1_19' title='bbox 705 247 823 305; x_wconf 87' lang='lat' dir='ltr'>prorsus</span> <span class='ocrx_word' id='word_1_20' title='bbox 836 248 880 289; x_wconf 89' lang='lat' dir='ltr'>or.-</span> <span class='ocrx_word' id='word_1_21' title='bbox 894 240 921 298; x_wconf 86' lang='grc' dir='ltr'>Α</span> <span class='ocrx_word' id='word_1_22' title='bbox 936 237 1142 308; x_wconf 75' lang='lat' dir='ltr'>predicarent.</span> <span class='ocrx_word' id='word_1_23' title='bbox 1165 237 1217 294; x_wconf 85' lang='lat' dir='ltr'>Sed</span> <span class='ocrx_word' id='word_1_24' title='bbox 1244 244 1272 295; x_wconf 88' lang='lat' dir='ltr'>ct</span> <span class='ocrx_word' id='word_1_25' title='bbox 1294 240 1397 295; x_wconf 90' lang='lat' dir='ltr'>borum</span> <span class='ocrx_word' id='word_1_26' title='bbox 1422 241 1580 313; x_wconf 80' lang='lat' dir='ltr'>inslgnium</span> <span class='ocrx_word' id='word_1_27' title='bbox 1601 249 1757 316; x_wconf 84' lang='lat' dir='ltr'>martyrum</span> 
     </span>
     <span class='ocr_line' id='line_1_3' title="bbox 42 322 1757 403; baseline 0.004 -22"><span class='ocrx_word' id='word_1_28' title='bbox 42 323 159 387; x_wconf 87' lang='lat' dir='ltr'>currit,</span> <span class='ocrx_word' id='word_1_29' title='bbox 176 322 235 380; x_wconf 87' lang='lat' dir='ltr'>nisi</span> <span class='ocrx_word' id='word_1_30' title='bbox 251 324 319 394; x_wconf 81' lang='lat' dir='ltr'>quia</span> <span class='ocrx_word' id='word_1_31' title='bbox 333 323 486 380; x_wconf 86' lang='lat' dir='ltr'>eharitatis</span> <span class='ocrx_word' id='word_1_32' title='bbox 499 322 631 379; x_wconf 77' lang='lat' dir='ltr'>fraternae</span> <span class='ocrx_word' id='word_1_33' title='bbox 646 322 753 379; x_wconf 87' lang='lat' dir='ltr'>teneris</span> <span class='ocrx_word' id='word_1_34' title='bbox 767 322 880 385; x_wconf 84' lang='lat' dir='ltr'>auecta,</span> <span class='ocrx_word' id='word_1_35' title='bbox 936 339 991 379; x_wconf 93' lang='lat' dir='ltr'>non</span> <span class='ocrx_word' id='word_1_36' title='bbox 1011 331 1120 382; x_wconf 77' lang='lat' dir='ltr'>mutum</span> <span class='ocrx_word' id='word_1_37' title='bbox 1140 326 1310 397; x_wconf 79' lang='lat' dir='ltr'><strong>passionem,</strong></span> <span class='ocrx_word' id='word_1_38' title='bbox 1339 341 1436 383; x_wconf 89' lang='lat' dir='ltr'>verum</span> <span class='ocrx_word' id='word_1_39' title='bbox 1457 329 1543 384; x_wconf 90' lang='lat' dir='ltr'>ctiam</span> <span class='ocrx_word' id='word_1_40' title='bbox 1565 332 1757 403; x_wconf 66' lang='lat' dir='ltr'>septuaginta,</span> 
     </span>
     <span class='ocr_line' id='line_1_4' title="bbox 42 410 1760 488; baseline 0.005 -22"><span class='ocrx_word' id='word_1_41' title='bbox 42 413 208 486; x_wconf 76' lang='lat' dir='ltr'>gestientis</span> <span class='ocrx_word' id='word_1_42' title='bbox 225 410 361 481; x_wconf 84' lang='lat' dir='ltr'>prolecto,</span> <span class='ocrx_word' id='word_1_43' title='bbox 384 425 439 469; x_wconf 94' lang='lat' dir='ltr'>non</span> <span class='ocrx_word' id='word_1_44' title='bbox 456 412 549 467; x_wconf 92' lang='lat' dir='ltr'>solum</span> <span class='ocrx_word' id='word_1_45' title='bbox 564 413 660 467; x_wconf 82' lang='lat' dir='ltr'>Graece</span> <span class='ocrx_word' id='word_1_46' title='bbox 677 412 724 467; x_wconf 88' lang='lat' dir='ltr'>sod</span> <span class='ocrx_word' id='word_1_47' title='bbox 740 417 768 466; x_wconf 92' lang='lat' dir='ltr'>et</span> <span class='ocrx_word' id='word_1_48' title='bbox 783 411 881 466; x_wconf 79' lang='lat' dir='ltr'>Latine</span> <span class='ocrx_word' id='word_1_49' title='bbox 936 413 986 483; x_wconf 84' lang='lat' dir='ltr'>qui</span> <span class='ocrx_word' id='word_1_50' title='bbox 1000 427 1137 470; x_wconf 90' lang='lat' dir='ltr'>numerus</span> <span class='ocrx_word' id='word_1_51' title='bbox 1149 415 1222 484; x_wconf 88' lang='lat' dir='ltr'>apud</span> <span class='ocrx_word' id='word_1_52' title='bbox 1235 429 1287 471; x_wconf 93' lang='lat' dir='ltr'>nos</span> <span class='ocrx_word' id='word_1_53' title='bbox 1300 421 1429 472; x_wconf 86' lang='lat' dir='ltr'>sacratus</span> <span class='ocrx_word' id='word_1_54' title='bbox 1442 422 1487 471; x_wconf 89' lang='lat' dir='ltr'>est</span> <span class='ocrx_word' id='word_1_55' title='bbox 1499 425 1521 486; x_wconf 79' lang='lat'>⁰,</span> <span class='ocrx_word' id='word_1_56' title='bbox 1535 419 1662 488; x_wconf 84' lang='lat' dir='ltr'>capitula</span> <span class='ocrx_word' id='word_1_57' title='bbox 1675 420 1760 475; x_wconf 88' lang='lat' dir='ltr'>mira-</span> 
     </span>
     <span class='ocr_line' id='line_1_5' title="bbox 34 499 1759 576; baseline 0.003 -18"><span class='ocrx_word' id='word_1_58' title='bbox 34 502 222 558; x_wconf 77' lang='lat' dir='ltr'>aecedentes</span> <span class='ocrx_word' id='word_1_59' title='bbox 239 500 385 572; x_wconf 85' lang='lat' dir='ltr'>proximos</span> <span class='ocrx_word' id='word_1_60' title='bbox 397 500 534 557; x_wconf 85' lang='lat' dir='ltr'>salutaris</span> <span class='ocrx_word' id='word_1_61' title='bbox 547 500 651 570; x_wconf 91' lang='lat' dir='ltr'>pabulo</span> <span class='ocrx_word' id='word_1_62' title='bbox 663 499 741 555; x_wconf 88' lang='lat' dir='ltr'>verbi</span> <span class='ocrx_word' id='word_1_63' title='bbox 756 501 879 569; x_wconf 88' lang='lat' dir='ltr'>reticere,</span> <span class='ocrx_word' id='word_1_64' title='bbox 936 501 1066 558; x_wconf 88' lang='lat' dir='ltr'>culorum</span> <span class='ocrx_word' id='word_1_65' title='bbox 1078 502 1085 557; x_wconf 94' lang='lat' dir='ltr'>i</span> <span class='ocrx_word' id='word_1_66' title='bbox 1091 516 1205 572; x_wconf 88' lang='lat' dir='ltr'>psoram</span> <span class='ocrx_word' id='word_1_67' title='bbox 1217 505 1421 573; x_wconf 89' lang='lat' dir='ltr'>conscripserit</span> <span class='ocrx_word' id='word_1_68' title='bbox 1432 522 1440 573; x_wconf 76' lang='grc' dir='ltr'><strong>ς</strong></span> <span class='ocrx_word' id='word_1_69' title='bbox 1454 505 1524 575; x_wconf 88' lang='lat' dir='ltr'>quin</span> <span class='ocrx_word' id='word_1_70' title='bbox 1536 507 1633 575; x_wconf 91' lang='lat' dir='ltr'>potius</span> <span class='ocrx_word' id='word_1_71' title='bbox 1645 507 1759 576; x_wconf 90' lang='lat' dir='ltr'>priuci-</span> 
     </span>
     <span class='ocr_line' id='line_1_6' title="bbox 32 587 1760 665; baseline 0.003 -18"><span class='ocrx_word' id='word_1_72' title='bbox 32 591 130 647; x_wconf 81' lang='lat' dir='ltr'>etad</span> <span class='ocrx_word' id='word_1_73' title='bbox 147 590 196 661; x_wconf 91' lang='lat' dir='ltr'>pia</span> <span class='ocrx_word' id='word_1_74' title='bbox 210 590 350 660; x_wconf 83' lang='lat' dir='ltr'>exempla,</span> <span class='ocrx_word' id='word_1_75' title='bbox 366 595 395 644; x_wconf 94' lang='lat' dir='ltr'>et</span> <span class='ocrx_word' id='word_1_76' title='bbox 409 590 511 645; x_wconf 92' lang='lat' dir='ltr'>borum</span> <span class='ocrx_word' id='word_1_77' title='bbox 525 587 614 645; x_wconf 84' lang='lat' dir='ltr'>fortes</span> <span class='ocrx_word' id='word_1_78' title='bbox 627 602 678 659; x_wconf 89' lang='lat' dir='ltr'>pro</span> <span class='ocrx_word' id='word_1_79' title='bbox 689 589 804 645; x_wconf 86' lang='lat' dir='ltr'>Christo</span> <span class='ocrx_word' id='word_1_80' title='bbox 818 601 883 659; x_wconf 77' lang='lat' dir='ltr'>ago</span> <span class='ocrx_word' id='word_1_81' title='bbox 937 589 1022 658; x_wconf 80' lang='lat' dir='ltr'>pibus</span> <span class='ocrx_word' id='word_1_82' title='bbox 1035 591 1133 647; x_wconf 89' lang='lat' dir='ltr'>mundi</span> <span class='ocrx_word' id='word_1_83' title='bbox 1151 605 1205 647; x_wconf 92' lang='lat' dir='ltr'>non</span> <span class='ocrx_word' id='word_1_84' title='bbox 1222 593 1313 647; x_wconf 93' lang='lat' dir='ltr'>solum</span> <span class='ocrx_word' id='word_1_85' title='bbox 1329 593 1509 665; x_wconf 76' lang='lat' dir='ltr'>Christiana,</span> <span class='ocrx_word' id='word_1_86' title='bbox 1526 594 1617 650; x_wconf 87' lang='lat' dir='ltr'>sedet</span> <span class='ocrx_word' id='word_1_87' title='bbox 1637 601 1760 653; x_wconf 75' lang='lat' dir='ltr'>externae</span> 
     </span>
     <span class='ocr_line' id='line_1_7' title="bbox 22 671 1761 749; baseline -0.002 -13"><span class='ocrx_word' id='word_1_88' title='bbox 22 675 105 737; x_wconf 77' lang='lat' dir='ltr'>&#39;mes</span> <span class='ocrx_word' id='word_1_89' title='bbox 118 679 295 735; x_wconf 78' lang='lat' dir='ltr'>amendere:</span> <span class='ocrx_word' id='word_1_90' title='bbox 313 679 469 749; x_wconf 79' lang='lat' dir='ltr'>prasertim</span> <span class='ocrx_word' id='word_1_91' title='bbox 485 691 549 734; x_wconf 93' lang='lat' dir='ltr'>cum</span> <span class='ocrx_word' id='word_1_92' title='bbox 564 678 700 747; x_wconf 79' lang='lat' dir='ltr'>Ecclesia,</span> <span class='ocrx_word' id='word_1_93' title='bbox 722 677 751 731; x_wconf 91' lang='lat' dir='ltr'>in</span> <span class='ocrx_word' id='word_1_94' title='bbox 772 689 827 747; x_wconf 85' lang='lat' dir='ltr'>qua</span> <span class='ocrx_word' id='word_1_95' title='bbox 840 676 883 732; x_wconf 93' lang='lat' dir='ltr'>di·</span> <span class='ocrx_word' id='word_1_96' title='bbox 936 671 1088 742; x_wconf 77' lang='lat' dir='ltr'>religionis</span> <span class='ocrx_word' id='word_1_97' title='bbox 1097 687 1147 742; x_wconf 90' lang='lat' dir='ltr'>pro</span> <span class='ocrx_word' id='word_1_98' title='bbox 1162 673 1369 729; x_wconf 88' lang='lat' dir='ltr'>domoDominl</span> <span class='ocrx_word' id='word_1_99' title='bbox 1384 688 1494 730; x_wconf 79' lang='lat' dir='ltr'>inunum</span> <span class='ocrx_word' id='word_1_100' title='bbox 1506 675 1707 747; x_wconf 85' lang='lat' dir='ltr'>expugnabilis</span> <span class='ocrx_word' id='word_1_101' title='bbox 1717 690 1761 733; x_wconf 84' lang='lat' dir='ltr'>ve-</span> 
     </span>
     <span class='ocr_line' id='line_1_8' title="bbox 28 760 1759 838; baseline -0.002 -14"><span class='ocrx_word' id='word_1_102' title='bbox 28 768 132 824; x_wconf 64' lang='lat' dir='ltr'>vinis</span> <span class='ocrx_word' id='word_1_103' title='bbox 144 780 233 838; x_wconf 91' lang='lat' dir='ltr'>penes</span> <span class='ocrx_word' id='word_1_104' title='bbox 244 765 344 822; x_wconf 86' lang='lat' dir='ltr'>Urbem</span> <span class='ocrx_word' id='word_1_105' title='bbox 362 765 491 821; x_wconf 90' lang='lat' dir='ltr'>cultibus</span> <span class='ocrx_word' id='word_1_106' title='bbox 505 771 533 821; x_wconf 92' lang='lat' dir='ltr'>et</span> <span class='ocrx_word' id='word_1_107' title='bbox 546 764 694 836; x_wconf 80' lang='lat' dir='ltr'>obsequiis</span> <span class='ocrx_word' id='word_1_108' title='bbox 708 764 881 834; x_wconf 88' lang='lat' dir='ltr'>incumbis·,</span> <span class='ocrx_word' id='word_1_109' title='bbox 938 760 1034 817; x_wconf 83' lang='lat' dir='ltr'>nitatis</span> <span class='ocrx_word' id='word_1_110' title='bbox 1058 763 1233 834; x_wconf 88' lang='lat' dir='ltr'>opposuerit,</span> <span class='ocrx_word' id='word_1_111' title='bbox 1258 767 1286 818; x_wconf 91' lang='lat' dir='ltr'>et</span> <span class='ocrx_word' id='word_1_112' title='bbox 1306 763 1468 818; x_wconf 84' lang='lat' dir='ltr'>constantia</span> <span class='ocrx_word' id='word_1_113' title='bbox 1488 760 1573 819; x_wconf 84' lang='lat' dir='ltr'>tortis</span> <span class='ocrx_word' id='word_1_114' title='bbox 1601 764 1759 821; x_wconf 81' lang='lat' dir='ltr'>invectioni</span> 
     </span>
     <span class='ocr_line' id='line_1_9' title="bbox 36 849 1760 925; baseline -0.002 -11"><span class='ocrx_word' id='word_1_115' title='bbox 36 858 159 914; x_wconf 72' lang='lat' dir='ltr'>horum</span> <span class='ocrx_word' id='word_1_116' title='bbox 170 855 475 912; x_wconf 86' lang='lat' dir='ltr'>victoriosissimorum</span> <span class='ocrx_word' id='word_1_117' title='bbox 495 857 650 925; x_wconf 84' lang='lat' dir='ltr'>martyrum</span> <span class='ocrx_word' id='word_1_118' title='bbox 663 853 807 924; x_wconf 88' lang='lat' dir='ltr'>memoria,</span> <span class='ocrx_word' id='word_1_119' title='bbox 825 854 882 909; x_wconf 91' lang='lat' dir='ltr'>imo</span> <span class='ocrx_word' id='word_1_120' title='bbox 936 852 1072 922; x_wconf 87' lang='lat' dir='ltr'>arguerit.</span> <span class='ocrx_word' id='word_1_121' title='bbox 1087 849 1213 919; x_wconf 91' lang='lat' dir='ltr'>Quorum</span> <span class='ocrx_word' id='word_1_122' title='bbox 1224 852 1358 908; x_wconf 78' lang='lat' dir='ltr'>videlicet</span> <span class='ocrx_word' id='word_1_123' title='bbox 1369 852 1573 908; x_wconf 88' lang='lat' dir='ltr'>miraculorum</span> <span class='ocrx_word' id='word_1_124' title='bbox 1592 852 1760 911; x_wconf 82' lang='lat' dir='ltr'>bonifacius</span> 
     </span>
     <span class='ocr_line' id='line_1_10' title="bbox 36 940 1760 1016; baseline -0.001 -15"><span class='ocrx_word' id='word_1_125' title='bbox 36 944 209 1001; x_wconf 78' lang='lat' dir='ltr'>miraculis</span> <span class='ocrx_word' id='word_1_126' title='bbox 224 943 341 1016; x_wconf 77' lang='lat' dir='ltr'>fulgeat.</span> <span class='ocrx_word' id='word_1_127' title='bbox 364 949 392 999; x_wconf 91' lang='lat' dir='ltr'>et</span> <span class='ocrx_word' id='word_1_128' title='bbox 411 943 513 999; x_wconf 92' lang='lat' dir='ltr'>borum</span> <span class='ocrx_word' id='word_1_129' title='bbox 535 956 637 999; x_wconf 83' lang='lat' dir='ltr'>annuae</span> <span class='ocrx_word' id='word_1_130' title='bbox 652 941 828 998; x_wconf 82' lang='lat' dir='ltr'>celebritatis</span> <span class='ocrx_word' id='word_1_131' title='bbox 847 956 881 997; x_wconf 91' lang='lat' dir='ltr'>en</span> <span class='ocrx_word' id='word_1_132' title='bbox 935 940 1124 997; x_wconf 79' lang='lat' dir='ltr'>consiliemus</span> <span class='ocrx_word' id='word_1_133' title='bbox 1138 941 1172 996; x_wconf 93' lang='lat' dir='ltr'>ad</span> <span class='ocrx_word' id='word_1_134' title='bbox 1190 941 1306 1011; x_wconf 90' lang='lat' dir='ltr'>petitam</span> <span class='ocrx_word' id='word_1_135' title='bbox 1321 940 1461 997; x_wconf 86' lang='lat' dir='ltr'>Theodori</span> <span class='ocrx_word' id='word_1_136' title='bbox 1478 941 1648 1011; x_wconf 81' lang='lat' dir='ltr'>primicerii.</span> <span class='ocrx_word' id='word_1_137' title='bbox 1664 941 1760 1000; x_wconf 84' lang='lat' dir='ltr'>defen-</span> 
     </span>
     <span class='ocr_line' id='line_1_11' title="bbox 31 1029 1758 1103; baseline -0.001 -14"><span class='ocrx_word' id='word_1_138' title='bbox 31 1033 118 1090; x_wconf 73' lang='lat' dir='ltr'>‹lies</span> <span class='ocrx_word' id='word_1_139' title='bbox 141 1032 235 1089; x_wconf 82' lang='lat' dir='ltr'>festus</span> <span class='ocrx_word' id='word_1_140' title='bbox 257 1032 415 1088; x_wconf 88' lang='lat' dir='ltr'>immineat.</span> <span class='ocrx_word' id='word_1_141' title='bbox 440 1033 513 1103; x_wconf 75' lang='lat' dir='ltr'>uligo</span> <span class='ocrx_word' id='word_1_142' title='bbox 535 1035 618 1100; x_wconf 90' lang='lat' dir='ltr'>prout</span> <span class='ocrx_word' id='word_1_143' title='bbox 639 1030 728 1100; x_wconf 91' lang='lat' dir='ltr'>potui,</span> <span class='ocrx_word' id='word_1_144' title='bbox 745 1029 879 1085; x_wconf 81' lang='lat' dir='ltr'>charitati</span> <span class='ocrx_word' id='word_1_145' title='bbox 936 1029 1011 1085; x_wconf 89' lang='lat' dir='ltr'>soris</span> <span class='ocrx_word' id='word_1_146' title='bbox 1025 1029 1158 1085; x_wconf 74' lang='lat' dir='ltr'>Ecclesia</span> <span class='ocrx_word' id='word_1_147' title='bbox 1173 1031 1304 1085; x_wconf 80' lang='lat' dir='ltr'>nomana</span> <span class='ocrx_word' id='word_1_148' title='bbox 1318 1029 1468 1086; x_wconf 86' lang='lat' dir='ltr'>duodecim</span> <span class='ocrx_word' id='word_1_149' title='bbox 1493 1044 1558 1085; x_wconf 92' lang='lat' dir='ltr'>cum</span> <span class='ocrx_word' id='word_1_150' title='bbox 1591 1030 1758 1101; x_wconf 75' lang='lat' dir='ltr'>praefatione</span> 
     </span>
     <span class='ocr_line' id='line_1_12' title="bbox 36 1117 1760 1190; baseline 0 -13"><span class='ocrx_word' id='word_1_151' title='bbox 36 1126 113 1178; x_wconf 75' lang='lat' dir='ltr'>tuae</span> <span class='ocrx_word' id='word_1_152' title='bbox 127 1119 269 1190; x_wconf 78' lang='lat' dir='ltr'>satisfeci,</span> <span class='ocrx_word' id='word_1_153' title='bbox 283 1125 311 1175; x_wconf 90' lang='lat' dir='ltr'>et</span> <span class='ocrx_word' id='word_1_154' title='bbox 324 1121 432 1175; x_wconf 88' lang='lat' dir='ltr'>omisso</span> <span class='ocrx_word' id='word_1_155' title='bbox 449 1133 600 1189; x_wconf 78' lang='lat' dir='ltr'>parumper</span> <span class='ocrx_word' id='word_1_156' title='bbox 615 1132 699 1188; x_wconf 90' lang='lat' dir='ltr'>opere</span> <span class='ocrx_word' id='word_1_157' title='bbox 715 1131 771 1188; x_wconf 83' lang='lat' dir='ltr'>pree</span> <span class='ocrx_word' id='word_1_158' title='bbox 786 1118 883 1173; x_wconf 82' lang='lat' dir='ltr'>maul—</span> <span class='ocrx_word' id='word_1_159' title='bbox 935 1117 1062 1187; x_wconf 88' lang='lat' dir='ltr'>eapitula</span> <span class='ocrx_word' id='word_1_160' title='bbox 1078 1119 1117 1174; x_wconf 90' lang='lat' dir='ltr'>oli</span> <span class='ocrx_word' id='word_1_161' title='bbox 1131 1133 1147 1172; x_wconf 92' lang='lat' dir='ltr'>n</span> <span class='ocrx_word' id='word_1_162' title='bbox 1168 1119 1371 1187; x_wconf 89' lang='lat' dir='ltr'>interpretatus</span> <span class='ocrx_word' id='word_1_163' title='bbox 1389 1123 1440 1173; x_wconf 92' lang='lat' dir='ltr'>est.</span> <span class='ocrx_word' id='word_1_164' title='bbox 1454 1117 1560 1175; x_wconf 79' lang='lat' dir='ltr'>caum</span> <span class='ocrx_word' id='word_1_165' title='bbox 1578 1119 1615 1190; x_wconf 91' lang='lat' dir='ltr'>si,</span> <span class='ocrx_word' id='word_1_166' title='bbox 1630 1121 1687 1176; x_wconf 85' lang='lat' dir='ltr'>Deo</span> <span class='ocrx_word' id='word_1_167' title='bbox 1702 1134 1760 1177; x_wconf 93' lang='lat' dir='ltr'>au-</span> 
     </span>
     <span class='ocr_line' id='line_1_13' title="bbox 39 1204 1757 1279; baseline 0.001 -14"><span class='ocrx_word' id='word_1_168' title='bbox 39 1209 232 1279; x_wconf 79' lang='lat' dir='ltr'>bostanno,</span> <span class='ocrx_word' id='word_1_169' title='bbox 246 1207 596 1278; x_wconf 85' lang='lat' dir='ltr'>rotispareretuisetlam</span> <span class='ocrx_word' id='word_1_170' title='bbox 614 1206 879 1279; x_wconf 78' lang='lat' dir='ltr'>languidusmalui.</span> <span class='ocrx_word' id='word_1_171' title='bbox 935 1210 1023 1276; x_wconf 92' lang='lat' dir='ltr'>ctore,</span> <span class='ocrx_word' id='word_1_172' title='bbox 1053 1206 1111 1262; x_wconf 84' lang='lat' dir='ltr'>vita</span> <span class='ocrx_word' id='word_1_173' title='bbox 1137 1204 1224 1263; x_wconf 87' lang='lat' dir='ltr'>luerit</span> <span class='ocrx_word' id='word_1_174' title='bbox 1246 1220 1349 1274; x_wconf 88' lang='lat' dir='ltr'>comes,</span> <span class='ocrx_word' id='word_1_175' title='bbox 1371 1207 1508 1262; x_wconf 79' lang='lat' dir='ltr'>nostri...</span> <span class='ocrx_word' id='word_1_176' title='bbox 1534 1209 1622 1263; x_wconf 86' lang='lat' dir='ltr'>Deum</span> <span class='ocrx_word' id='word_1_177' title='bbox 1642 1221 1757 1266; x_wconf 86' lang='lat' dir='ltr'>orare...</span> 
     </span>
     <span class='ocr_line' id='line_1_14' title="bbox 37 1294 1762 1369; baseline 0.001 -16"><span class='ocrx_word' id='word_1_178' title='bbox 37 1299 129 1353; x_wconf 79' lang='lat' dir='ltr'>Sane</span> <span class='ocrx_word' id='word_1_179' title='bbox 142 1298 289 1369; x_wconf 85' lang='lat' dir='ltr'>passionis</span> <span class='ocrx_word' id='word_1_180' title='bbox 304 1297 406 1353; x_wconf 89' lang='lat' dir='ltr'>borum</span> <span class='ocrx_word' id='word_1_181' title='bbox 420 1297 493 1352; x_wconf 90' lang='lat' dir='ltr'>duas</span> <span class='ocrx_word' id='word_1_182' title='bbox 513 1296 698 1352; x_wconf 86' lang='lat' dir='ltr'>editiones...</span> <span class='ocrx_word' id='word_1_183' title='bbox 720 1296 812 1364; x_wconf 82' lang='lat' dir='ltr'>Hujus</span> <span class='ocrx_word' id='word_1_184' title='bbox 826 1310 882 1352; x_wconf 86' lang='lat' dir='ltr'>au·</span> <span class='ocrx_word' id='word_1_185' title='bbox 936 1294 1055 1350; x_wconf 90' lang='lat' dir='ltr'>dissime</span> <span class='ocrx_word' id='word_1_186' title='bbox 1066 1294 1224 1351; x_wconf 73' lang='lat' dir='ltr'>Christo...</span> <span class='ocrx_word' id='word_1_187' title='bbox 1243 1294 1400 1350; x_wconf 87' lang='lat' dir='ltr'>sacerdotis</span> <span class='ocrx_word' id='word_1_188' title='bbox 1415 1296 1556 1352; x_wconf 86' lang='lat' dir='ltr'>sacerdos.</span> <span class='ocrx_word' id='word_1_189' title='bbox 1574 1297 1645 1352; x_wconf 86' lang='lat' dir='ltr'>Data</span> <span class='ocrx_word' id='word_1_190' title='bbox 1660 1310 1688 1352; x_wconf 85' lang='lat' dir='ltr'>tv</span> <span class='ocrx_word' id='word_1_191' title='bbox 1709 1299 1762 1354; x_wconf 89' lang='lat' dir='ltr'>Ka-</span> 
     </span>
     <span class='ocr_line' id='line_1_15' title="bbox 42 1379 1758 1457; baseline 0 -15"><span class='ocrx_word' id='word_1_192' title='bbox 42 1390 111 1442; x_wconf 72' lang='lat' dir='ltr'>tem</span> <span class='ocrx_word' id='word_1_193' title='bbox 127 1385 254 1457; x_wconf 88' lang='lat' dir='ltr'>scriptor</span> <span class='ocrx_word' id='word_1_194' title='bbox 269 1391 385 1441; x_wconf 88' lang='lat' dir='ltr'>sanctus</span> <span class='ocrx_word' id='word_1_195' title='bbox 398 1384 589 1454; x_wconf 89' lang='lat' dir='ltr'>Sopbronius,</span> <span class='ocrx_word' id='word_1_196' title='bbox 607 1385 656 1455; x_wconf 79' lang='lat' dir='ltr'>qui</span> <span class='ocrx_word' id='word_1_197' title='bbox 677 1389 740 1454; x_wconf 91' lang='lat' dir='ltr'>post</span> <span class='ocrx_word' id='word_1_198' title='bbox 754 1385 883 1440; x_wconf 85' lang='lat' dir='ltr'>Hieroso-</span> <span class='ocrx_word' id='word_1_199' title='bbox 937 1381 1035 1438; x_wconf 88' lang='lat' dir='ltr'>lendas</span> <span class='ocrx_word' id='word_1_200' title='bbox 1056 1382 1214 1452; x_wconf 84' lang='lat' dir='ltr'>Februarii,</span> <span class='ocrx_word' id='word_1_201' title='bbox 1237 1381 1395 1437; x_wconf 86' lang='lat' dir='ltr'>indictione</span> <span class='ocrx_word' id='word_1_202' title='bbox 1414 1379 1441 1448; x_wconf 86' lang='lat'>8,</span> <span class='ocrx_word' id='word_1_203' title='bbox 1466 1394 1541 1438; x_wconf 89' lang='lat' dir='ltr'>anno</span> <span class='ocrx_word' id='word_1_204' title='bbox 1560 1397 1625 1441; x_wconf 85' lang='lat' dir='ltr'>vcro</span> <span class='ocrx_word' id='word_1_205' title='bbox 1647 1385 1758 1442; x_wconf 88' lang='lat' dir='ltr'>domiui</span> 
     </span>
     <span class='ocr_line' id='line_1_16' title="bbox 49 1469 1384 1546; baseline -0.004 -15"><span class='ocrx_word' id='word_1_206' title='bbox 49 1474 223 1546; x_wconf 81' lang='lat' dir='ltr'>lymitamus</span> <span class='ocrx_word' id='word_1_207' title='bbox 233 1474 340 1530; x_wconf 86' lang='lat' dir='ltr'>claruit</span> <span class='ocrx_word' id='word_1_208' title='bbox 353 1473 514 1544; x_wconf 89' lang='lat' dir='ltr'>episcopus,</span> <span class='ocrx_word' id='word_1_209' title='bbox 526 1473 649 1536; x_wconf 75' lang='lat' dir='ltr'>exstitit,</span> <span class='ocrx_word' id='word_1_210' title='bbox 663 1474 746 1542; x_wconf 87' lang='lat' dir='ltr'>eujus</span> <span class='ocrx_word' id='word_1_211' title='bbox 760 1472 883 1529; x_wconf 88' lang='lat' dir='ltr'>celebris</span> <span class='ocrx_word' id='word_1_212' title='bbox 938 1471 1028 1526; x_wconf 89' lang='lat' dir='ltr'>nostri</span> <span class='ocrx_word' id='word_1_213' title='bbox 1041 1469 1177 1544; x_wconf 76' lang='lat' dir='ltr'>(loannis)</span> <span class='ocrx_word' id='word_1_214' title='bbox 1190 1471 1281 1528; x_wconf 75' lang='lat' dir='ltr'>oetam</span> <span class='ocrx_word' id='word_1_215' title='bbox 1294 1485 1384 1542; x_wconf 80' lang='lat' dir='ltr'>papa.</span> 
     </span>
     <span class='ocr_line' id='line_1_17' title="bbox 52 1556 925 1633; baseline 0 -15"><span class='ocrx_word' id='word_1_216' title='bbox 52 1564 195 1620; x_wconf 88' lang='lat' dir='ltr'>memoria</span> <span class='ocrx_word' id='word_1_217' title='bbox 206 1564 236 1618; x_wconf 91' lang='lat' dir='ltr'>in</span> <span class='ocrx_word' id='word_1_218' title='bbox 248 1563 349 1619; x_wconf 91' lang='lat' dir='ltr'>multis</span> <span class='ocrx_word' id='word_1_219' title='bbox 357 1563 496 1633; x_wconf 84' lang='lat' dir='ltr'>majorum</span> <span class='ocrx_word' id='word_1_220' title='bbox 507 1561 781 1632; x_wconf 88' lang='lat' dir='ltr'>conscriptionibus,</span> <span class='ocrx_word' id='word_1_221' title='bbox 796 1562 843 1617; x_wconf 91' lang='lat' dir='ltr'>sed</span> <span class='ocrx_word' id='word_1_222' title='bbox 855 1564 883 1618; x_wconf 92' lang='lat' dir='ltr'>ot</span> <span class='ocrx_word' id='word_1_223' title='bbox 900 1556 925 1618; x_wconf 88' lang='lat' dir='ltr'>B</span> 
     </span>
     <span class='ocr_line' id='line_1_18' title="bbox 56 1650 1653 1746; baseline 0.005 -24"><span class='ocrx_word' id='word_1_224' title='bbox 56 1652 86 1707; x_wconf 65' lang='lat'>5¹¹</span> <span class='ocrx_word' id='word_1_225' title='bbox 106 1656 205 1709; x_wconf 55' lang='lat' dir='ltr'>⁵²1¹ssss</span> <span class='ocrx_word' id='word_1_226' title='bbox 225 1657 306 1708; x_wconf 62' lang='lat' dir='ltr'>sem</span> <span class='ocrx_word' id='word_1_227' title='bbox 325 1657 352 1707; x_wconf 77' lang='grc' dir='ltr'>θῑ</span> <span class='ocrx_word' id='word_1_228' title='bbox 370 1650 527 1707; x_wconf 58' lang='lat' dir='ltr'><strong>universali</strong></span> <span class='ocrx_word' id='word_1_229' title='bbox 549 1650 656 1721; x_wconf 74' lang='lat' dir='ltr'>⁵l¹¹0d⁰</span> <span class='ocrx_word' id='word_1_230' title='bbox 676 1650 819 1720; x_wconf 61' lang='lat' dir='ltr'>repetitur</span> <span class='ocrx_word' id='word_1_231' title='bbox 838 1664 853 1706; x_wconf 82' lang='lat' dir='ltr'>b</span> <span class='ocrx_word' id='word_1_232' title='bbox 873 1669 880 1715; x_wconf 73' lang='grc' dir='ltr'><strong>ἱ</strong></span> <span class='ocrx_word' id='word_1_233' title='bbox 936 1666 1021 1721; x_wconf 90' lang='lat' dir='ltr'>Sume</span> <span class='ocrx_word' id='word_1_234' title='bbox 1033 1679 1112 1722; x_wconf 88' lang='lat' dir='ltr'>sacer</span> <span class='ocrx_word' id='word_1_235' title='bbox 1125 1667 1237 1724; x_wconf 89' lang='lat' dir='ltr'>tandem</span> <span class='ocrx_word' id='word_1_236' title='bbox 1255 1675 1418 1729; x_wconf 87' lang='lat' dir='ltr'>sanctorum</span> <span class='ocrx_word' id='word_1_237' title='bbox 1442 1675 1525 1730; x_wconf 78' lang='lat' dir='ltr'>latus</span> <span class='ocrx_word' id='word_1_238' title='bbox 1539 1687 1653 1746; x_wconf 83' lang='lat' dir='ltr'>agones,</span> 
     </span>
     <span class='ocr_line' id='line_1_19' title="bbox 59 1738 1623 1829; baseline -0.003 -33"><span class='ocrx_word' id='word_1_239' title='bbox 59 1741 293 1811; x_wconf 66' lang='lat' dir='ltr'>praesen-timeum</span> <span class='ocrx_word' id='word_1_240' title='bbox 304 1738 485 1795; x_wconf 82' lang='lat' dir='ltr'>nonnullaab</span> <span class='ocrx_word' id='word_1_241' title='bbox 497 1739 716 1795; x_wconf 86' lang='lat' dir='ltr'>instructionem</span> <span class='ocrx_word' id='word_1_242' title='bbox 726 1738 881 1794; x_wconf 91' lang='lat' dir='ltr'>multorum</span> <span class='ocrx_word' id='word_1_243' title='bbox 935 1753 990 1821; x_wconf 61' lang='lat' dir='ltr'>Qui</span> <span class='ocrx_word' id='word_1_244' title='bbox 1006 1754 1123 1811; x_wconf 61' lang='lat' dir='ltr'>suerum</span> <span class='ocrx_word' id='word_1_245' title='bbox 1138 1754 1205 1811; x_wconf 58' lang='lat' dir='ltr'>saep</span> <span class='ocrx_word' id='word_1_246' title='bbox 1221 1758 1312 1829; x_wconf 52' lang='lat' dir='ltr'>Graii,</span> <span class='ocrx_word' id='word_1_247' title='bbox 1330 1774 1405 1817; x_wconf 66' lang='lat' dir='ltr'>nunc</span> <span class='ocrx_word' id='word_1_248' title='bbox 1420 1768 1481 1818; x_wconf 52' lang='grc' dir='ltr'>πω</span> <span class='ocrx_word' id='word_1_249' title='bbox 1497 1762 1623 1818; x_wconf 84' lang='lat' dir='ltr'>latinos.</span> 
     </span>
     <span class='ocr_line' id='line_1_20' title="bbox 58 1827 882 1900; baseline -0.005 -14"><span class='ocrx_word' id='word_1_250' title='bbox 58 1829 197 1900; x_wconf 89' lang='lat' dir='ltr'>opuscula</span> <span class='ocrx_word' id='word_1_251' title='bbox 212 1828 347 1897; x_wconf 90' lang='lat' dir='ltr'>ediderit,</span> <span class='ocrx_word' id='word_1_252' title='bbox 361 1834 388 1884; x_wconf 93' lang='lat' dir='ltr'>et</span> <span class='ocrx_word' id='word_1_253' title='bbox 403 1841 471 1884; x_wconf 89' lang='lat' dir='ltr'>sana</span> <span class='ocrx_word' id='word_1_254' title='bbox 484 1827 651 1884; x_wconf 82' lang='lat' dir='ltr'>orthodoxae</span> <span class='ocrx_word' id='word_1_255' title='bbox 667 1827 732 1882; x_wconf 88' lang='lat' dir='ltr'>ildei</span> <span class='ocrx_word' id='word_1_256' title='bbox 750 1827 882 1898; x_wconf 87' lang='lat' dir='ltr'>dogmata</span> 
     </span>
     <span class='ocr_line' id='line_1_21' title="bbox 91 1933 1760 2009; baseline 0.001 -16"><span class='ocrx_word' id='word_1_257' title='bbox 91 1946 107 1976; x_wconf 78' lang='lat'><em>²</em></span> <span class='ocrx_word' id='word_1_258' title='bbox 130 1936 229 1993; x_wconf 81' lang='lat' dir='ltr'>AEdem</span> <span class='ocrx_word' id='word_1_259' title='bbox 245 1935 376 2007; x_wconf 80' lang='lat' dir='ltr'>intellige</span> <span class='ocrx_word' id='word_1_260' title='bbox 393 1935 439 1990; x_wconf 81' lang='lat' dir='ltr'>SS.</span> <span class='ocrx_word' id='word_1_261' title='bbox 453 1935 516 1990; x_wconf 85' lang='lat' dir='ltr'>llll.</span> <span class='ocrx_word' id='word_1_262' title='bbox 532 1933 596 2004; x_wconf 84' lang='lat' dir='ltr'>Cyri</span> <span class='ocrx_word' id='word_1_263' title='bbox 613 1934 782 2004; x_wconf 90' lang='lat' dir='ltr'>etloannis,</span> <span class='ocrx_word' id='word_1_264' title='bbox 797 1947 884 2003; x_wconf 90' lang='lat' dir='ltr'>prope</span> <span class='ocrx_word' id='word_1_265' title='bbox 973 1944 986 1974; x_wconf 68' lang='grc' dir='ltr'><strong>ο</strong></span> <span class='ocrx_word' id='word_1_266' title='bbox 1011 1934 1049 1987; x_wconf 86' lang='lat' dir='ltr'>De</span> <span class='ocrx_word' id='word_1_267' title='bbox 1069 1933 1122 1989; x_wconf 89' lang='lat' dir='ltr'>boe</span> <span class='ocrx_word' id='word_1_268' title='bbox 1136 1947 1254 1992; x_wconf 91' lang='lat' dir='ltr'>numero</span> <span class='ocrx_word' id='word_1_269' title='bbox 1270 1938 1358 1994; x_wconf 88' lang='lat' dir='ltr'>multa</span> <span class='ocrx_word' id='word_1_270' title='bbox 1372 1938 1565 2009; x_wconf 85' lang='lat' dir='ltr'>dissenttpse</span> <span class='ocrx_word' id='word_1_271' title='bbox 1579 1937 1760 2009; x_wconf 85' lang='lat' dir='ltr'>Sophronias</span> 
     </span>
    </p>
   </div>
   <div class='ocr_carea' id='block_1_3' title="bbox 60 2003 1337 2146">
    <p class='ocr_par' dir='ltr' id='par_1_3' title="bbox 60 2003 1337 2146">
     <span class='ocr_line' id='line_1_22' title="bbox 60 2003 1337 2076; baseline -0.003 -10"><span class='ocrx_word' id='word_1_272' title='bbox 60 2011 155 2066; x_wconf 88' lang='lat' dir='ltr'>urbem</span> <span class='ocrx_word' id='word_1_273' title='bbox 173 2009 329 2065; x_wconf 84' lang='lat' dir='ltr'>itomanam</span> <span class='ocrx_word' id='word_1_274' title='bbox 347 2006 443 2062; x_wconf 88' lang='lat' dir='ltr'>adbuc</span> <span class='ocrx_word' id='word_1_275' title='bbox 458 2005 651 2076; x_wconf 87' lang='lat' dir='ltr'>supertsitem.</span> <span class='ocrx_word' id='word_1_276' title='bbox 939 2003 968 2058; x_wconf 90' lang='lat' dir='ltr'>in</span> <span class='ocrx_word' id='word_1_277' title='bbox 984 2011 1146 2061; x_wconf 88' lang='lat' dir='ltr'>sanctorum</span> <span class='ocrx_word' id='word_1_278' title='bbox 1163 2005 1337 2064; x_wconf 89' lang='lat' dir='ltr'>laudatione.</span> 
     </span>
     <span class='ocr_line' id='line_1_23' title="bbox 91 2075 884 2146; baseline -0.006 -10"><span class='ocrx_word' id='word_1_279' title='bbox 91 2081 103 2120; x_wconf 74' lang='lat'><strong><em>⁴</em></strong></span> <span class='ocrx_word' id='word_1_280' title='bbox 121 2078 269 2136; x_wconf 89' lang='lat' dir='ltr'>Nimirum</span> <span class='ocrx_word' id='word_1_281' title='bbox 291 2079 321 2134; x_wconf 91' lang='lat' dir='ltr'>in</span> <span class='ocrx_word' id='word_1_282' title='bbox 340 2091 373 2134; x_wconf 93' lang='lat' dir='ltr'>eo</span> <span class='ocrx_word' id='word_1_283' title='bbox 394 2077 519 2133; x_wconf 86' lang='lat' dir='ltr'>coneilio</span> <span class='ocrx_word' id='word_1_284' title='bbox 543 2077 660 2131; x_wconf 82' lang='lat' dir='ltr'>recitata</span> <span class='ocrx_word' id='word_1_285' title='bbox 681 2081 724 2130; x_wconf 88' lang='lat' dir='ltr'>est</span> <span class='ocrx_word' id='word_1_286' title='bbox 747 2075 884 2146; x_wconf 83' lang='lat' dir='ltr'>synodica</span> 
     </span>
    </p>
   </div>
   <div class='ocr_carea' id='block_1_4' title="bbox 58 2147 730 2224">
    <p class='ocr_par' dir='ltr' id='par_1_4' title="bbox 58 2147 730 2224">
     <span class='ocr_line' id='line_1_24' title="bbox 58 2147 730 2224; baseline -0.009 -16"><span class='ocrx_word' id='word_1_287' title='bbox 58 2150 213 2224; x_wconf 83' lang='lat' dir='ltr'>sophronii</span> <span class='ocrx_word' id='word_1_288' title='bbox 237 2149 371 2219; x_wconf 91' lang='lat' dir='ltr'>epistola,</span> <span class='ocrx_word' id='word_1_289' title='bbox 392 2162 455 2219; x_wconf 80' lang='lat' dir='ltr'>ques</span> <span class='ocrx_word' id='word_1_290' title='bbox 481 2147 576 2203; x_wconf 89' lang='lat' dir='ltr'>adhue</span> <span class='ocrx_word' id='word_1_291' title='bbox 591 2151 730 2216; x_wconf 85' lang='lat' dir='ltr'>superest.</span> 
     </span>
    </p>
   </div>
   <div class='ocr_carea' id='block_1_5' title="bbox 522 2480 1297 2556">
    <p class='ocr_par' dir='ltr' id='par_1_5' title="bbox 522 2480 1297 2556">
     <span class='ocr_line' id='line_1_25' title="bbox 522 2480 1297 2556; baseline 0.001 -5"><span class='ocrx_word' id='word_1_292' title='bbox 522 2480 711 2553; x_wconf 79' lang='lat' dir='ltr'><strong>INCIPIT</strong></span> <span class='ocrx_word' id='word_1_293' title='bbox 768 2483 961 2554; x_wconf 87' lang='lat' dir='ltr'>TEXTUS</span> <span class='ocrx_word' id='word_1_294' title='bbox 1018 2484 1297 2556; x_wconf 85' lang='lat' dir='ltr'><strong>PASSIONIS.</strong></span> 
     </span>
    </p>
   </div>
   <div class='ocr_carea' id='block_1_6' title="bbox 60 2664 1763 2827">
    <p class='ocr_par' dir='ltr' id='par_1_6' title="bbox 60 2664 1763 2827">
     <span class='ocr_line' id='line_1_26' title="bbox 85 2664 1763 2740; baseline -0.001 -16"><span class='ocrx_word' id='word_1_295' title='bbox 85 2667 211 2724; x_wconf 81' lang='lat' dir='ltr'>Divinus</span> <span class='ocrx_word' id='word_1_296' title='bbox 222 2665 417 2736; x_wconf 89' lang='lat' dir='ltr'>nobissermo,</span> <span class='ocrx_word' id='word_1_297' title='bbox 429 2665 478 2736; x_wconf 84' lang='lat' dir='ltr'>qui</span> <span class='ocrx_word' id='word_1_298' title='bbox 493 2666 669 2723; x_wconf 78' lang='lat' dir='ltr'>verereritas</span> <span class='ocrx_word' id='word_1_299' title='bbox 683 2671 736 2736; x_wconf 89' lang='lat' dir='ltr'>est,</span> <span class='ocrx_word' id='word_1_300' title='bbox 749 2666 884 2724; x_wconf 80' lang='lat' dir='ltr'>cbristus</span> <span class='ocrx_word' id='word_1_301' title='bbox 898 2664 923 2728; x_wconf 82' lang='lat' dir='ltr'><strong>G</strong></span> <span class='ocrx_word' id='word_1_302' title='bbox 937 2669 1041 2722; x_wconf 85' lang='lat' dir='ltr'>Jooaue</span> <span class='ocrx_word' id='word_1_303' title='bbox 1055 2669 1196 2732; x_wconf 84' lang='lat' dir='ltr'>editiones,</span> <span class='ocrx_word' id='word_1_304' title='bbox 1213 2669 1367 2738; x_wconf 82' lang='lat' dir='ltr'>eujusmodi</span> <span class='ocrx_word' id='word_1_305' title='bbox 1378 2685 1473 2740; x_wconf 83' lang='lat' dir='ltr'>reapse</span> <span class='ocrx_word' id='word_1_306' title='bbox 1487 2673 1552 2724; x_wconf 85' lang='lat' dir='ltr'>sunt</span> <span class='ocrx_word' id='word_1_307' title='bbox 1565 2671 1596 2725; x_wconf 84' lang='lat' dir='ltr'>in</span> <span class='ocrx_word' id='word_1_308' title='bbox 1610 2673 1701 2724; x_wconf 82' lang='lat' dir='ltr'>uostm</span> <span class='ocrx_word' id='word_1_309' title='bbox 1713 2684 1763 2723; x_wconf 91' lang='lat' dir='ltr'>oo-</span> 
     </span>
     <span class='ocr_line' id='line_1_27' title="bbox 60 2739 1762 2827; baseline -0.001 -16"><span class='ocrx_word' id='word_1_310' title='bbox 60 2756 193 2813; x_wconf 86' lang='lat' dir='ltr'>ridelicet</span> <span class='ocrx_word' id='word_1_311' title='bbox 211 2758 289 2812; x_wconf 85' lang='lat' dir='ltr'>Deus</span> <span class='ocrx_word' id='word_1_312' title='bbox 306 2761 410 2821; x_wconf 90' lang='lat' dir='ltr'>noster,</span> <span class='ocrx_word' id='word_1_313' title='bbox 429 2755 459 2810; x_wconf 90' lang='lat' dir='ltr'>in</span> <span class='ocrx_word' id='word_1_314' title='bbox 475 2755 637 2827; x_wconf 84' lang='lat' dir='ltr'>Evangeliis</span> <span class='ocrx_word' id='word_1_315' title='bbox 650 2755 773 2813; x_wconf 88' lang='lat' dir='ltr'>altisone</span> <span class='ocrx_word' id='word_1_316' title='bbox 785 2756 885 2826; x_wconf 73' lang='lat' dir='ltr'>piraedi</span> <span class='ocrx_word' id='word_1_317' title='bbox 939 2739 1007 2799; x_wconf 47' lang='lat'>‘5⁰⁰2</span> <span class='ocrx_word' id='word_1_318' title='bbox 1024 2755 1141 2808; x_wconf 77' lang='lat' dir='ltr'>quoru-m</span> <span class='ocrx_word' id='word_1_319' title='bbox 1157 2745 1299 2809; x_wconf 81' lang='lat' dir='ltr'>utrumque</span> <span class='ocrx_word' id='word_1_320' title='bbox 1318 2743 1513 2810; x_wconf 59' lang='lat' dir='ltr'>inlttl’t&#39;ttaffli</span> <span class='ocrx_word' id='word_1_321' title='bbox 1532 2741 1762 2802; x_wconf 64' lang='lat' dir='ltr'>⁶⁸⁸A²2⁴1⁵I⁰⁸5²⁴32</span> 
     </span>
    </p>
   </div>
   <div class='ocr_carea' id='block_1_7' title="bbox 60 2810 1764 2951">
    <p class='ocr_par' dir='ltr' id='par_1_7' title="bbox 60 2810 1764 2951">
     <span class='ocr_line' id='line_1_28' title="bbox 60 2810 1764 2951; baseline 0.002 -49"><span class='ocrx_word' id='word_1_322' title='bbox 60 2850 112 2917; x_wconf 80' lang='lat' dir='ltr'>eat,</span> <span class='ocrx_word' id='word_1_323' title='bbox 132 2845 236 2903; x_wconf 80' lang='lat' dir='ltr'>urcem</span> <span class='ocrx_word' id='word_1_324' title='bbox 252 2863 259 2899; x_wconf 73' lang='grc' dir='ltr'>ι</span> <span class='ocrx_word' id='word_1_325' title='bbox 273 2844 373 2901; x_wconf 78' lang='lat' dir='ltr'>omno</span> <span class='ocrx_word' id='word_1_326' title='bbox 384 2845 527 2915; x_wconf 69' lang='lat' dir='ltr'>passuum</span> <span class='ocrx_word' id='word_1_327' title='bbox 543 2845 672 2899; x_wconf 71' lang='lat' dir='ltr'>ueneno.</span> <span class='ocrx_word' id='word_1_328' title='bbox 694 2846 796 2901; x_wconf 81' lang='lat' dir='ltr'>reatus</span> <span class='ocrx_word' id='word_1_329' title='bbox 810 2859 886 2916; x_wconf 83' lang='lat' dir='ltr'>quo-</span> <span class='ocrx_word' id='word_1_330' title='bbox 939 2810 1764 2951; x_wconf 44' lang='lat' dir='ltr'>ssgnfficg&#39;gwdsssffflffl{ffg&#39;ffgssgssss&#39;ssfflffi</span> 
     </span>
    </p>
   </div>
   <div class='ocr_carea' id='block_1_8' title="bbox 61 2933 1763 3110">
    <p class='ocr_par' dir='ltr' id='par_1_8' title="bbox 61 2933 1763 3110">
     <span class='ocr_line' id='line_1_29' title="bbox 61 2933 1763 3021; baseline -0.003 -13"><span class='ocrx_word' id='word_1_331' title='bbox 61 2949 113 3006; x_wconf 65' lang='grc' dir='ltr'>(ΨΘ</span> <span class='ocrx_word' id='word_1_332' title='bbox 141 2933 260 2991; x_wconf 62' lang='lat' dir='ltr'><strong>PIUIUS·</strong></span> <span class='ocrx_word' id='word_1_333' title='bbox 309 2973 884 2988; x_wconf 89' lang='lat'><strong>·············</strong></span> <span class='ocrx_word' id='word_1_334' title='bbox 939 2953 1038 3005; x_wconf 83' lang='lat' dir='ltr'>tt&#39;cnem</span> <span class='ocrx_word' id='word_1_335' title='bbox 1054 2953 1084 3005; x_wconf 86' lang='lat' dir='ltr'>in</span> <span class='ocrx_word' id='word_1_336' title='bbox 1106 2953 1236 3007; x_wconf 83' lang='lat' dir='ltr'>Vni-ienae</span> <span class='ocrx_word' id='word_1_337' title='bbox 1255 2953 1344 3006; x_wconf 85' lang='lat' dir='ltr'>codiee</span> <span class='ocrx_word' id='word_1_338' title='bbox 1359 2968 1413 3006; x_wconf 87' lang='lat' dir='ltr'>non</span> <span class='ocrx_word' id='word_1_339' title='bbox 1430 2953 1559 3007; x_wconf 83' lang='lat' dir='ltr'>babemus</span> <span class='ocrx_word' id='word_1_340' title='bbox 1576 2970 1585 3017; x_wconf 71' lang='grc' dir='ltr'><strong><em>ς</em></strong></span> <span class='ocrx_word' id='word_1_341' title='bbox 1600 2967 1685 3021; x_wconf 83' lang='lat' dir='ltr'>quare</span> <span class='ocrx_word' id='word_1_342' title='bbox 1703 2953 1763 3020; x_wconf 89' lang='lat' dir='ltr'>ejus</span> 
     </span>
     <span class='ocr_line' id='line_1_30' title="bbox 91 3022 1763 3110; baseline -0.001 -33"><span class='ocrx_word' id='word_1_343' title='bbox 91 3042 187 3110; x_wconf 54' lang='lat' dir='ltr'>few-g</span> <span class='ocrx_word' id='word_1_344' title='bbox 202 3056 265 3096; x_wconf 63' lang='lat' dir='ltr'><em>„ero</em></span> <span class='ocrx_word' id='word_1_345' title='bbox 285 3040 462 3095; x_wconf 63' lang='lat' dir='ltr'>Mapgpongus</span> <span class='ocrx_word' id='word_1_346' title='bbox 478 3041 574 3094; x_wconf 48' lang='lat' dir='ltr'>dicere,</span> <span class='ocrx_word' id='word_1_347' title='bbox 597 3061 611 3092; x_wconf 79' lang='lat'>„</span> <span class='ocrx_word' id='word_1_348' title='bbox 633 3041 778 3094; x_wconf 45' lang='lat' dir='ltr'>,onustam-,-</span> <span class='ocrx_word' id='word_1_349' title='bbox 798 3041 885 3094; x_wconf 57' lang='lat' dir='ltr'><em>„em-0</em></span> <span class='ocrx_word' id='word_1_350' title='bbox 939 3023 1050 3075; x_wconf 81' lang='lat' dir='ltr'>ine&#39;te&#39;um</span> <span class='ocrx_word' id='word_1_351' title='bbox 1063 3022 1248 3076; x_wconf 85' lang='lat' dir='ltr'>tantummodo</span> <span class='ocrx_word' id='word_1_352' title='bbox 1267 3024 1444 3091; x_wconf 85' lang='lat' dir='ltr'>eseripst&#39;mus</span> <span class='ocrx_word' id='word_1_353' title='bbox 1461 3039 1496 3076; x_wconf 79' lang='lat' dir='ltr'>ec</span> <span class='ocrx_word' id='word_1_354' title='bbox 1519 3023 1678 3077; x_wconf 80' lang='lat' dir='ltr'>Mobillout‘o</span> <span class='ocrx_word' id='word_1_355' title='bbox 1692 3040 1699 3090; x_wconf 76' lang='lat'>3</span> <span class='ocrx_word' id='word_1_356' title='bbox 1714 3023 1763 3076; x_wconf 85' lang='lat' dir='ltr'>ol·-</span> 
     </span>
    </p>
   </div>
   <div class='ocr_carea' id='block_1_9' title="bbox 61 3093 1765 3322">
    <p class='ocr_par' dir='ltr' id='par_1_9' title="bbox 61 3093 1765 3322">
     <span class='ocr_line' id='line_1_31' title="bbox 61 3093 1764 3180; baseline -0.001 -32"><span class='ocrx_word' id='word_1_357' title='bbox 61 3114 146 3180; x_wconf 45' lang='grc' dir='ltr'>,Μὴ</span> <span class='ocrx_word' id='word_1_358' title='bbox 165 3113 264 3167; x_wconf 55' lang='lat' dir='ltr'>putem</span> <span class='ocrx_word' id='word_1_359' title='bbox 275 3112 396 3165; x_wconf 56' lang='lat' dir='ltr'>gupaereg</span> <span class='ocrx_word' id='word_1_360' title='bbox 413 3127 496 3180; x_wconf 58' lang='lat' dir='ltr'>quam</span> <span class='ocrx_word' id='word_1_361' title='bbox 512 3111 562 3165; x_wconf 64' lang='lat' dir='ltr'>ipa</span> <span class='ocrx_word' id='word_1_362' title='bbox 575 3111 771 3179; x_wconf 51' lang='lat' dir='ltr'>gozgangiam,</span> <span class='ocrx_word' id='word_1_363' title='bbox 788 3113 817 3163; x_wconf 60' lang='grc' dir='ltr'>ὴ,</span> <span class='ocrx_word' id='word_1_364' title='bbox 830 3126 885 3179; x_wconf 65' lang='lat' dir='ltr'>qua</span> <span class='ocrx_word' id='word_1_365' title='bbox 940 3094 1024 3175; x_wconf 82' lang='lat' dir='ltr'>terlus</span> <span class='ocrx_word' id='word_1_366' title='bbox 1039 3095 1404 3175; x_wconf 38' lang='lat' dir='ltr'>terneenpnrtem&#39;ntuace&#39;mum</span> <span class='ocrx_word' id='word_1_367' title='bbox 1418 3095 1449 3176; x_wconf 61' lang='lat' dir='ltr'>ln</span> <span class='ocrx_word' id='word_1_368' title='bbox 1466 3095 1598 3176; x_wconf 66' lang='lat' dir='ltr'>I&#39;uta&#39;cuno</span> <span class='ocrx_word' id='word_1_369' title='bbox 1612 3093 1702 3176; x_wconf 72' lang='lat' dir='ltr'>codiee</span> <span class='ocrx_word' id='word_1_370' title='bbox 1713 3095 1764 3146; x_wconf 84' lang='lat' dir='ltr'>in-</span> 
     </span>
     <span class='ocr_line' id='line_1_32' title="bbox 62 3163 1764 3250; baseline -0.002 -13"><span class='ocrx_word' id='word_1_371' title='bbox 62 3185 187 3238; x_wconf 77' lang='lat' dir='ltr'>amissum</span> <span class='ocrx_word' id='word_1_372' title='bbox 203 3186 243 3237; x_wconf 83' lang='lat' dir='ltr'>est</span> <span class='ocrx_word' id='word_1_373' title='bbox 258 3197 353 3236; x_wconf 89' lang='lat' dir='ltr'>nomen</span> <span class='ocrx_word' id='word_1_374' title='bbox 366 3180 575 3236; x_wconf 82' lang='lat' dir='ltr'>looiiuArube&#39;n</span> <span class='ocrx_word' id='word_1_375' title='bbox 590 3183 638 3236; x_wconf 85' lang='lat' dir='ltr'>ubi</span> <span class='ocrx_word' id='word_1_376' title='bbox 661 3182 747 3250; x_wconf 73' lang='lat' dir='ltr'>Cyrus</span> <span class='ocrx_word' id='word_1_377' title='bbox 766 3185 791 3235; x_wconf 87' lang='lat' dir='ltr'>et</span> <span class='ocrx_word' id='word_1_378' title='bbox 806 3183 887 3234; x_wconf 83' lang='lat' dir='ltr'>Ionn-</span> <span class='ocrx_word' id='word_1_379' title='bbox 939 3178 1070 3246; x_wconf 56' lang='lat' dir='ltr'>venimus·</span> <span class='ocrx_word' id='word_1_380' title='bbox 1101 3163 1249 3231; x_wconf 72' lang='lat' dir='ltr'>Ceteroqui</span> <span class='ocrx_word' id='word_1_381' title='bbox 1272 3179 1363 3246; x_wconf 52' lang='lat' dir='ltr'>,dilue</span> <span class='ocrx_word' id='word_1_382' title='bbox 1383 3179 1487 3246; x_wconf 52' lang='lat' dir='ltr'>,imm</span> <span class='ocrx_word' id='word_1_383' title='bbox 1514 3168 1764 3246; x_wconf 53' lang='lat' dir='ltr'>”IIIIWI‘IIW&#39;I</span> 
     </span>
     <span class='ocr_line' id='line_1_33' title="bbox 64 3234 1765 3322; baseline -0.004 -13"><span class='ocrx_word' id='word_1_384' title='bbox 64 3270 107 3309; x_wconf 85' lang='lat' dir='ltr'>nes</span> <span class='ocrx_word' id='word_1_385' title='bbox 120 3256 301 3309; x_wconf 84' lang='lat' dir='ltr'>monasticam</span> <span class='ocrx_word' id='word_1_386' title='bbox 318 3254 403 3306; x_wconf 85' lang='lat' dir='ltr'>citum</span> <span class='ocrx_word' id='word_1_387' title='bbox 416 3254 535 3322; x_wconf 70' lang='lat' dir='ltr'>professi</span> <span class='ocrx_word' id='word_1_388' title='bbox 545 3257 620 3315; x_wconf 85' lang='lat' dir='ltr'>sunt,</span> <span class='ocrx_word' id='word_1_389' title='bbox 638 3253 672 3307; x_wconf 87' lang='lat' dir='ltr'>de</span> <span class='ocrx_word' id='word_1_390' title='bbox 683 3268 735 3321; x_wconf 85' lang='lat' dir='ltr'>quo</span> <span class='ocrx_word' id='word_1_391' title='bbox 751 3255 789 3306; x_wconf 86' lang='lat' dir='ltr'>sic</span> <span class='ocrx_word' id='word_1_392' title='bbox 803 3252 887 3305; x_wconf 85' lang='lat' dir='ltr'>Ano-</span> <span class='ocrx_word' id='word_1_393' title='bbox 939 3235 1082 3301; x_wconf 60' lang='lat' dir='ltr'>zylianam</span> <span class='ocrx_word' id='word_1_394' title='bbox 1101 3234 1208 3295; x_wconf 58' lang='lat' dir='ltr'><strong><em>damus,</em></strong></span> <span class='ocrx_word' id='word_1_395' title='bbox 1229 3249 1295 3302; x_wconf 66' lang='lat' dir='ltr'>‘lma</span> <span class='ocrx_word' id='word_1_396' title='bbox 1309 3249 1468 3302; x_wconf 64' lang='lat' dir='ltr'>dtssvliilme</span> <span class='ocrx_word' id='word_1_397' title='bbox 1491 3238 1581 3287; x_wconf 61' lang='lat' dir='ltr'>”arm</span> <span class='ocrx_word' id='word_1_398' title='bbox 1596 3251 1604 3302; x_wconf 78' lang='lat'><em>3</em></span> <span class='ocrx_word' id='word_1_399' title='bbox 1621 3249 1706 3303; x_wconf 60' lang='lat' dir='ltr'>”idue</span> <span class='ocrx_word' id='word_1_400' title='bbox 1718 3248 1765 3287; x_wconf 68' lang='lat'>⁵³·</span> 
     </span>
    </p>
   </div>
   <div class='ocr_carea' id='block_1_10' title="bbox 65 3303 1765 3447">
    <p class='ocr_par' dir='ltr' id='par_1_10' title="bbox 65 3303 1765 3447">
     <span class='ocr_line' id='line_1_34' title="bbox 65 3303 1765 3447; baseline -0.002 -70"><span class='ocrx_word' id='word_1_401' title='bbox 65 3327 164 3380; x_wconf 73' lang='lat' dir='ltr'>suetus</span> <span class='ocrx_word' id='word_1_402' title='bbox 179 3343 188 3379; x_wconf 83' lang='lat'><em>=</em></span> <span class='ocrx_word' id='word_1_403' title='bbox 206 3324 428 3379; x_wconf 73' lang='lat' dir='ltr'>«nemausum</span> <span class='ocrx_word' id='word_1_404' title='bbox 445 3339 507 3447; x_wconf 62' lang='lat' dir='ltr'>gua</span> <span class='ocrx_word' id='word_1_405' title='bbox 518 3329 557 3378; x_wconf 81' lang='lat' dir='ltr'>ese</span> <span class='ocrx_word' id='word_1_406' title='bbox 570 3326 603 3378; x_wconf 78' lang='lat' dir='ltr'>an</span> <span class='ocrx_word' id='word_1_407' title='bbox 660 3326 682 3378; x_wconf 83' lang='lat' dir='ltr'>a·</span> <span class='ocrx_word' id='word_1_408' title='bbox 696 3325 888 3378; x_wconf 69' lang='lat' dir='ltr'>multaeve·</span> <span class='ocrx_word' id='word_1_409' title='bbox 939 3305 1035 3359; x_wconf 65' lang='lat' dir='ltr'>cunm</span> <span class='ocrx_word' id='word_1_410' title='bbox 1060 3305 1194 3371; x_wconf 77' lang='lat' dir='ltr'>desectam</span> <span class='ocrx_word' id='word_1_411' title='bbox 1207 3305 1304 3359; x_wconf 74' lang='lat' dir='ltr'>noeane</span> <span class='ocrx_word' id='word_1_412' title='bbox 1322 3305 1488 3374; x_wconf 69' lang='lat' dir='ltr'>supplemus,</span> <span class='ocrx_word' id='word_1_413' title='bbox 1504 3319 1586 3374; x_wconf 75' lang='lat' dir='ltr'>qoam</span> <span class='ocrx_word' id='word_1_414' title='bbox 1600 3309 1657 3358; x_wconf 77' lang='lat' dir='ltr'>om</span> <span class='ocrx_word' id='word_1_415' title='bbox 1674 3303 1765 3358; x_wconf 69' lang='lat' dir='ltr'>orso</span> 
     </span>
    </p>
   </div>
   <div class='ocr_carea' id='block_1_11' title="bbox 68 3375 1762 3464">
    <p class='ocr_par' dir='ltr' id='par_1_11' title="bbox 68 3375 1762 3464">
     <span class='ocr_line' id='line_1_35' title="bbox 68 3375 1762 3464; baseline -0.002 -18"><span class='ocrx_word' id='word_1_416' title='bbox 68 3397 149 3459; x_wconf 78' lang='lat' dir='ltr'>ereit,</span> <span class='ocrx_word' id='word_1_417' title='bbox 170 3400 197 3450; x_wconf 90' lang='lat' dir='ltr'>et</span> <span class='ocrx_word' id='word_1_418' title='bbox 213 3397 244 3449; x_wconf 83' lang='lat' dir='ltr'>in</span> <span class='ocrx_word' id='word_1_419' title='bbox 262 3396 371 3449; x_wconf 82' lang='lat' dir='ltr'>castello</span> <span class='ocrx_word' id='word_1_420' title='bbox 390 3409 443 3464; x_wconf 81' lang='lat' dir='ltr'>quo</span> <span class='ocrx_word' id='word_1_421' title='bbox 481 3399 593 3448; x_wconf 83' lang='lat' dir='ltr'>uocatur</span> <span class='ocrx_word' id='word_1_422' title='bbox 627 3398 682 3449; x_wconf 72' lang='lat' dir='ltr'>ereo</span> <span class='ocrx_word' id='word_1_423' title='bbox 702 3395 845 3456; x_wconf 84' lang='lat' dir='ltr'>bubituce&#39;t,</span> <span class='ocrx_word' id='word_1_424' title='bbox 861 3397 887 3448; x_wconf 88' lang='lat' dir='ltr'>et</span> <span class='ocrx_word' id='word_1_425' title='bbox 940 3380 998 3429; x_wconf 60' lang='lat' dir='ltr'>tum</span> <span class='ocrx_word' id='word_1_426' title='bbox 1015 3376 1110 3431; x_wconf 61' lang='lat' dir='ltr'>LIII&#39;W</span> <span class='ocrx_word' id='word_1_427' title='bbox 1125 3376 1254 3444; x_wconf 57' lang='lat' dir='ltr'>“celim</span> <span class='ocrx_word' id='word_1_428' title='bbox 1268 3380 1316 3430; x_wconf 63' lang='lat'>3⁸⁸·</span> <span class='ocrx_word' id='word_1_429' title='bbox 1334 3377 1369 3429; x_wconf 73' lang='lat' dir='ltr'>EI</span> <span class='ocrx_word' id='word_1_430' title='bbox 1392 3376 1503 3444; x_wconf 66' lang='lat' dir='ltr'>quidem</span> <span class='ocrx_word' id='word_1_431' title='bbox 1533 3376 1672 3431; x_wconf 59' lang='lat' dir='ltr'>Amicam</span> <span class='ocrx_word' id='word_1_432' title='bbox 1686 3375 1762 3428; x_wconf 58' lang='lat' dir='ltr'>Lali·</span> 
     </span>
    </p>
   </div>
   <div class='ocr_carea' id='block_1_12' title="bbox 69 3445 1765 3534">
    <p class='ocr_par' dir='ltr' id='par_1_12' title="bbox 69 3445 1765 3534">
     <span class='ocr_line' id='line_1_36' title="bbox 69 3445 1765 3534; baseline -0.004 -13"><span class='ocrx_word' id='word_1_433' title='bbox 69 3486 80 3515; x_wconf 83' lang='grc' dir='ltr'>ι</span> <span class='ocrx_word' id='word_1_434' title='bbox 97 3482 157 3521; x_wconf 83' lang='lat' dir='ltr'>cum</span> <span class='ocrx_word' id='word_1_435' title='bbox 168 3466 337 3534; x_wconf 66' lang='lat' dir='ltr'>hebetatione</span> <span class='ocrx_word' id='word_1_436' title='bbox 356 3470 437 3520; x_wconf 82' lang='lat' dir='ltr'>etrum</span> <span class='ocrx_word' id='word_1_437' title='bbox 447 3466 570 3520; x_wconf 78' lang='lat' dir='ltr'>habitum</span> <span class='ocrx_word' id='word_1_438' title='bbox 581 3469 762 3520; x_wconf 75' lang='lat' dir='ltr'>eommutavit.</span> <span class='ocrx_word' id='word_1_439' title='bbox 781 3482 794 3514; x_wconf 81' lang='lat' dir='ltr'>u</span> <span class='ocrx_word' id='word_1_440' title='bbox 812 3465 887 3519; x_wconf 81' lang='lat' dir='ltr'>Idem</span> <span class='ocrx_word' id='word_1_441' title='bbox 941 3461 993 3499; x_wconf 64' lang='lat'>”²¹⁸</span> <span class='ocrx_word' id='word_1_442' title='bbox 1008 3446 1092 3501; x_wconf 63' lang='lat' dir='ltr'><strong><em>⁶⁰d0³³</em></strong></span> <span class='ocrx_word' id='word_1_443' title='bbox 1106 3462 1159 3499; x_wconf 73' lang='lat' dir='ltr'><strong>⁷²⁰I²</strong></span> <span class='ocrx_word' id='word_1_444' title='bbox 1178 3447 1234 3512; x_wconf 58' lang='grc' dir='ltr'>Μ*</span> <span class='ocrx_word' id='word_1_445' title='bbox 1254 3447 1412 3517; x_wconf 82' lang='lat' dir='ltr'>desumptus</span> <span class='ocrx_word' id='word_1_446' title='bbox 1427 3462 1461 3501; x_wconf 50' lang='grc' dir='ltr'>ἕω</span> <span class='ocrx_word' id='word_1_447' title='bbox 1474 3445 1565 3501; x_wconf 57' lang='grc' dir='ltr'>(ἶῗὸθθθ</span> <span class='ocrx_word' id='word_1_448' title='bbox 1581 3445 1688 3515; x_wconf 63' lang='lat' dir='ltr'><strong>CIIPIae</strong></span> <span class='ocrx_word' id='word_1_449' title='bbox 1710 3446 1765 3512; x_wconf 60' lang='lat' dir='ltr'>ser·</span> 
     </span>
    </p>
   </div>
   <div class='ocr_carea' id='block_1_13' title="bbox 69 3516 1766 3678">
    <p class='ocr_par' dir='ltr' id='par_1_13' title="bbox 69 3516 1766 3678">
     <span class='ocr_line' id='line_1_37' title="bbox 69 3516 1765 3608; baseline -0.001 -37"><span class='ocrx_word' id='word_1_450' title='bbox 69 3540 130 3591; x_wconf 60' lang='lat' dir='ltr'>am,</span> <span class='ocrx_word' id='word_1_451' title='bbox 148 3537 261 3591; x_wconf 45' lang='grc' dir='ltr'>Μία</span> <span class='ocrx_word' id='word_1_452' title='bbox 279 3539 412 3606; x_wconf 54' lang='lat' dir='ltr'>ommam</span> <span class='ocrx_word' id='word_1_453' title='bbox 427 3540 505 3590; x_wconf 61' lang='lat' dir='ltr'><em>vocat</em></span> <span class='ocrx_word' id='word_1_454' title='bbox 522 3536 721 3608; x_wconf 45' lang='lat' dir='ltr'>ergasterium,</span> <span class='ocrx_word' id='word_1_455' title='bbox 745 3535 818 3606; x_wconf 62' lang='lat' dir='ltr'><strong><em>quod</em></strong></span> <span class='ocrx_word' id='word_1_456' title='bbox 838 3550 887 3590; x_wconf 60' lang='lat'>,103</span> <span class='ocrx_word' id='word_1_457' title='bbox 940 3523 1018 3608; x_wconf 46' lang='lat' dir='ltr'>uota,</span> <span class='ocrx_word' id='word_1_458' title='bbox 1041 3519 1091 3600; x_wconf 69' lang='lat' dir='ltr'>quei</span> <span class='ocrx_word' id='word_1_459' title='bbox 1109 3517 1193 3587; x_wconf 84' lang='lat' dir='ltr'>pendo</span> <span class='ocrx_word' id='word_1_460' title='bbox 1215 3518 1311 3602; x_wconf 35' lang='lat' dir='ltr'>ultius·</span> <span class='ocrx_word' id='word_1_461' title='bbox 1322 3519 1429 3601; x_wconf 67' lang='lat' dir='ltr'>incipet,</span> <span class='ocrx_word' id='word_1_462' title='bbox 1451 3517 1500 3571; x_wconf 87' lang='lat' dir='ltr'>sed</span> <span class='ocrx_word' id='word_1_463' title='bbox 1511 3532 1547 3600; x_wconf 70' lang='lat' dir='ltr'>eac</span> <span class='ocrx_word' id='word_1_464' title='bbox 1560 3516 1658 3571; x_wconf 84' lang='lat' dir='ltr'>Latino</span> <span class='ocrx_word' id='word_1_465' title='bbox 1677 3519 1765 3596; x_wconf 76' lang='lat' dir='ltr'>cetere</span> 
     </span>
     <span class='ocr_line' id='line_1_38' title="bbox 72 3587 1766 3678; baseline -0.002 -35"><span class='ocrx_word' id='word_1_466' title='bbox 72 3607 259 3662; x_wconf 53' lang='lat' dir='ltr'>pagorum-um</span> <span class='ocrx_word' id='word_1_467' title='bbox 273 3609 452 3678; x_wconf 51' lang='lat' dir='ltr'>appellamus,</span> <span class='ocrx_word' id='word_1_468' title='bbox 942 3601 1137 3642; x_wconf 68' lang='lat' dir='ltr'>tunoneeorum</span> <span class='ocrx_word' id='word_1_469' title='bbox 1151 3587 1179 3643; x_wconf 89' lang='lat' dir='ltr'>S.</span> <span class='ocrx_word' id='word_1_470' title='bbox 1197 3590 1330 3642; x_wconf 80' lang='lat' dir='ltr'>bloreaeen</span> <span class='ocrx_word' id='word_1_471' title='bbox 1346 3605 1392 3642; x_wconf 83' lang='lat' dir='ltr'>um</span> <span class='ocrx_word' id='word_1_472' title='bbox 1403 3590 1482 3659; x_wconf 86' lang='lat' dir='ltr'>Loto,</span> <span class='ocrx_word' id='word_1_473' title='bbox 1498 3603 1547 3657; x_wconf 81' lang='lat' dir='ltr'>que</span> <span class='ocrx_word' id='word_1_474' title='bbox 1558 3602 1696 3656; x_wconf 85' lang='lat' dir='ltr'>nusquam</span> <span class='ocrx_word' id='word_1_475' title='bbox 1703 3600 1766 3656; x_wconf 67' lang='lat' dir='ltr'>jum</span> 
     </span>
    </p>
   </div>
   <div class='ocr_carea' id='block_1_14' title="bbox 102 3659 1284 3749">
    <p class='ocr_par' dir='ltr' id='par_1_14' title="bbox 102 3659 1284 3749">
     <span class='ocr_line' id='line_1_39' title="bbox 102 3659 1284 3749; baseline -0.006 -16"><span class='ocrx_word' id='word_1_476' title='bbox 102 3679 183 3733; x_wconf 71' lang='lat' dir='ltr'>venes</span> <span class='ocrx_word' id='word_1_477' title='bbox 215 3680 302 3746; x_wconf 72' lang='lat' dir='ltr'>sptem</span> <span class='ocrx_word' id='word_1_478' title='bbox 323 3679 393 3733; x_wconf 77' lang='lat' dir='ltr'>uuas</span> <span class='ocrx_word' id='word_1_479' title='bbox 419 3679 506 3746; x_wconf 70' lang='lat' dir='ltr'>ause</span> <span class='ocrx_word' id='word_1_480' title='bbox 529 3680 617 3749; x_wconf 73' lang='lat' dir='ltr'>opero</span> <span class='ocrx_word' id='word_1_481' title='bbox 640 3679 673 3733; x_wconf 69' lang='lat' dir='ltr'>ee</span> <span class='ocrx_word' id='word_1_482' title='bbox 700 3678 749 3733; x_wconf 80' lang='lat' dir='ltr'>ss,</span> <span class='ocrx_word' id='word_1_483' title='bbox 773 3678 842 3746; x_wconf 67' lang='lat' dir='ltr'>cyro</span> <span class='ocrx_word' id='word_1_484' title='bbox 862 3681 887 3732; x_wconf 82' lang='lat' dir='ltr'>ee</span> <span class='ocrx_word' id='word_1_485' title='bbox 946 3659 1284 3730; x_wconf 60' lang='lat' dir='ltr'>apparebamus.</span> 
     </span>
    </p>
   </div>
   <div class='ocr_carea' id='block_1_15' title="bbox 438 4028 1390 4299">
    <p class='ocr_par' dir='ltr' id='par_1_15' title="bbox 438 4028 1390 4299">
     <span class='ocr_line' id='line_1_40' title="bbox 688 4028 1149 4104; baseline -0.013 -2"><span class='ocrx_word' id='word_1_486' title='bbox 688 4030 889 4104; x_wconf 85' lang='lat' dir='ltr'>ursronm</span> <span class='ocrx_word' id='word_1_487' title='bbox 930 4028 1149 4100; x_wconf 80' lang='lat' dir='ltr'>uenenato</span> 
     </span>
     <span class='ocr_line' id='line_1_41' title="bbox 438 4188 1390 4299; baseline -0.007 0"><span class='ocrx_word' id='word_1_488' title='bbox 438 4190 528 4299; x_wconf 86' lang='lat' dir='ltr'>SS.</span> <span class='ocrx_word' id='word_1_489' title='bbox 575 4197 687 4297; x_wconf 87' lang='lat' dir='ltr'>llll.</span> <span class='ocrx_word' id='word_1_490' title='bbox 740 4193 894 4298; x_wconf 85' lang='lat' dir='ltr'><strong>CYRI</strong></span> <span class='ocrx_word' id='word_1_491' title='bbox 955 4195 1038 4294; x_wconf 79' lang='lat' dir='ltr'>ET</span> <span class='ocrx_word' id='word_1_492' title='bbox 1092 4188 1390 4295; x_wconf 86' lang='lat' dir='ltr'><strong>IOANNIS.</strong></span> 
     </span>
    </p>
   </div>
   <div class='ocr_carea' id='block_1_16' title="bbox 519 4383 1314 4445">
    <p class='ocr_par' dir='ltr' id='par_1_16' title="bbox 519 4383 1314 4445">
     <span class='ocr_line' id='line_1_42' title="bbox 519 4383 1314 4445; baseline -0.004 -2"><span class='ocrx_word' id='word_1_493' title='bbox 519 4389 748 4445; x_wconf 75' lang='lat' dir='ltr'>lnnnneaunn</span> <span class='ocrx_word' id='word_1_494' title='bbox 774 4385 984 4443; x_wconf 82' lang='lat' dir='ltr'><strong>ANASTASIO</strong></span> <span class='ocrx_word' id='word_1_495' title='bbox 1008 4383 1314 4440; x_wconf 77' lang='lat' dir='ltr'>ulbnlorllndnnlo.</span> 
     </span>
    </p>
   </div>
   <div class='ocr_carea' id='block_1_17' title="bbox 808 4539 1007 4550">
    <p class='ocr_par' dir='ltr' id='par_1_17' title="bbox 808 4539 1007 4550">
     <span class='ocr_line' id='line_1_43' title="bbox 808 4539 1007 4550; baseline -0.01 -1"><span class='ocrx_word' id='word_1_496' title='bbox 808 4539 1007 4550; x_wconf 63' lang='lat' dir='ltr'>-a-——nn—</span> 
     </span>
    </p>
   </div>
   <div class='ocr_carea' id='block_1_18' title="bbox 10 4664 1770 5457">
    <p class='ocr_par' dir='ltr' id='par_1_18' title="bbox 79 4664 1770 5278">
     <span class='ocr_line' id='line_1_44' title="bbox 110 4664 1766 4745; baseline -0.001 -16"><span class='ocrx_word' id='word_1_497' title='bbox 110 4664 125 4722; x_wconf 84' lang='lat'>3</span> <span class='ocrx_word' id='word_1_498' title='bbox 127 4709 176 4723; x_wconf 77' lang='grc'><strong>.....</strong></span> <span class='ocrx_word' id='word_1_499' title='bbox 191 4684 222 4726; x_wconf 86' lang='lat' dir='ltr'>re</span> <span class='ocrx_word' id='word_1_500' title='bbox 231 4670 351 4728; x_wconf 78' lang='lat' dir='ltr'>mInIme</span> <span class='ocrx_word' id='word_1_501' title='bbox 363 4671 510 4745; x_wconf 86' lang='lat' dir='ltr'>valuisset,</span> <span class='ocrx_word' id='word_1_502' title='bbox 524 4674 683 4744; x_wconf 80' lang='lat' dir='ltr'>paoIscItur</span> <span class='ocrx_word' id='word_1_503' title='bbox 692 4675 792 4731; x_wconf 88' lang='lat' dir='ltr'>dicens</span> <span class='ocrx_word' id='word_1_504' title='bbox 804 4688 834 4731; x_wconf 93' lang='lat' dir='ltr'>se</span> <span class='ocrx_word' id='word_1_505' title='bbox 847 4674 893 4731; x_wconf 91' lang='lat' dir='ltr'>de·</span> <span class='ocrx_word' id='word_1_506' title='bbox 907 4667 1433 4742; x_wconf 83' lang='lat' dir='ltr'>DdesIgnata,ergasteriumabsidam</span> <span class='ocrx_word' id='word_1_507' title='bbox 1444 4669 1766 4728; x_wconf 84' lang='lat' dir='ltr'>mimbilemdediearit.</span> 
     </span>
     <span class='ocr_line' id='line_1_45' title="bbox 84 4754 1769 4835; baseline 0.005 -26"><span class='ocrx_word' id='word_1_508' title='bbox 84 4754 207 4815; x_wconf 89' lang='lat' dir='ltr'>siderium</span> <span class='ocrx_word' id='word_1_509' title='bbox 224 4759 328 4816; x_wconf 89' lang='lat' dir='ltr'>babere</span> <span class='ocrx_word' id='word_1_510' title='bbox 341 4760 436 4817; x_wconf 90' lang='lat' dir='ltr'>tribus</span> <span class='ocrx_word' id='word_1_511' title='bbox 459 4763 558 4832; x_wconf 90' lang='lat' dir='ltr'>pueris</span> <span class='ocrx_word' id='word_1_512' title='bbox 576 4764 708 4820; x_wconf 85' lang='lat' dir='ltr'>eclesiam</span> <span class='ocrx_word' id='word_1_513' title='bbox 726 4763 890 4835; x_wconf 86' lang='lat' dir='ltr'>dedicandi,</span> <span class='ocrx_word' id='word_1_514' title='bbox 946 4761 1033 4815; x_wconf 89' lang='lat' dir='ltr'>Porro</span> <span class='ocrx_word' id='word_1_515' title='bbox 1057 4771 1092 4813; x_wconf 93' lang='lat' dir='ltr'>ne</span> <span class='ocrx_word' id='word_1_516' title='bbox 1111 4756 1234 4831; x_wconf 81' lang='lat' dir='ltr'>segnitia</span> <span class='ocrx_word' id='word_1_517' title='bbox 1249 4756 1318 4812; x_wconf 89' lang='lat' dir='ltr'>binc</span> <span class='ocrx_word' id='word_1_518' title='bbox 1336 4755 1416 4814; x_wconf 82' lang='lat' dir='ltr'>laeta</span> <span class='ocrx_word' id='word_1_519' title='bbox 1431 4761 1609 4817; x_wconf 88' lang='lat' dir='ltr'>transeamus</span> <span class='ocrx_word' id='word_1_520' title='bbox 1630 4760 1769 4817; x_wconf 87' lang='lat' dir='ltr'>utilitatis</span> 
     </span>
     <span class='ocr_line' id='line_1_46' title="bbox 82 4845 1768 4924; baseline 0.004 -24"><span class='ocrx_word' id='word_1_521' title='bbox 82 4845 236 4913; x_wconf 81' lang='lat' dir='ltr'>etinvenem</span> <span class='ocrx_word' id='word_1_522' title='bbox 255 4848 332 4904; x_wconf 91' lang='lat' dir='ltr'>bunc</span> <span class='ocrx_word' id='word_1_523' title='bbox 348 4849 420 4904; x_wconf 84' lang='lat' dir='ltr'>velle</span> <span class='ocrx_word' id='word_1_524' title='bbox 443 4850 484 4920; x_wconf 91' lang='lat' dir='ltr'>pii</span> <span class='ocrx_word' id='word_1_525' title='bbox 509 4852 605 4920; x_wconf 93' lang='lat' dir='ltr'>operis</span> <span class='ocrx_word' id='word_1_526' title='bbox 623 4851 683 4909; x_wconf 86' lang='lat' dir='ltr'>lore</span> <span class='ocrx_word' id='word_1_527' title='bbox 695 4853 890 4924; x_wconf 82' lang='lat' dir='ltr'>praepositum,</span> <span class='ocrx_word' id='word_1_528' title='bbox 948 4847 1152 4917; x_wconf 88' lang='lat' dir='ltr'>narrationem,</span> <span class='ocrx_word' id='word_1_529' title='bbox 1166 4846 1269 4916; x_wconf 86' lang='lat' dir='ltr'>juvene</span> <span class='ocrx_word' id='word_1_530' title='bbox 1284 4845 1436 4902; x_wconf 89' lang='lat' dir='ltr'>insistente</span> <span class='ocrx_word' id='word_1_531' title='bbox 1455 4849 1655 4919; x_wconf 79' lang='lat' dir='ltr'>cooperatione</span> <span class='ocrx_word' id='word_1_532' title='bbox 1668 4850 1768 4907; x_wconf 84' lang='lat' dir='ltr'>divina</span> 
     </span>
     <span class='ocr_line' id='line_1_47' title="bbox 82 4934 1770 5012; baseline 0.003 -24"><span class='ocrx_word' id='word_1_533' title='bbox 82 4945 127 5001; x_wconf 80' lang='lat' dir='ltr'>qno</span> <span class='ocrx_word' id='word_1_534' title='bbox 142 4934 292 5005; x_wconf 84' lang='lat' dir='ltr'>completo,</span> <span class='ocrx_word' id='word_1_535' title='bbox 311 4950 414 4993; x_wconf 89' lang='lat' dir='ltr'>rursus</span> <span class='ocrx_word' id='word_1_536' title='bbox 431 4938 621 5008; x_wconf 89' lang='lat' dir='ltr'>pollicebatur</span> <span class='ocrx_word' id='word_1_537' title='bbox 639 4955 702 4998; x_wconf 85' lang='lat' dir='ltr'>enm</span> <span class='ocrx_word' id='word_1_538' title='bbox 722 4943 891 5012; x_wconf 88' lang='lat' dir='ltr'>adepturum</span> <span class='ocrx_word' id='word_1_539' title='bbox 946 4950 1019 5006; x_wconf 90' lang='lat' dir='ltr'>opus</span> <span class='ocrx_word' id='word_1_540' title='bbox 1027 4938 1266 5003; x_wconf 87' lang='lat' dir='ltr'>consummatum,</span> <span class='ocrx_word' id='word_1_541' title='bbox 1277 4940 1305 4990; x_wconf 90' lang='lat' dir='ltr'>et</span> <span class='ocrx_word' id='word_1_542' title='bbox 1314 4934 1523 5004; x_wconf 88' lang='lat' dir='ltr'>amplissimum</span> <span class='ocrx_word' id='word_1_543' title='bbox 1534 4937 1670 5008; x_wconf 91' lang='lat' dir='ltr'>templum</span> <span class='ocrx_word' id='word_1_544' title='bbox 1681 4937 1770 4995; x_wconf 75' lang='lat' dir='ltr'>sdit-</span> 
     </span>
     <span class='ocr_line' id='line_1_48' title="bbox 81 5016 1768 5103; baseline 0.003 -27"><span class='ocrx_word' id='word_1_545' title='bbox 81 5016 130 5077; x_wconf 86' lang='lat' dir='ltr'>iore</span> <span class='ocrx_word' id='word_1_546' title='bbox 150 5023 326 5093; x_wconf 87' lang='lat' dir='ltr'>petitionem.</span> <span class='ocrx_word' id='word_1_547' title='bbox 351 5026 424 5098; x_wconf 86' lang='lat' dir='ltr'>Ergo</span> <span class='ocrx_word' id='word_1_548' title='bbox 445 5040 510 5084; x_wconf 89' lang='lat' dir='ltr'>eum</span> <span class='ocrx_word' id='word_1_549' title='bbox 536 5028 640 5085; x_wconf 89' lang='lat' dir='ltr'>babere</span> <span class='ocrx_word' id='word_1_550' title='bbox 658 5031 732 5101; x_wconf 89' lang='lat' dir='ltr'>apud</span> <span class='ocrx_word' id='word_1_551' title='bbox 756 5031 889 5103; x_wconf 86' lang='lat' dir='ltr'>boryziu.</span> <span class='ocrx_word' id='word_1_552' title='bbox 947 5030 1041 5081; x_wconf 90' lang='lat' dir='ltr'>catum</span> <span class='ocrx_word' id='word_1_553' title='bbox 1057 5031 1108 5081; x_wconf 87' lang='lat' dir='ltr'>est.</span> <span class='ocrx_word' id='word_1_554' title='bbox 1126 5024 1308 5091; x_wconf 80' lang='lat' dir='ltr'>biiipentibus</span> <span class='ocrx_word' id='word_1_555' title='bbox 1323 5024 1398 5079; x_wconf 89' lang='lat' dir='ltr'>enlm</span> <span class='ocrx_word' id='word_1_556' title='bbox 1411 5027 1555 5081; x_wconf 84' lang='lat' dir='ltr'>bominum</span> <span class='ocrx_word' id='word_1_557' title='bbox 1572 5029 1663 5081; x_wconf 83' lang='lat' dir='ltr'>omnia</span> <span class='ocrx_word' id='word_1_558' title='bbox 1677 5041 1768 5096; x_wconf 77' lang='lat' dir='ltr'>coepe</span> 
     </span>
     <span class='ocr_line' id='line_1_49' title="bbox 80 5109 1766 5190; baseline 0.002 -23"><span class='ocrx_word' id='word_1_559' title='bbox 80 5109 121 5178; x_wconf 82' lang='lat' dir='ltr'>qui</span> <span class='ocrx_word' id='word_1_560' title='bbox 135 5111 213 5168; x_wconf 87' lang='lat' dir='ltr'>Iocus</span> <span class='ocrx_word' id='word_1_561' title='bbox 230 5117 274 5167; x_wconf 86' lang='lat' dir='ltr'>est</span> <span class='ocrx_word' id='word_1_562' title='bbox 289 5113 329 5168; x_wconf 87' lang='lat' dir='ltr'>ita</span> <span class='ocrx_word' id='word_1_563' title='bbox 349 5114 501 5186; x_wconf 82' lang='lat' dir='ltr'>vocitatus,</span> <span class='ocrx_word' id='word_1_564' title='bbox 523 5119 716 5188; x_wconf 82' lang='lat' dir='ltr'>gerocomium</span> <span class='ocrx_word' id='word_1_565' title='bbox 734 5120 893 5190; x_wconf 76' lang='lat' dir='ltr'>deindeque</span> <span class='ocrx_word' id='word_1_566' title='bbox 947 5120 1047 5170; x_wconf 86' lang='lat' dir='ltr'>rantur</span> <span class='ocrx_word' id='word_1_567' title='bbox 1060 5117 1090 5168; x_wconf 87' lang='lat' dir='ltr'>in</span> <span class='ocrx_word' id='word_1_568' title='bbox 1103 5114 1211 5176; x_wconf 85' lang='lat' dir='ltr'>bonum,</span> <span class='ocrx_word' id='word_1_569' title='bbox 1226 5114 1366 5169; x_wconf 83' lang='lat' dir='ltr'>dicentem</span> <span class='ocrx_word' id='word_1_570' title='bbox 1383 5115 1628 5185; x_wconf 84' lang='lat' dir='ltr'>sapientissimum</span> <span class='ocrx_word' id='word_1_571' title='bbox 1648 5115 1766 5171; x_wconf 87' lang='lat' dir='ltr'>Paulum</span> 
     </span>
     <span class='ocr_line' id='line_1_50' title="bbox 79 5197 1768 5278; baseline 0.005 -28"><span class='ocrx_word' id='word_1_572' title='bbox 79 5197 241 5268; x_wconf 86' lang='lat' dir='ltr'>adjacentem</span> <span class='ocrx_word' id='word_1_573' title='bbox 256 5202 417 5273; x_wconf 88' lang='lat' dir='ltr'>gerocomio</span> <span class='ocrx_word' id='word_1_574' title='bbox 430 5204 525 5261; x_wconf 89' lang='lat' dir='ltr'>aulam</span> <span class='ocrx_word' id='word_1_575' title='bbox 539 5206 666 5277; x_wconf 90' lang='lat' dir='ltr'>emisset,</span> <span class='ocrx_word' id='word_1_576' title='bbox 682 5207 710 5263; x_wconf 89' lang='lat' dir='ltr'>in</span> <span class='ocrx_word' id='word_1_577' title='bbox 725 5208 808 5278; x_wconf 86' lang='lat' dir='ltr'>cujus</span> <span class='ocrx_word' id='word_1_578' title='bbox 821 5208 894 5265; x_wconf 78' lang='lat' dir='ltr'>aulae</span> <span class='ocrx_word' id='word_1_579' title='bbox 948 5205 1092 5261; x_wconf 90' lang='lat' dir='ltr'>audimus.</span> <span class='ocrx_word' id='word_1_580' title='bbox 1107 5203 1364 5276; x_wconf 86' lang='lat' dir='ltr'>lglturgeroeomio</span> <span class='ocrx_word' id='word_1_581' title='bbox 1373 5209 1479 5274; x_wconf 86' lang='lat' dir='ltr'>pariter</span> <span class='ocrx_word' id='word_1_582' title='bbox 1488 5213 1515 5263; x_wconf 91' lang='lat' dir='ltr'>et</span> <span class='ocrx_word' id='word_1_583' title='bbox 1523 5205 1684 5261; x_wconf 90' lang='lat' dir='ltr'>nosocomio</span> <span class='ocrx_word' id='word_1_584' title='bbox 1693 5217 1768 5260; x_wconf 91' lang='lat' dir='ltr'>sum·</span> 
     </span>
    </p>

    <p class='ocr_par' dir='ltr' id='par_1_19' title="bbox 10 5287 1766 5457">
     <span class='ocr_line' id='line_1_51' title="bbox 10 5287 1766 5363; baseline 0.002 -23"><span class='ocrx_word' id='word_1_585' title='bbox 10 5300 12 5305; x_wconf 93' lang='lat'>·</span> <span class='ocrx_word' id='word_1_586' title='bbox 78 5287 267 5344; x_wconf 88' lang='lat' dir='ltr'>mediosancti</span> <span class='ocrx_word' id='word_1_587' title='bbox 283 5291 480 5363; x_wconf 86' lang='lat' dir='ltr'>ergasterium,</span> <span class='ocrx_word' id='word_1_588' title='bbox 499 5293 527 5348; x_wconf 92' lang='lat' dir='ltr'>id</span> <span class='ocrx_word' id='word_1_589' title='bbox 548 5299 592 5351; x_wconf 88' lang='lat' dir='ltr'>est</span> <span class='ocrx_word' id='word_1_590' title='bbox 606 5295 687 5352; x_wconf 89' lang='lat' dir='ltr'>loeus</span> <span class='ocrx_word' id='word_1_591' title='bbox 701 5296 893 5359; x_wconf 82' lang='lat' dir='ltr'>medicinalis.</span> <span class='ocrx_word' id='word_1_592' title='bbox 950 5308 1014 5349; x_wconf 92' lang='lat' dir='ltr'>mus</span> <span class='ocrx_word' id='word_1_593' title='bbox 1032 5293 1164 5349; x_wconf 88' lang='lat' dir='ltr'>sacerdos</span> <span class='ocrx_word' id='word_1_594' title='bbox 1182 5293 1359 5361; x_wconf 83' lang='lat' dir='ltr'>constitutis,</span> <span class='ocrx_word' id='word_1_595' title='bbox 1380 5294 1501 5351; x_wconf 80' lang='lat' dir='ltr'>aoeemit</span> <span class='ocrx_word' id='word_1_596' title='bbox 1524 5291 1653 5348; x_wconf 89' lang='lat' dir='ltr'>abbatem</span> <span class='ocrx_word' id='word_1_597' title='bbox 1673 5292 1766 5347; x_wconf 90' lang='lat' dir='ltr'>virum</span> 
     </span>
     <span class='ocr_line' id='line_1_52' title="bbox 78 5372 1765 5457; baseline 0.002 -28"><span class='ocrx_word' id='word_1_598' title='bbox 78 5372 227 5433; x_wconf 87' lang='lat' dir='ltr'>labebatur</span> <span class='ocrx_word' id='word_1_599' title='bbox 245 5394 253 5447; x_wconf 88' lang='lat'>;</span> <span class='ocrx_word' id='word_1_600' title='bbox 268 5376 414 5435; x_wconf 86' lang='lat' dir='ltr'>destructa</span> <span class='ocrx_word' id='word_1_601' title='bbox 434 5379 511 5451; x_wconf 86' lang='lat' dir='ltr'>aula,</span> <span class='ocrx_word' id='word_1_602' title='bbox 531 5387 559 5438; x_wconf 87' lang='lat' dir='ltr'>et</span> <span class='ocrx_word' id='word_1_603' title='bbox 573 5384 608 5440; x_wconf 91' lang='lat' dir='ltr'>ad</span> <span class='ocrx_word' id='word_1_604' title='bbox 625 5383 752 5441; x_wconf 80' lang='lat' dir='ltr'>ecclesiae</span> <span class='ocrx_word' id='word_1_605' title='bbox 771 5385 894 5456; x_wconf 89' lang='lat' dir='ltr'>speciem</span> <span class='ocrx_word' id='word_1_606' title='bbox 948 5380 1128 5457; x_wconf 80' lang='lat' dir='ltr'>praeclarum,</span> <span class='ocrx_word' id='word_1_607' title='bbox 1154 5379 1231 5437; x_wconf 91' lang='lat' dir='ltr'>sicut</span> <span class='ocrx_word' id='word_1_608' title='bbox 1251 5385 1346 5438; x_wconf 89' lang='lat' dir='ltr'>certus</span> <span class='ocrx_word' id='word_1_609' title='bbox 1367 5394 1441 5453; x_wconf 89' lang='lat' dir='ltr'>sum,</span> <span class='ocrx_word' id='word_1_610' title='bbox 1452 5386 1480 5437; x_wconf 92' lang='lat' dir='ltr'>et</span> <span class='ocrx_word' id='word_1_611' title='bbox 1500 5378 1535 5436; x_wconf 89' lang='lat' dir='ltr'>ad</span> <span class='ocrx_word' id='word_1_612' title='bbox 1555 5377 1765 5448; x_wconf 87' lang='lat' dir='ltr'>beneplacitum</span> 
     </span>
    </p>
   </div>
   <div class='ocr_carea' id='block_1_19' title="bbox 0 0 1942 6085">
    <p class='ocr_par' dir='ltr' id='par_1_20' title="bbox 0 0 1942 6085">
     <span class='ocr_line' id='line_1_53' title="bbox 0 0 1942 6085; baseline 0 0"><span class='ocrx_word' id='word_1_613' title='bbox 0 0 1942 6085; x_wconf 95' lang='lat' dir='ltr'> </span> 
     </span>
    </p>
   </div>
  </div>
 </body>
</html>
