3876 6090
179 258 234 322 tia

796 260 976 320 anastasii
1001 261 1274 320 nlbtlenauctltlt
1836 260 1885 321 leo

174 382 288 455 fulgens
310 379 530 452 religiosissima
551 379 719 450 imperatrix
734 378 924 451 subscripsit,
945 380 1001 436 da-
1016 377 1046 438 A
1062 381 1150 435 themo
1164 383 1218 435 sit!
1244 378 1324 450 (dol.
1338 382 1377 452 l.)
1390 379 1441 437 llis
1464 380 1505 436 ita
1523 393 1554 437 se
1573 379 1747 437 habentibus
1769 383 1801 436 et
1822 396 1889 452 pro-

176 471 281 543 batque
294 470 381 526 simnl
395 469 526 542 regnanti
548 469 618 537 illio,
636 474 703 526 utet
719 470 780 541 ipse
796 469 999 527 subscriberet.

175 561 256 634 Quod
271 561 321 616 nbi
346 558 464 630 iactum,
491 559 604 616 reddita
622 565 666 616 est
688 559 858 630 patriarchae
871 558 1002 615 delinitio

176 665 226 724 per
240 650 419 707 stamacium
430 649 647 706 celeberrimum
666 650 819 721 patricium
833 654 862 706 et
871 648 1005 721 logothe-

177 742 257 798 tham
274 739 379 797 dromi.

213 831 343 901 Tumque
358 829 489 886 unanimi
499 842 641 886 consensu
651 842 749 886 omnes
759 828 887 899 episcopi
903 828 944 885 ita
954 827 1006 883 im·

178 919 360 992 peratoribus
370 919 574 976 acclamarunt.

212 1009 295 1066 Multi
312 1010 380 1065 anni
408 1009 631 1079 imperatoruml
657 1008 845 1065 Constantino
871 1012 899 1063 et
919 1009 1006 1062 lrenae

177 1099 261 1156 matri
278 1100 342 1170 elus
362 1098 446 1155 multi
466 1098 553 1155 annil
580 1098 755 1155 Ortbodoais
781 1096 1005 1168 imperatoribus

178 1189 262 1245 multi
274 1188 359 1244 annil
386 1187 552 1244 Victoribus
577 1187 800 1258 imperatoribus
816 1186 899 1243 multi
915 1184 1003 1241 annil

178 1275 1005 1348 Paride-isimperatoribnsmultiannilNovoConstantino

63 1392 65 1396 ’
178 1375 206 1427 et
219 1383 296 1426 nore
316 1368 427 1423 Helenae
448 1373 552 1424 eterna
579 1366 734 1423 memorial
757 1368 831 1423 Deus
852 1365 1004 1435 imperium

179 1459 307 1530 ipsorum
323 1457 489 1514 conserenti
505 1458 647 1526 Paramm,
663 1457 793 1527 Domine,
808 1456 897 1538 ritarn
914 1453 1004 1524 ipsisl

146 1589 151 1600 .
179 1548 328 1619 Perduret,
340 1546 471 1618 Domine,
482 1546 610 1617 ipsorum
620 1545 773 1616 imperium
786 1544 792 1599 l
804 1544 933 1602 Caelestis
947 1557 1005 1615 rea,

180 1642 260 1694 tuere
278 1640 428 1692 terrestres
442 1635 448 1690 l

1063 472 1246 543 testantibus,
1256 471 1431 528 exsultantes
1441 471 1469 527 in
1478 470 1606 528 eissieut
1615 471 1666 542 qui
1676 471 1791 528 invenit
1800 472 1889 542 spolia

1064 562 1164 634 multa,
1189 561 1304 619 divinos
1323 575 1445 618 canones
1467 561 1709 632 amplectabiliter
1724 561 1755 618 in
1782 567 1889 632 pectore

1064 652 1257 722 recondimus,
1279 657 1307 708 et
1333 651 1472 725 integram
1488 651 1607 709 illorum
1627 651 1850 723 praeceptionem
1860 665 1890 708 ac

1064 741 1240 798 immobilem
1263 747 1409 800 tenemus:
1427 747 1484 799 tarn
1510 742 1623 799 scilicet
1644 741 1765 798 illorum
1793 741 1844 812 qui
1857 741 1890 797 ab

1063 830 1890 903 almisetlaudabilissimisapostolissanctispritustubis

1063 922 1136 979 editi
1147 928 1223 993 sunt,
1241 935 1325 995 quam
1344 936 1442 980 eorum
1455 923 1506 993 qui
1521 935 1538 978 a
1552 936 1602 979 sex
1614 920 1765 978 sanctiset
1775 921 1892 977 unirer-

1064 1012 1175 1067 salibus
1189 1012 1316 1084 synodis,
1326 1018 1411 1084 atque
1420 1013 1466 1068 bis
1474 1012 1609 1068 conciliis
1621 1027 1685 1083 quae
1696 1010 1830 1067 localiter
1840 1009 1890 1066 col-

1064 1100 1137 1157 lecta
1152 1106 1228 1172 sunt,
1244 1102 1274 1157 ln
1289 1102 1496 1173 expositionem
1521 1101 1687 1171 hujusmodi
1712 1100 1890 1156 decretorum

1065 1191 1238 1263 promulgati
1250 1197 1334 1247 sunt:
1353 1204 1459 1247 necnon
1474 1197 1500 1246 et
1517 1205 1615 1247 eorum
1633 1190 1684 1262 qui
1697 1203 1714 1246 a
1726 1190 1837 1246 sanetis
1849 1190 1892 1244 Pa·

1064 1279 1160 1336 tribus
1172 1282 1279 1337 nostris
1295 1280 1397 1350 prolati
1414 1280 1504 1337 luisse
1519 1280 1685 1350 probantur.
1696 1278 1740 1335 Ab
1752 1279 1892 1336 unoenim

1064 1372 1220 1441 eodemque
1234 1370 1341 1441 spiritu
1363 1369 1501 1426 illustrati
1516 1369 1692 1425 definierunt
1716 1382 1783 1440 que
1806 1381 1892 1438 expo-

1065 1461 1160 1517 diunt.
1176 1460 1210 1515 Et
1233 1459 1349 1531 quidem
1363 1474 1434 1531 quos
1444 1459 1617 1515 anathemati
1634 1458 1850 1527 transmittunt,
1866 1463 1891 1513 et

1067 1563 1119 1607 nos
1132 1550 1408 1606 anathematizamus
1425 1563 1498 1620 qnos
1511 1562 1575 1605 vero
1598 1548 1789 1619 depositioni,
1801 1552 1831 1603 et
1843 1561 1891 1604 nos

1065 1640 1254 1710 deponimus:
1272 1652 1345 1711 quos
1359 1644 1453 1695 autem
1474 1638 1677 1711 segregationi,
1692 1643 1721 1695 et
1736 1651 1790 1695 nos
1809 1650 1894 1710 segre

215 1727 250 1781 Et
262 1729 326 1796 post
351 1724 461 1782 inustas
475 1724 695 1781 acclamationes
710 1727 905 1795 praeceperunt
915 1722 1009 1794 impe-
1025 1705 1053 1772 Β
1067 1744 1176 1804 gamus.
1188 1731 1276 1787 Porro
1287 1743 1359 1802 quos
1369 1729 1500 1799 epitimio
1516 1726 1592 1800 b,id
1607 1731 1651 1785 est
1661 1741 1753 1798 poenae
1769 1729 1892 1798 tradunt,

182 1819 303 1886 ratores,
318 1815 474 1871 utPatrum
497 1814 645 1871 sententiae
661 1812 834 1886 legerentur,
850 1825 883 1867 ex
898 1811 936 1868 iis
947 1824 1009 1883 qnae

181 1903 212 1961 in
226 1904 341 1960 Nicaena
354 1904 504 1974 metropoli
517 1904 643 1960 recitatae
657 1903 767 1973 pridem
778 1907 871 1974 erant,
881 1907 909 1957 et
918 1914 1010 1973 expo-

181 1993 244 2051 sitae
263 1998 330 2050 sunt
345 1995 458 2051 actione
472 2000 590 2066 quarta:
613 1994 730 2063 hocest,
751 1993 871 2050 loannis
882 1991 1011 2062 Chryso-

181 2083 268 2140 stomi
281 2083 309 2138 in
330 2083 477 2140 Meletium
492 2082 657 2154 episcopum
669 2082 891 2153 Antiochenum,
901 2079 1008 2136 nsterii

182 2172 312 2245 episcopi
323 2172 445 2229 Amasim
459 2172 489 2228 in
506 2172 693 2242 Euphemiam
712 2177 875 2243 martyrem,
893 2169 1010 2227 loannis

183 2262 313 2335 episcopi
328 2261 593 2318 Thessalonicensis
605 2275 639 2317 er
655 2260 836 2317 sermonibus
849 2259 885 2316 ab
898 2273 930 2316 eo
943 2259 1012 2315 sori-

184 2352 242 2424 ptis
250 2357 348 2408 contra
360 2349 498 2423 gentiles,
509 2350 599 2406 sancti
611 2349 759 2420 Symeonis
769 2348 878 2420 Stylitae
889 2346 1012 2418 epistola

183 2440 217 2497 ad
228 2439 373 2496 lustinum
384 2439 594 2508 imperatorem,
608 2436 1012 2507 beatiNilisolitariiepistola

183 2529 218 2586 ad
238 2527 472 2598 Olympiodorum
490 2524 663 2596 praelectum.
687 2528 727 2581 Ex
738 2525 898 2582 canonibus
908 2529 1013 2581 sancte

184 2620 212 2673 et
227 2613 410 2672 oecumenicae
426 2614 527 2685 synodi
539 2618 625 2670 senta
639 2620 725 2684 capnt
743 2614 949 2686 octogesimum
964 2627 1013 2670 se-

183 2705 322 2762 eundum.

219 2792 331 2864 Quibus
342 2791 425 2848 lectis
436 2791 583 2849 etauditis
592 2795 653 2849 tum
664 2790 700 2846 ab
709 2791 792 2863 ipsis,
804 2795 865 2847 tum
877 2790 912 2847 ab
924 2792 1013 2848 encel-

185 2882 359 2940 lentissimls
375 2882 568 2953 principibus,
579 2882 746 2953 Christique
761 2887 876 2938 amante
896 2881 1011 2952 populo,

183 2971 348 3041 compuncti
373 2984 471 3027 omnes
490 2970 576 3027 corde
599 2970 804 3042 acquieverunt
827 2970 952 3027 veritati.
979 2970 1014 3026 Et

1067 1825 1095 1876 et
1105 1833 1156 1876 nos
1166 1818 1377 1890 quoquesimili
1390 1818 1688 1875 modosubmittimus.
1697 1817 1767 1873 Sine
1776 1817 1893 1874 avaritia

1069 1923 1191 1981 namque
1215 1909 1274 1965 sint
1297 1923 1400 1981 mores,
1423 1909 1550 1966 contenti
1572 1907 1777 1978 presentibus,
1793 1909 1894 1967 Paulus

1068 2005 1165 2071 aperte
1179 1998 1282 2055 clamat
1310 1998 1428 2055 divinus
1451 1998 1608 2072 apostolus,
1646 1997 1696 2069 qui
1724 1997 1755 2054 ln
1780 1998 1893 2054 tertium

1069 2087 1893 2160 emtumaseendit,etaudivttinedabtliarerba(flete.xrrp

1463 2197 1496 2251 ll.

1070 2303 1147 2370 Quod
1160 2307 1282 2375 oporteat
1298 2303 1510 2359 consecrandum
1524 2305 1679 2374 episcopum
1687 2306 1769 2358 eorrte
1774 2302 1894 2373 polliceri

1106 2391 1221 2431 conones
1240 2391 1368 2441 seraoreg
1390 2377 1434 2431 sin
1448 2381 1549 2438 autem,
1568 2377 1680 2430 minime
1698 2376 1864 2430 commori.

1106 2482 1245 2552 Quoniam
1260 2483 1413 2554 psallentes
1427 2482 1657 2555 repromittimus
1671 2485 1748 2541 lieo:
1770 2483 1895 2553 injucti-

1071 2574 1243 2645 {teotiocibus
1262 2576 1317 2627 tais
1340 2574 1501 2638 meditabor,
1526 2589 1580 2629 aon
1595 2574 1745 2628 obliviscor
1766 2587 1895 2628 semones

1072 2667 1131 2718 tuos
1146 2663 1234 2733 (Psoi.
1250 2663 1375 2733 cartul:
1392 2677 1490 2720 omnes
1509 2663 1626 2734 quidem
1650 2661 1836 2719 Christianos
1849 2661 1894 2718 bor

1072 2766 1184 2809 serrare
1204 2752 1425 2810 saluberrimum
1439 2757 1501 2823 est3
1531 2754 1579 2809 sed
1605 2752 1751 2823 precipue
1775 2750 1830 2808 bos
1852 2751 1894 2823 qui

1072 2843 1282 2899 hierarchicam
1309 2844 1457 2901 consecuti
1483 2841 1592 2899 tuerint
1614 2840 1800 2914 dignitatem.
1825 2841 1896 2897 Unda

1072 2931 1235 3002 delinimus,
1255 2931 1429 3003 omnemqui
1452 2933 1487 2989 ad
1507 2932 1688 3002 episcopatus
1703 2929 1896 3002 provehendus

184 3076 286 3118 rursus
296 3063 353 3118 Deo
363 3061 501 3118 amabiles
511 3063 639 3134 episcopi
650 3061 846 3118 acclamarunt
862 3076 925 3133 quae
935 3062 1014 3118 dece
1032 3024 1115 3102 Uest
1127 3022 1256 3092 gmdum‘
1272 3021 1365 3078 ”mdis
1377 3021 1513 3078 munibus
1524 3020 1693 3092 psalterium
1710 3033 1814 3093 ³⁰⁵⁵⁸3
1827 3024 1896 3076 um

184 3150 1013 3223 batcummultitudinepopuliPlenaenimeratpraedicta

183 3242 286 3299 domus
301 3240 379 3312 regia
398 3254 540 3298 concursu
570 3241 737 3299 bominum:
760 3247 818 3299 tota
842 3242 1016 3314 qnippead-

184 3336 246 3387 erat
258 3329 362 3386 civitas
383 3344 449 3387 cum
464 3331 618 3388 ordinibus
634 3332 779 3390 militum:
795 3346 828 3389 ao
843 3334 879 3390 de
897 3331 1015 3389 sedibus

185 3423 382 3476 surrexerunt.
404 3419 459 3489 Qui
486 3420 573 3476 etiam
595 3423 652 3477 Deo
674 3422 795 3494 gloriam
822 3422 973 3487 dederunt,
988 3425 1016 3476 et

185 3509 377 3584 gaudentesei
388 3510 497 3582 gratias
507 3515 637 3583 egerunt,
648 3512 696 3567 eui
706 3512 749 3569 sie
758 3510 897 3582 placitum
908 3515 960 3567 est.

273 3722 277 3727 ³
309 3649 511 3706 canonas
537 3646 874 3706 nccnnsrtnmn·

366 3767 537 3811 reemendari
560 3767 595 3810 tlt
616 3768 707 3810 EADEU
724 3768 827 3811 sibotto

610 3879 632 3933 1.

222 3985 299 4051 Quod
309 3982 511 4054 oportelsocros
527 3997 701 4054 cononesper
711 3984 977 4040 omoiooorrseruore.

221 4073 272 4129 llis
283 4071 333 4144 qui
342 4083 451 4127 sacram
470 4070 567 4127 sortiti
579 4071 837 4145 suntdignitatem,
849 4073 1014 4130 testimonia

186 4167 215 4220 et
237 4160 413 4217 directiones
434 4159 638 4216 canonicarum
670 4161 891 4231 praeceptionum
917 4160 1014 4219 tormae

187 4250 362 4307 consistunt.
373 4248 449 4318 Quas
460 4247 794 4319 libentersuscipientes,
806 4249 1015 4322 cumdeiloquo

186 4338 276 4396 David
292 4338 425 4395 canimus
437 4337 472 4394 ad
490 4338 645 4394 Dominum
655 4339 744 4393 Deum
760 4337 905 4394 dicentes:
922 4341 955 4394 ln
968 4341 1015 4394 oio

187 4431 402 4486 testimoniorum
423 4433 531 4483 tuorum
546 4428 694 4482 delectatos
707 4443 777 4492 sum,
793 4430 864 4484 sierd
874 4431 904 4484 in
924 4432 1017 4485 omni-

188 4519 237 4574 bus
248 4519 364 4573 divitiis.
386 4519 421 4571 nt
440 4516 581 4571 mandasti
586 4516 728 4583 justitiam
743 4518 897 4572 testimonio
916 4522 964 4573 tuo
985 4521 1016 4574 in

187 4611 326 4662 atomum.
338 4606 507 4662 Intellectum
515 4604 552 4658 du
562 4604 640 4667 mili,
653 4608 679 4658 et
688 4607 796 4677 vivifico
804 4622 846 4661 me
857 4602 900 4681 [et
909 4604 1014 4682 oleam]

187 4693 201 4766 (
208 4695 281 4750 Psol.
295 4707 381 4749 carm
390 4695 413 4765 ).
432 4692 502 4749 Etsi
516 4692 546 4748 in
557 4696 695 4749 eternum
706 4694 871 4766 prophetica
879 4709 932 4752 ron
941 4709 1017 4752 man·

187 4781 237 4840 dat
250 4781 334 4838 nobis
346 4781 494 4838 custodire
507 4780 672 4838 testimonia
681 4782 743 4855 Dei,
758 4789 787 4840 et
796 4784 890 4841 virere
899 4784 931 4841 in
943 4784 1014 4856 illis,

189 4869 363 4927 immutilata
378 4865 455 4943 [Gr.,
480 4868 667 4947 inconcussa]
698 4871 824 4943 protecto
848 4879 875 4930 et
899 4874 1016 4930 immota

188 4962 363 5031 permanent.
380 4960 414 5015 sst
437 4960 506 5030 quia
529 4960 608 5033 lde,
637 4961 706 5033 quia
729 4961 775 5034 et]
796 4962 847 5019 Dei
873 4962 1016 5033 inspector

188 5049 297 5118 Moyses
313 5046 353 5102 ita
369 5046 460 5103 dixit:
487 5052 520 5105 ln
539 5051 597 5104 illis
618 5065 672 5104 nort
684 5054 724 5105 cst
747 5051 916 5114 addendum,
936 5055 962 5106 et
981 5052 1015 5106 ob

1073 3110 1127 3167 boc
1138 3110 1223 3167 etiam
1239 3111 1334 3167 omnis
1344 3110 1468 3167 clericus
1482 3111 1532 3182 qui
1549 3110 1602 3167 snb
1616 3108 1762 3182 coluerit,
1781 3111 1824 3166 lta
1839 3122 1896 3164 mo-

1073 3205 1217 3258 neatnret
1242 3200 1398 3257 imbuatur.
1426 3200 1594 3271 inquiratur
1614 3204 1712 3256 autem
1744 3199 1894 3272 diligenter

1073 3289 1295 3361 ametropolita,
1312 3289 1336 3346 si
1358 3290 1388 3346 in
1405 3296 1537 3361 promptu
1557 3288 1658 3346 babeat
1677 3287 1775 3362 legere
1790 3292 1897 3346 scruta·

1075 3380 1175 3437 biliter
1194 3387 1223 3437 et
1248 3394 1304 3437 non
1334 3379 1501 3437 transitorie
1524 3384 1581 3435 tam
1605 3392 1704 3437 sacros
1728 3392 1853 3436 maenas
1871 3381 1896 3432 ot

1076 3475 1205 3527 sanctum
1221 3470 1416 3543 Evangelium,
1433 3484 1518 3541 qnam
1535 3469 1628 3526 dirlni
1643 3468 1778 3540 Apostoli
1799 3468 1895 3526 librant

1074 3563 1103 3617 et
1126 3572 1236 3616 omnem
1261 3559 1389 3617 divinam
1413 3560 1609 3632 scripturam:
1636 3565 1725 3632 atque
1746 3559 1894 3618 secundun

1074 3649 1125 3706 Dei
1150 3650 1281 3707 mandata
1305 3650 1467 3707 conversari
1491 3655 1520 3706 et
1546 3651 1648 3707 dooere
1676 3650 1819 3722 populum
1845 3644 1892 3704 sibi

1075 3739 1270 3796 commissum.
1286 3739 1452 3797 Substantia
1465 3741 1542 3797 enim
1561 3740 1667 3798 summi
1683 3738 1839 3798 sacerdotii
1853 3749 1890 3794 no·

1075 3828 1128 3885 stri
1140 3834 1209 3884 suut
1232 3828 1347 3900 eloquia
1360 3830 1504 3887 diuinitus
1515 3829 1631 3902 tradita,
1648 3829 1677 3886 id
1693 3833 1739 3887 est
1753 3842 1819 3887 vera
1831 3823 1890 3883 Scri·

1075 3923 1225 3990 pturarum
1248 3917 1413 3975 divinarum
1446 3918 1613 3991 disciplina,
1644 3917 1889 3990 quemadmodum·

1074 4019 1195 4079 magnus
1210 4007 1341 4078 perhibet
1362 4008 1536 4080 Dionysius:
1551 4009 1626 4079 quod
1653 4008 1678 4065 si
1701 4001 1886 4080 disceptaverit

1076 4095 1155 4181 [Gr.,
1172 4095 1356 4169 hesitaverit,
1370 4102 1398 4153 et
1413 4111 1469 4154 non
1481 4099 1521 4154 ita
1532 4097 1623 4154 tacere
1635 4110 1668 4154 ac
1682 4097 1786 4155 docere
1805 4094 1883 4153 liben-
1929 4116 1933 4121 ·

1074 4187 1118 4242 ter
1131 4184 1269 4243 voluerit:
1284 4186 1334 4250 ot,
1348 4191 1376 4242 et
1390 4187 1431 4243 ita
1441 4187 1563 4244 libenter
1575 4187 1668 4244 lacere
1682 4193 1711 4244 et
1729 4181 1880 4245 docerem·
1926 4248 1931 4259 1

1075 4274 1151 4332 nime
1162 4273 1374 4352 spoponderitl,
1392 4273 1877 4335 nullatenusconsecretur.Attenia
1930 4290 1934 4351 .j

1035 4366 1242 4474 Dprophetice
1262 4368 1352 4423 Dens:
1373 4369 1413 4422 Ta
1433 4369 1576 4422 scientium
1598 4368 1737 4439 repulisti,
1757 4372 1782 4423 ct
1794 4377 1875 4436 cyrre-
1929 4373 1934 4439 y

1071 4456 1174 4526 pellam
1184 4459 1218 4518 te,
1230 4471 1263 4510 ne
1273 4457 1424 4512 sacerdotio
1437 4459 1567 4525 plagaris
1579 4457 1648 4511 mibi
1658 4455 1738 4526 (Osc.
1750 4469 1778 4512 rr
1785 4456 1807 4527 ).

1460 4565 1504 4619 lll.

1128 4670 1205 4737 Quod
1215 4686 1269 4725 non
1289 4675 1412 4741 oporteat
1421 4673 1559 4742 principes
1575 4671 1673 4740 eligere
1684 4674 1835 4743 episcopm

1110 4777 1210 4833 Omnis
1235 4776 1337 4833 electio
1359 4792 1375 4833 a
1401 4777 1584 4849 principibus
1606 4775 1681 4834 lacta
1701 4768 1872 4848 episcopiam

1076 4866 1233 4938 presbyteri
1246 4871 1295 4923 aut
1304 4866 1434 4943 diaconi.
1453 4867 1536 4923 irrita
1556 4871 1667 4923 maneat
1687 4867 1834 4925 secundum
1846 4868 1873 4913 tr
1917 4906 1933 4951 ς

1075 4957 1171 5029 gulam
1185 4956 1331 5028 quaedioit
1342 4955 1463 5025 (eonon.
1480 4961 1568 5026 apost,
1582 4955 1654 5028 30)²
1671 4957 1701 5013 Si
1719 4951 1874 5030 quiseptsrr
1922 4952 1933 4999 t

1075 5060 1129 5117 pus
1144 5045 1333 5103 sacularibus
1355 5045 1546 5118 potestatibus
1573 5061 1654 5116 usus,
1675 5047 1822 5104 ecclesiam
1840 5045 1874 5110 llll

187 5137 226 5192 eis
236 5140 340 5190 nonest
353 5136 536 5203 detornatam
548 5137 646 5207 (Dect.
661 5151 700 5194 rt.
714 5139 749 5194 Et
763 5139 881 5194 divinus
899 5144 1017 5210 aposto-
1076 5134 1154 5204 ipsos
1168 5136 1305 5208 obtineat,
1317 5136 1491 5207 deponatur:
1502 5140 1531 5192 et
1539 5141 1727 5210 segregentur
1740 5119 1876 5200 omnetttli
1920 5142 1934 5213 i

188 5224 235 5282 lus
250 5223 280 5280 in
292 5223 335 5280 eis
348 5222 490 5296 gloriatus
504 5225 608 5280 clamat
620 5243 627 5279 ι
640 5227 674 5280 ln
688 5240 768 5296 quem
795 5225 875 5297 [dr.,
889 5229 924 5282 ln
934 5225 1014 5305 quar]
1077 5218 1154 5298 lde,
1176 5229 1350 5297 segregetur,
1365 5231 1394 5282 et
1414 5238 1513 5282 omnes
1528 5222 1597 5300 qui]
1614 5225 1660 5282 illi
1675 5216 1875 5284 communicant
1923 5238 1934 5275 r

188 5313 346 5369 desiderant
364 5311 457 5380 angeli
466 5314 623 5383 prospicere
634 5312 668 5382 (l
685 5313 756 5368 Petr.
772 5314 870 5384 1).Et:
885 5314 916 5371 Si
927 5332 1017 5385 anye—
1075 5312 1192 5383 Oportet
1203 5313 1279 5369 enim
1296 5319 1329 5370 ut
1341 5313 1391 5386 qui
1413 5313 1665 5386 provehendusest
1680 5314 1712 5372 in
1724 5317 1878 5387 episcopum
1927 5342 1934 5397 ·}

189 5403 233 5458 lus
246 5403 473 5472 moagellzooerit
486 5401 562 5456 cobis
573 5402 920 5474 praterqoodacceptstis,
941 5421 1016 5461 αηα-
1073 5400 1262 5473 abepiscopis
1278 5402 1418 5475 eligatnr3
1432 5404 1704 5474 quemadmodnma
1723 5400 1882 5462 sanctisl‘t·
1927 5400 1934 5445 ἱ·

224 5522 236 5552 ·
254 5507 436 5564 Enrersione
450 5505 597 5564 Anastasli
613 5504 832 5565 bibliothecarii
845 5523 929 5580 qoam
949 5524 1014 5569 oon·
1108 5505 1338 5580 brEpitimium
1348 5514 1393 5567 est
1404 5522 1486 5581 poena
1506 5523 1568 5582 qnae
1601 5524 1633 5567 ro
1647 5511 1732 5569 modo
1753 5508 1848 5572 delicti
1860 5504 1883 5562 it

191 5579 313 5640 tulimus
327 5593 393 5638 cam
407 5578 506 5638 codice
518 5578 646 5651 lolyano.
1069 5580 1280 5644 observantiam
1293 5582 1390 5654 datur,
1410 5582 1452 5639 ait
1465 5581 1563 5641 Anaot.
1581 5524 1612 5640 ra
1624 5595 1649 5640 c.
1660 5582 1793 5656 lolyano.
