3876 6090
111 285 170 343 269

516 286 789 343 inanhahsahaio
807 285 932 342 SYNODI
950 285 996 340 vii
1016 283 1258 341 GENEllALlS.-
1270 286 1372 344 ACTIO
1390 291 1434 344 111.

1771 295 1825 355 9ῖο

143 412 315 469 stauracius
331 411 1075 484 sanctissimusepiscopuschalcedonensisAsunt,
1102 412 1218 468 intents:
1242 414 1346 470 mentis
1370 415 1462 471 visum
1492 417 1621 491 intigens,
1658 425 1827 490 peremnia

109 502 200 558 dixit:
213 502 308 557 lectis
319 501 427 557 litteris
440 503 614 558 sanctissimi
627 509 655 558 et
665 502 824 559 beatissimi
835 506 943 561 arehie

110 591 221 662 piscopi
234 596 263 646 et
288 589 469 661 patriarchae,
483 605 531 646 eas
554 606 616 662 qua
635 592 670 647 ab
685 592 842 649 Orientalis
866 593 944 658 die

112 693 207 736 caseos
231 679 355 735 summis
376 678 574 736 sacerdotibus
595 681 743 737 destinatas
764 688 841 752 sunt,
857 683 942 738 talem

113 754 316 840 proprietatem
333 767 437 823 habere
451 768 486 823 ad
501 769 567 825 illas
578 785 640 840 quae
656 774 723 826 sunt
737 771 943 827 constantino-

114 858 233 930 politani
249 845 399 928 pontilicis
411 856 546 928 arbitror,
562 864 593 914 ut
609 860 687 915 nulla
702 860 856 915 diversitas
869 861 944 918 inter

110 947 173 1004 illas
193 959 259 1002 esse
281 945 425 1016 videatur,
451 948 498 1003 sed
524 945 646 1016 perlecta
664 947 817 1003 identitas:
843 949 883 1006 ita
913 954 945 1007 ut

114 1049 201 1092 unum
218 1039 349 1106 uimque
361 1035 432 1106 sint,
446 1035 474 1090 id
488 1040 540 1104 est,
558 1035 647 1105 plenae
660 1037 736 1092 omni
761 1037 942 1096 orthodoxia.

112 1126 231 1193 Propter
251 1125 328 1194 quod
343 1128 372 1178 et
394 1137 445 1196 ego
469 1123 508 1179 ita
528 1125 674 1196 oondteor,
697 1131 726 1181 et
746 1125 856 1183 alienos
881 1141 945 1185 reor

114 1226 183 1281 esse,
196 1212 249 1282 qui
268 1213 308 1268 ita
324 1227 381 1270 non
397 1213 533 1269 sentiunt.

144 1321 328 1390 Nicephorus
362 1320 564 1377 sanctissimus
599 1322 751 1392 episcopus
792 1324 941 1394 Dyrrachii

115 1410 201 1466 dixit:
219 1409 382 1466 Destinatis
405 1409 441 1464 ab
464 1409 591 1466 Orientis
606 1411 726 1466 summis
748 1413 944 1470 sacerdotibus

115 1498 283 1555 orthodoxis
307 1497 414 1554 litteris
439 1497 473 1553 ad
496 1499 643 1555 tarasium
660 1500 873 1557 sanctissimum
899 1517 944 1573 pa·

114 1588 268 1645 triarcham
285 1587 427 1644 assentior
438 1593 466 1644 et
478 1588 629 1661 concordo,
643 1594 670 1645 et
682 1602 780 1645 eorum
796 1605 859 1662 que
871 1606 944 1648 con-

115 1676 176 1732 tessi
191 1679 263 1732 sunt
285 1675 491 1746 expositionem
505 1676 628 1748 recipio:
644 1682 672 1733 et
684 1691 733 1733 eos
751 1679 801 1751 qui
825 1679 865 1734 ita
887 1694 943 1737 non

115 1765 252 1835 sentiunt,
277 1763 496 1820 anathematizo.

146 1871 330 1942 Epiphanius
340 1873 398 1927 Deo
410 1870 544 1927 amabilis
566 1873 705 1929 diaconus
725 1874 945 1931 Ecclesiaecata-

116 1975 162 2029 ne,
184 1966 214 2015 et
239 1958 336 2015 locum
358 1965 457 2017 tenens
479 1961 592 2016 Thomas
613 1962 788 2017 sanctissimi
815 1962 942 2032 episcopi

116 2049 263 2117 Sardinia,
282 2049 375 2105 dixit:
391 2051 492 2106 Verum
519 2054 571 2121 est,
594 2050 662 2121 quia
687 2049 743 2106 tavi
758 2051 852 2106 mellis
875 2058 943 2108 sunt

117 2138 298 2194 rerbabona:
316 2138 439 2194 dulcedo
456 2141 550 2195 autem
574 2152 672 2194 corum
696 2139 805 2195 sanitas
828 2141 941 2210 animae,

118 2229 186 2284 sicut
199 2228 344 2298 scriptum
368 2225 511 2297 est(Proo.
537 2227 610 2300 xvi).
635 2228 801 2299 igiturecce
822 2235 850 2284 et
864 2244 946 2300 syno-

118 2317 180 2372 dica
192 2317 299 2373 litterae
313 2331 377 2387 qua
389 2316 471 2373 modo
487 2317 564 2372 lectae
577 2322 654 2387 sunt,
669 2317 845 2373 sanctissimi
861 2319 944 2391 regiae

119 2406 401 2476 constantinopoleos
421 2406 630 2475 archiepiscopi
650 2420 727 2462 novae
751 2408 855 2477 Romae,
873 2422 944 2478 quas

120 2497 147 2551 ad
175 2496 310 2552 Orientis
342 2494 600 2552 orthodoxissimos
631 2509 758 2551 summos
784 2497 945 2553 sacerdotes

121 2586 292 2655 transmisit:
317 2591 346 2642 et
370 2584 428 2640 illa:
452 2598 514 2655 quae
539 2584 575 2640 ab
600 2584 674 2654 ipsis
698 2585 842 2655 rescripta
866 2593 944 2658 sunt,

119 2673 187 2731 dulci
220 2689 255 2731 ac
280 2671 426 2730 odorifero
454 2671 515 2728 lavo
550 2672 616 2728 lidei
641 2678 805 2731 sanctorum
830 2675 945 2731 Patrum

120 2763 280 2835 edocentes,
307 2762 437 2819 omnium
463 2767 592 2817 nostrum
619 2761 820 2833 intelligibiles
845 2777 946 2820 sensus

121 2853 254 2909 suavitate
272 2852 448 2923 rigaverunt,
465 2855 493 2905 et
505 2850 601 2906 animo
621 2850 652 2906 in
674 2850 729 2906 tide
750 2851 946 2909 claudicantes

121 2941 228 2998 robusta
254 2939 409 2997 orthodoxi
441 2939 548 2994 virtute
579 2939 737 3011 magisterii
762 2947 943 2997 sanaverunt.

998 505 1161 555 sauctorum
1190 502 1304 556 Patrum
1340 506 1544 561 concordantes
1569 508 1735 566 orthodoxa:
1760 512 1826 569 lidei

1000 588 1210 656 perlectionem
1223 590 1365 660 cognovit.
1391 593 1512 664 ideoque
1524 608 1588 649 eum
1603 595 1664 650 illis
1689 597 1748 653 haec
1767 613 1827 656 sen-

1000 675 1084 745 tiens,
1099 676 1207 746 recipio
1218 683 1245 732 et
1260 678 1353 735 saluto
1371 693 1467 736 sacras
1479 687 1507 736 et
1524 682 1700 741 venerabiles
1714 686 1828 744 iconas:

1000 768 1027 817 et
1042 763 1190 820 manifeste
1203 780 1301 822 vocum
1317 768 1468 824 novitatem
1484 784 1548 841 quae
1570 770 1643 827 tacta
1659 779 1701 829 est
1716 776 1828 844 synodi,

1001 866 1063 922 quac
1076 854 1196 923 septima
1210 857 1386 913 susurrando
1399 858 1518 928 dicitur,
1544 872 1653 916 necnon
1666 867 1695 917 et
1714 876 1764 919 eos
1778 865 1829 936 qui

1000 954 1064 996 cum
1081 941 1130 997 illa
1144 943 1270 1013 sapiunt,
1287 945 1535 1004 anathematismis
1548 951 1721 1010 transmitto,

1034 1048 1205 1105 anastasius
1243 1051 1444 1109 sanctissimus
1477 1054 1629 1125 episcopus
1661 1058 1832 1129 Nicopoleos
1928 1124 1932 1128 ,

999 1137 1102 1193 veteris
1116 1138 1196 1207 Epiri
1210 1139 1301 1194 dixit:
1321 1140 1531 1199 concordantes
1549 1143 1665 1201 intuens
1681 1149 1832 1218 synodicas

1000 1225 1112 1282 litteras
1133 1228 1242 1283 Tarasii
1264 1230 1441 1286 sanctissimi
1456 1232 1636 1306 patriarcha,
1653 1240 1681 1290 et
1694 1237 1832 1309 rescripta

999 1327 1096 1370 earum
1112 1331 1175 1386 quaa
1189 1317 1225 1372 ab
1244 1316 1372 1374 Orientis
1392 1320 1514 1377 summis
1530 1322 1729 1382 sacerdotibus
1745 1325 1833 1383 missa

1000 1408 1077 1474 sunt,
1101 1405 1250 1461 consentio
1275 1406 1346 1474 illis,
1375 1412 1403 1463 et
1430 1409 1567 1466 confiteor
1597 1411 1637 1467 ita
1670 1426 1778 1483 sapere,
1803 1418 1832 1470 et

1000 1506 1090 1563 usque
1115 1494 1240 1550 inbnem
1268 1496 1410 1554 innocuus
1434 1513 1606 1569 permanere.
1622 1504 1657 1558 Et
1681 1503 1788 1573 recipio
1804 1507 1832 1560 et

999 1581 1093 1638 saluto
1106 1583 1283 1640 venerabiles
1301 1591 1329 1640 et
1351 1600 1446 1643 sacras
1463 1587 1577 1645 iconas:
1603 1591 1691 1663 etqui
1713 1592 1753 1648 ila
1775 1605 1831 1649 non

1000 1670 1127 1739 sapiunt,
1146 1673 1320 1730 anathemati
1342 1675 1491 1734 submitto.

1033 1777 1154 1833 loannes
1163 1780 1725 1854 sanctissimusepiscopusTauromeniae
1739 1787 1828 1844 dixit:
1861 1850 1866 1857 ,

998 1863 1079 1919 Sicut
1093 1879 1180 1921 unum
1195 1869 1349 1925 sentientes
1362 1873 1557 1944 convenimus,
1574 1875 1613 1929 ita
1635 1880 1663 1930 et
1678 1889 1768 1932 unum
1789 1876 1832 1932 di·

999 1966 1061 2007 cere
1073 1954 1241 2012 didicimus.
1253 1958 1499 2017 concordantibus
1511 1961 1601 2033 igitur
1612 1965 1759 2032 synodicis
1771 1965 1831 2035 api·

999 2041 1081 2096 cibus
1093 2042 1203 2100 Tarasii
1218 2047 1395 2102 sanctissimi
1410 2049 1590 2121 patriarchae,
1602 2051 1651 2121 qui
1666 2051 1732 2108 lecti
1749 2057 1827 2124 sunt,

1000 2129 1107 2199 quique
1120 2131 1256 2188 destinati
1272 2132 1389 2191 luerunt
1403 2131 1439 2190 ab
1451 2150 1483 2192 eo
1496 2137 1529 2192 ad
1544 2136 1672 2194 Orientis
1685 2140 1832 2197 sanctissi-

1000 2231 1061 2273 mos
1078 2220 1248 2291 sacerdotes,
1263 2227 1292 2277 et
1313 2223 1463 2295 rescriptis
1476 2240 1538 2295 qua:
1559 2226 1595 2281 ab
1609 2226 1671 2282 illis
1685 2228 1719 2282 ad
1736 2228 1831 2299 ipsum

999 2307 1143 2364 destinata
1156 2316 1225 2366 sunt
1237 2318 1341 2368 sancta:
1354 2319 1381 2368 et
1393 2313 1557 2370 orthodoxae
1582 2315 1647 2371 lidei
1659 2331 1707 2372 sex
1722 2318 1832 2374 univer·

1000 2394 1105 2452 salium
1128 2399 1312 2469 synodorum,
1340 2400 1380 2456 ita
1402 2406 1430 2456 et
1452 2416 1503 2473 ego
1528 2404 1612 2459 credo
1640 2406 1781 2475 recipiens
1805 2411 1833 2462 et

1000 2485 1122 2541 adorans
1147 2494 1260 2542 sancms
1275 2493 1303 2542 et
1317 2490 1493 2546 venerabiles
1509 2491 1664 2563 imagines:
1685 2499 1712 2548 et
1735 2494 1764 2548 in
1780 2494 1833 2550 hac

1000 2574 1158 2632 orthodoxa
1191 2575 1245 2631 lide
1279 2576 1377 2633 uirens
1400 2583 1467 2648 opto
1493 2584 1587 2635 astare
1610 2586 1676 2637 ante
1704 2581 1832 2639 tribunal

1000 2661 1108 2718 christi
1124 2677 1188 2719 cum
1203 2664 1323 2721 llducia:
1339 2667 1430 2738 etqui
1453 2667 1496 2723 sic
1520 2682 1577 2724 non
1604 2669 1743 2743 sentiunt,
1769 2684 1834 2728 ana·

1003 2750 1097 2806 thema
1110 2752 1183 2834 sint,

1036 2858 1192 2930 Gregorius
1204 2860 1405 2917 sanctissimus
1417 2861 1570 2934 episcopus
1583 2864 1831 2924 Pisinuntensium

1003 2945 1148 3002 similiter.

120 3027 292 3102 Quapropter
303 3036 331 3085 et
344 3043 395 3102 ego
408 3028 454 3084 his
468 3029 547 3099 paria
562 3028 686 3101 sapiens,
707 3029 827 3085 admitto
840 3036 868 3085 et
888 3045 945 3087 am·
961 3055 986 3119 C
1037 3034 1136 3092 Niceta
1149 3037 1350 3094 sanctissimus
1360 3039 1513 3111 episcopus
1524 3041 1742 3114 Claudiopoleos
1754 3044 1833 3102 simi·

121 3120 218 3190 plector
240 3118 419 3175 venerabiies
443 3117 582 3189 imagines
612 3118 768 3175 secundum
797 3119 946 3190 antiquam
1002 3123 1078 3181 liter.

120 3208 362 3266 cousuetudinem.
377 3207 412 3262 Et
435 3206 508 3263 illud
522 3207 712 3277 apostaticum
735 3222 830 3264 revera
855 3209 949 3265 conci·

120 3296 195 3370 lium,
211 3298 289 3370 quod
307 3296 425 3369 quidam
437 3295 523 3351 etiam
549 3295 709 3367 septimam,
734 3310 790 3352 non
801 3298 876 3367 jure,
898 3298 944 3353 sed

120 3386 292 3458 desipientes
304 3389 473 3455 nuncupant
491 3384 649 3456 synodum3
663 3398 771 3441 necnon
793 3391 821 3441 et
835 3386 947 3458 eosqui

121 3476 244 3547 idipsum
264 3475 393 3546 sapiunt,
409 3473 591 3531 terribilibus
606 3474 770 3531 transmitto
787 3474 948 3531 anathema-

120 3566 203 3623 tibus.

150 3657 203 3711 teo
226 3653 429 3711 sanctissimus
450 3652 622 3723 prepositus
646 3649 675 3709 et
701 3653 795 3710 locum
820 3653 946 3711 retinens

121 3744 305 3815 metropoleos
316 3742 390 3798 Sida:
400 3741 491 3798 dixit:
512 3741 610 3798 Gratia
631 3742 738 3798 christi
760 3743 818 3798 veri
835 3743 885 3799 Dei
900 3757 947 3799 no·

121 3833 180 3902 stri,
192 3831 348 3889 destinatis
360 3830 467 3886 litteris
479 3829 515 3885 ab
525 3829 652 3886 Orientis
663 3830 785 3886 summis
794 3831 947 3888 sacerdoti·

121 3920 216 3977 busad
239 3920 389 3976 Tarasium
406 3918 621 3975 sanctissimum
643 3918 890 3990 archiepiscopum
918 3925 947 3976 et

123 4010 318 4081 patriarcham,
341 4020 448 4079 annuo,
463 4012 491 4063 et
515 4020 679 4077 permaneo:
705 4013 733 4063 et
755 4022 803 4064 eos
828 4010 877 4080 qui
905 4010 946 4066 ita

123 4111 174 4154 non
188 4098 315 4168 sapiunt,
330 4096 504 4153 anathemati
519 4095 694 4152 transmitto.

154 4204 286 4261 Nicotaus
297 4202 551 4259 reverendissimus
561 4203 718 4259 monachus
728 4208 756 4259 et
768 4204 945 4276 hegumenus

125 4293 284 4350 monasterii
318 4291 400 4364 Apri,
433 4296 461 4347 et
490 4291 584 4349 locum
609 4291 736 4348 retinens
758 4294 945 4364 metropoleos

125 4382 317 4455 tyanensium,
334 4379 525 4453 promulgavit
548 4380 694 4437 similiter.

959 4421 986 4483 ll

1038 3213 1162 3270 Basilius
1176 3216 1376 3273 sanctissimus
1400 3218 1552 3289 episcopus
1575 3221 1658 3291 sylaei
1682 3222 1830 3280 similiter.

1037 3319 1157 3376 Michael
1177 3322 1379 3379 sanctissimus
1392 3324 1545 3395 episcopus
1563 3327 1771 3397 synadensium
1795 3330 1832 3386 si·

1003 3406 1120 3463 militer.

1037 3496 1201 3554 Theodorus
1223 3500 1424 3557 sanctissimus
1436 3501 1588 3573 episeopus
1605 3504 1779 3575 hlyrensium
1793 3506 1833 3563 sl·

1003 3584 1123 3641 militer,

1038 3676 1091 3730 Leo
1106 3676 1309 3734 sanctissimus
1333 3679 1485 3749 episcopus
1509 3681 1599 3737 iconii
1612 3681 1758 3740 similiter.

1037 3783 1092 3838 Leo
1104 3784 1306 3841 sanctissimus
1323 3786 1476 3857 episcopus
1488 3787 1581 3844 Rhodi
1595 3790 1740 3847 similiter.

1036 3890 1178 3962 Georgius
1202 3893 1403 3951 sanctissimus
1431 3895 1583 3966 episcopus
1611 3896 1728 3955 Pisidiae
1753 3899 1833 3955 simi-

1002 3977 1077 4034 liter.

1036 4086 1205 4144 Eustatbins
1217 4090 1419 4148 sanctissimus
1431 4091 1583 4163 episcopus
1596 4093 1740 4150 Laodiceae
1752 4094 1832 4152 simi.

1001 4174 1077 4231 liter.

1034 4284 1238 4343 constantinus
1247 4287 1448 4345 sanctissimus
1462 4288 1614 4360 episcopus
1632 4291 1726 4362 Pergae
1744 4290 1830 4347 simi-

1002 4371 1077 4428 liter.

157 4489 308 4561 Gregorius
346 4487 547 4544 sanctissimus
582 4488 735 4559 epyscopus
764 4491 946 4547 Ne00ae5ap1ae
1036 4479 1201 4537 Theodorus
1213 4482 1414 4539 sanctissimus
1428 4483 1581 4554 episcopus
1595 4483 1731 4540 Seleuciae
1751 4484 1832 4541 simi-

127 4574 208 4632 dixit:
223 4577 382 4633 Destinatis
394 4576 501 4632 litteris
514 4590 531 4632 a
551 4577 673 4633 summis
685 4578 882 4636 sacerdotibus
896 4589 945 4650 qui

129 4661 154 4718 iu
164 4664 276 4721 Oriente
289 4669 368 4734 sunt,
381 4664 415 4721 ad
435 4664 584 4721 Tarasium
600 4666 815 4723 sanctissimum
830 4669 950 4738 patriar·

129 4752 209 4824 eham,
222 4754 380 4826 consentio,
405 4757 432 4809 et
451 4753 582 4826 admitto,
603 4759 689 4826 atque
712 4755 806 4812 saluto
835 4763 948 4815 sanctas

131 4841 258 4917 imagines
276 4858 309 4901 ac
331 4842 508 4900 venerabiles
530 4843 644 4900 iconas:
672 4850 760 4902 etcos
772 4846 822 4918 qui
838 4847 878 4904 ita
891 4861 946 4905 non

131 4933 243 5007 sapiunt,
257 4932 433 4990 anathemati
459 4931 606 4989 submitto.

157 5042 317 5100 Theodorus
337 5040 538 5098 sanctissimus
562 5041 714 5112 episcopus
728 5044 839 5101 catana
852 5047 943 5104 dixit:

132 5128 174 5197 Oai
187 5132 303 5202 pietatis
317 5130 493 5187 meditantur
506 5130 631 5200 modum,
646 5132 693 5188 his
702 5134 803 5205 utique
815 5141 842 5191 et
852 5138 947 5194 ortho·

66 5278 68 5285 ,
133 5218 209 5278 deria
232 5235 326 5278 sermo
348 5217 478 5291 refulget.
503 5219 698 5289 competenter
723 5223 813 5295 igitur
834 5231 861 5282 et
885 5241 946 5284 mea

135 5305 240 5369 brevitas
252 5309 474 5368 lectissaerisac
486 5308 633 5379 synodicis
647 5309 753 5368 litteris
767 5316 944 5372 sanctissimi

136 5404 155 5451 et
173 5400 330 5459 beatissimi
354 5399 458 5471 regina:
490 5396 641 5454 civitatum
674 5403 779 5459 summi
813 5405 946 5474 presulis

136 5486 236 5564 tarasii,
252 5506 324 5564 quas
337 5490 371 5546 ad
384 5485 490 5558 eosqui
505 5484 535 5541 in
545 5486 661 5544 Oriente
673 5496 750 5563 sunt,
766 5495 942 5551 transmisit:

1003 4567 1080 4624 liter,

1037 4658 1264 4730 Theophylactus
1297 4664 1353 4719 Deo
1383 4662 1517 4719 amabilis
1548 4663 1688 4720 diaconus
1727 4667 1755 4720 et
1792 4665 1833 4720 ri-

1002 4747 1099 4803 carius
1112 4748 1401 4818 stauropolitensium
1422 4752 1610 4822 metropoleos
1628 4753 1774 4810 similiter.

1037 4854 1172 4911 Nicotaus
1182 4856 1382 4914 sanctissimus
1394 4859 1547 4930 episcopus
1558 4860 1742 4933 llierapoleos
1752 4861 1832 4918 simi·

1003 4943 1078 5000 liter.

1037 5035 1091 5089 Leo
1112 5033 1312 5090 sanctissimus
1335 5035 1488 5106 episcopus
1513 5038 1649 5110 carpathi
1681 5040 1828 5097 similiter.

1035 5140 1199 5197 Theodorus
1216 5142 1418 5200 sanctissimus
1440 5144 1592 5216 episcopus
1615 5148 1725 5206 limorii
1752 5147 1831 5203 simi-

1002 5229 1077 5285 liter.

1035 5320 1259 5391 christophorus
1269 5323 1471 5381 sanctissimus
1480 5325 1632 5397 episcopus
1646 5325 1780 5382 Phasidis
1793 5323 1830 5380 si-

1002 5409 1119 5465 militer.
1514 5433 1517 5436 ⁴

1035 5498 1465 5569 Cyrillusmonachusetlocum
1476 5497 1827 5573 tenemNicetaeepiscopi

138 5577 310 5641 nihilominus
329 5585 358 5638 ct
383 5577 507 5649 bisque
527 5574 618 5640 abeis
640 5577 676 5634 ad
701 5581 794 5652 ipsum
827 5581 943 5642 directae
1000 5585 1121 5660 Gothia,
1147 5587 1293 5647 similiter.
