<?xml version="1.0" encoding="UTF-8"?>
<!DOCTYPE html PUBLIC "-//W3C//DTD XHTML 1.0 Transitional//EN"
    "http://www.w3.org/TR/xhtml1/DTD/xhtml1-transitional.dtd">
<html xmlns="http://www.w3.org/1999/xhtml" xml:lang="en" lang="en">
 <head>
  <title>
</title>
<meta http-equiv="Content-Type" content="text/html;charset=utf-8" />
  <meta name='ocr-system' content='tesseract 3.04.00' />
  <meta name='ocr-capabilities' content='ocr_page ocr_carea ocr_par ocr_line ocrx_word'/>
</head>
<body>
  <div class='ocr_page' id='page_1' title='image "./patrologiaecurs06migngoog_0595.png"; bbox 0 0 3876 6090; ppageno 0'>
   <div class='ocr_carea' id='block_1_1' title="bbox 111 183 1815 281">
    <p class='ocr_par' dir='ltr' id='par_1_1' title="bbox 111 183 1815 281">
     <span class='ocr_line' id='line_1_1' title="bbox 111 183 1815 281; baseline -0.009 -1"><span class='ocrx_word' id='word_1_1' title='bbox 111 214 183 281; x_wconf 80' lang='lat' dir='ltr'><strong>rim</strong></span> <span class='ocrx_word' id='word_1_2' title='bbox 501 218 813 279; x_wconf 77' lang='lat' dir='ltr'><strong>aerumnosus.</strong></span> <span class='ocrx_word' id='word_1_3' title='bbox 834 207 1402 278; x_wconf 74' lang='lat' dir='ltr'><strong>nm-nucnmrmaummumm</strong></span> <span class='ocrx_word' id='word_1_4' title='bbox 1748 183 1815 264; x_wconf 78' lang='lat' dir='ltr'><strong>tim</strong></span> 
     </span>
    </p>
   </div>
   <div class='ocr_carea' id='block_1_2' title="bbox 87 329 1828 5597">
    <p class='ocr_par' dir='ltr' id='par_1_2' title="bbox 87 329 1828 5597">
     <span class='ocr_line' id='line_1_2' title="bbox 299 329 1814 415; baseline -0.012 -10"><span class='ocrx_word' id='word_1_5' title='bbox 299 376 303 383; x_wconf 94' lang='lat'><em>·</em></span> <span class='ocrx_word' id='word_1_6' title='bbox 327 349 423 407; x_wconf 78' lang='lat' dir='ltr'><strong>xxiii</strong></span> <span class='ocrx_word' id='word_1_7' title='bbox 450 350 480 408; x_wconf 76' lang='lat' dir='ltr'><strong>S·</strong></span> <span class='ocrx_word' id='word_1_8' title='bbox 509 350 720 408; x_wconf 64' lang='lat' dir='ltr'><strong>idliitiiiiieiis.</strong></span> <span class='ocrx_word' id='word_1_9' title='bbox 945 346 976 409; x_wconf 81' lang='grc' dir='ltr'><strong>Α</strong></span> <span class='ocrx_word' id='word_1_10' title='bbox 989 360 1044 403; x_wconf 90' lang='lat' dir='ltr'><strong>nus</strong></span> <span class='ocrx_word' id='word_1_11' title='bbox 1066 338 1210 415; x_wconf 82' lang='lat' dir='ltr'><strong>accusent,</strong></span> <span class='ocrx_word' id='word_1_12' title='bbox 1226 344 1284 402; x_wconf 89' lang='lat' dir='ltr'><strong>uisi</strong></span> <span class='ocrx_word' id='word_1_13' title='bbox 1308 347 1416 402; x_wconf 86' lang='lat' dir='ltr'><strong>arecia</strong></span> <span class='ocrx_word' id='word_1_14' title='bbox 1438 342 1494 401; x_wconf 82' lang='lat' dir='ltr'><strong>ide</strong></span> <span class='ocrx_word' id='word_1_15' title='bbox 1513 329 1774 404; x_wconf 69' lang='lat' dir='ltr'><strong>exorbitaveritis,</strong></span> <span class='ocrx_word' id='word_1_16' title='bbox 1787 347 1814 405; x_wconf 87' lang='lat' dir='ltr'><strong>q.</strong></span> 
     </span>
     <span class='ocr_line' id='line_1_3' title="bbox 357 427 1817 513; baseline -0.013 -15"><span class='ocrx_word' id='word_1_17' title='bbox 357 438 449 511; x_wconf 72' lang='lat' dir='ltr'><strong>(dumo</strong></span> <span class='ocrx_word' id='word_1_18' title='bbox 476 440 587 498; x_wconf 73' lang='lat' dir='ltr'><strong>curisti.</strong></span> <span class='ocrx_word' id='word_1_19' title='bbox 612 438 686 513; x_wconf 79' lang='grc'><strong>301.)</strong></span> <span class='ocrx_word' id='word_1_20' title='bbox 988 434 1016 495; x_wconf 71' lang='lat' dir='ltr'><strong>i.</strong></span> <span class='ocrx_word' id='word_1_21' title='bbox 1044 451 1069 494; x_wconf 89' lang='lat' dir='ltr'><strong>a.</strong></span> <span class='ocrx_word' id='word_1_22' title='bbox 1096 439 1129 493; x_wconf 88' lang='lat' dir='ltr'><strong>iu</strong></span> <span class='ocrx_word' id='word_1_23' title='bbox 1156 435 1315 508; x_wconf 80' lang='lat' dir='ltr'><strong>scripturis)</strong></span> <span class='ocrx_word' id='word_1_24' title='bbox 1337 435 1407 507; x_wconf 90' lang='lat' dir='ltr'><strong>quia</strong></span> <span class='ocrx_word' id='word_1_25' title='bbox 1438 435 1587 504; x_wconf 83' lang='lat' dir='ltr'><strong>pastorum</strong></span> <span class='ocrx_word' id='word_1_26' title='bbox 1607 427 1697 496; x_wconf 84' lang='lat' dir='ltr'><strong>lactu,</strong></span> <span class='ocrx_word' id='word_1_27' title='bbox 1725 435 1817 495; x_wconf 69' lang='lat' dir='ltr'><strong>quam</strong></span> 
     </span>
     <span class='ocr_line' id='line_1_4' title="bbox 145 515 1816 604; baseline -0.011 -16"><span class='ocrx_word' id='word_1_28' title='bbox 145 531 306 604; x_wconf 83' lang='lat' dir='ltr'><strong>liarceiius,</strong></span> <span class='ocrx_word' id='word_1_29' title='bbox 325 533 607 602; x_wconf 86' lang='lat' dir='ltr'><strong>natiuueiiomanus,</strong></span> <span class='ocrx_word' id='word_1_30' title='bbox 623 546 657 588; x_wconf 84' lang='lat' dir='ltr'><strong>ex</strong></span> <span class='ocrx_word' id='word_1_31' title='bbox 674 534 753 602; x_wconf 87' lang='lat' dir='ltr'><strong>patre</strong></span> <span class='ocrx_word' id='word_1_32' title='bbox 772 528 933 598; x_wconf 81' lang='lat' dir='ltr'><strong>Benedicta,</strong></span> <span class='ocrx_word' id='word_1_33' title='bbox 989 540 1074 601; x_wconf 84' lang='lat' dir='ltr'><strong>quam</strong></span> <span class='ocrx_word' id='word_1_34' title='bbox 1096 531 1172 584; x_wconf 87' lang='lat' dir='ltr'><strong>rectu</strong></span> <span class='ocrx_word' id='word_1_35' title='bbox 1194 523 1424 597; x_wconf 83' lang='lat' dir='ltr'><strong>reprehendenda</strong></span> <span class='ocrx_word' id='word_1_36' title='bbox 1447 522 1611 591; x_wconf 82' lang='lat' dir='ltr'><strong>rideantur,</strong></span> <span class='ocrx_word' id='word_1_37' title='bbox 1633 515 1816 575; x_wconf 83' lang='lat' dir='ltr'><strong>subditarum</strong></span> 
     </span>
     <span class='ocr_line' id='line_1_5' title="bbox 111 603 1817 694; baseline -0.011 -16"><span class='ocrx_word' id='word_1_38' title='bbox 111 621 147 678; x_wconf 87' lang='lat' dir='ltr'><strong>do</strong></span> <span class='ocrx_word' id='word_1_39' title='bbox 159 619 275 693; x_wconf 76' lang='lat' dir='ltr'><strong>regione</strong></span> <span class='ocrx_word' id='word_1_40' title='bbox 295 622 347 679; x_wconf 85' lang='lat' dir='ltr'><strong>iliu</strong></span> <span class='ocrx_word' id='word_1_41' title='bbox 362 622 430 694; x_wconf 87' lang='lat' dir='ltr'><strong>lata,</strong></span> <span class='ocrx_word' id='word_1_42' title='bbox 451 623 526 679; x_wconf 85' lang='lat' dir='ltr'><strong>sedit</strong></span> <span class='ocrx_word' id='word_1_43' title='bbox 544 634 636 678; x_wconf 89' lang='lat' dir='ltr'><strong>annos</strong></span> <span class='ocrx_word' id='word_1_44' title='bbox 661 620 800 693; x_wconf 90' lang='lat' dir='ltr'><strong>quinque,</strong></span> <span class='ocrx_word' id='word_1_45' title='bbox 825 632 935 676; x_wconf 88' lang='lat' dir='ltr'><strong>menses</strong></span> <span class='ocrx_word' id='word_1_46' title='bbox 990 624 1082 676; x_wconf 88' lang='lat' dir='ltr'><strong>tamen</strong></span> <span class='ocrx_word' id='word_1_47' title='bbox 1098 617 1195 691; x_wconf 75' lang='lat' dir='ltr'><strong>giudic</strong></span> <span class='ocrx_word' id='word_1_48' title='bbox 1210 613 1339 673; x_wconf 80' lang='lat' dir='ltr'><strong>lenienda</strong></span> <span class='ocrx_word' id='word_1_49' title='bbox 1354 626 1409 671; x_wconf 92' lang='lat' dir='ltr'><strong>nou</strong></span> <span class='ocrx_word' id='word_1_50' title='bbox 1431 616 1510 672; x_wconf 89' lang='lat' dir='ltr'><strong>sunt.</strong></span> <span class='ocrx_word' id='word_1_51' title='bbox 1524 611 1559 668; x_wconf 85' lang='lat' dir='ltr'><strong>iit</strong></span> <span class='ocrx_word' id='word_1_52' title='bbox 1572 609 1609 666; x_wconf 87' lang='lat' dir='ltr'><strong>de</strong></span> <span class='ocrx_word' id='word_1_53' title='bbox 1623 603 1758 677; x_wconf 83' lang='lat' dir='ltr'><strong>expuisls</strong></span> <span class='ocrx_word' id='word_1_54' title='bbox 1770 607 1817 660; x_wconf 78' lang='lat' dir='ltr'><strong>aui</strong></span> 
     </span>
     <span class='ocr_line' id='line_1_6' title="bbox 112 694 1817 785; baseline -0.009 -18"><span class='ocrx_word' id='word_1_55' title='bbox 112 715 230 781; x_wconf 84' lang='lat' dir='ltr'><strong>septem,</strong></span> <span class='ocrx_word' id='word_1_56' title='bbox 246 711 309 769; x_wconf 90' lang='lat' dir='ltr'><strong>dies</strong></span> <span class='ocrx_word' id='word_1_57' title='bbox 327 711 432 785; x_wconf 77' lang='lat' dir='ltr'><strong>viginti</strong></span> <span class='ocrx_word' id='word_1_58' title='bbox 445 716 585 768; x_wconf 89' lang='lat' dir='ltr'><strong>etunum.</strong></span> <span class='ocrx_word' id='word_1_59' title='bbox 609 710 781 768; x_wconf 81' lang='lat' dir='ltr'><strong>Fuitautem</strong></span> <span class='ocrx_word' id='word_1_60' title='bbox 795 709 936 780; x_wconf 88' lang='lat' dir='ltr'><strong>tempori-</strong></span> <span class='ocrx_word' id='word_1_61' title='bbox 989 707 1158 779; x_wconf 82' lang='lat' dir='ltr'><strong>exspoliatis</strong></span> <span class='ocrx_word' id='word_1_62' title='bbox 1180 707 1210 763; x_wconf 95' lang='lat' dir='ltr'><strong>ln</strong></span> <span class='ocrx_word' id='word_1_63' title='bbox 1233 707 1329 763; x_wconf 79' lang='lat' dir='ltr'><strong>eadem</strong></span> <span class='ocrx_word' id='word_1_64' title='bbox 1352 701 1520 768; x_wconf 75' lang='lat' dir='ltr'><strong>subintulit,</strong></span> <span class='ocrx_word' id='word_1_65' title='bbox 1542 700 1584 757; x_wconf 79' lang='lat' dir='ltr'><strong>iis</strong></span> <span class='ocrx_word' id='word_1_66' title='bbox 1602 698 1726 755; x_wconf 81' lang='lat' dir='ltr'><strong>diceus:</strong></span> <span class='ocrx_word' id='word_1_67' title='bbox 1750 694 1817 761; x_wconf 80' lang='lat' dir='ltr'><strong>Quos</strong></span> 
     </span>
     <span class='ocr_line' id='line_1_7' title="bbox 111 785 1818 872; baseline -0.008 -16"><span class='ocrx_word' id='word_1_68' title='bbox 111 797 166 857; x_wconf 88' lang='lat' dir='ltr'><strong>bus</strong></span> <span class='ocrx_word' id='word_1_69' title='bbox 181 801 317 859; x_wconf 80' lang='lat' dir='ltr'>Maxentii</span> <span class='ocrx_word' id='word_1_70' title='bbox 338 807 367 858; x_wconf 90' lang='lat' dir='ltr'><strong>et</strong></span> <span class='ocrx_word' id='word_1_71' title='bbox 380 800 560 858; x_wconf 82' lang='lat' dir='ltr'><strong>ilanimiani.</strong></span> <span class='ocrx_word' id='word_1_72' title='bbox 575 800 802 872; x_wconf 86' lang='lat' dir='ltr'><strong>comprehensus</strong></span> <span class='ocrx_word' id='word_1_73' title='bbox 812 803 935 856; x_wconf 88' lang='lat' dir='ltr'><strong>autema</strong></span> <span class='ocrx_word' id='word_1_74' title='bbox 989 799 1153 866; x_wconf 75' lang='lat' dir='ltr'><strong>sciuds,uee</strong></span> <span class='ocrx_word' id='word_1_75' title='bbox 1170 794 1209 850; x_wconf 88' lang='lat' dir='ltr'><strong>ad</strong></span> <span class='ocrx_word' id='word_1_76' title='bbox 1229 794 1363 864; x_wconf 76' lang='lat' dir='ltr'><strong>aquodam</strong></span> <span class='ocrx_word' id='word_1_77' title='bbox 1383 791 1590 865; x_wconf 74' lang='lat' dir='ltr'><strong>prouincialem,</strong></span> <span class='ocrx_word' id='word_1_78' title='bbox 1612 802 1663 844; x_wconf 85' lang='lat' dir='ltr'><strong>uec</strong></span> <span class='ocrx_word' id='word_1_79' title='bbox 1685 785 1818 855; x_wconf 59' lang='lat' dir='ltr'><strong>moene</strong></span> 
     </span>
     <span class='ocr_line' id='line_1_8' title="bbox 111 877 1819 959; baseline 0.001 -13"><span class='ocrx_word' id='word_1_80' title='bbox 111 890 265 959; x_wconf 84' lang='lat' dir='ltr'><strong>liaxeniio,</strong></span> <span class='ocrx_word' id='word_1_81' title='bbox 276 895 304 947; x_wconf 92' lang='lat' dir='ltr'><strong>et</strong></span> <span class='ocrx_word' id='word_1_82' title='bbox 314 891 440 949; x_wconf 86' lang='lat' dir='ltr'><strong>traditus</strong></span> <span class='ocrx_word' id='word_1_83' title='bbox 451 892 481 948; x_wconf 92' lang='lat' dir='ltr'><strong>in</strong></span> <span class='ocrx_word' id='word_1_84' title='bbox 494 890 628 948; x_wconf 89' lang='lat' dir='ltr'><strong>catabulo</strong></span> <span class='ocrx_word' id='word_1_85' title='bbox 641 890 818 948; x_wconf 74' lang='lat' dir='ltr'><strong>animalibus</strong></span> <span class='ocrx_word' id='word_1_86' title='bbox 832 891 866 946; x_wconf 90' lang='lat' dir='ltr'><strong>ad</strong></span> <span class='ocrx_word' id='word_1_87' title='bbox 880 904 937 947; x_wconf 82' lang='lat' dir='ltr'><strong>ser·</strong></span> <span class='ocrx_word' id='word_1_88' title='bbox 989 886 1075 941; x_wconf 78' lang='lat' dir='ltr'><strong>roiam</strong></span> <span class='ocrx_word' id='word_1_89' title='bbox 1085 899 1165 955; x_wconf 79' lang='lat' dir='ltr'><strong>posse</strong></span> <span class='ocrx_word' id='word_1_90' title='bbox 1180 885 1332 945; x_wconf 83' lang='lat' dir='ltr'><strong>conuocari,</strong></span> <span class='ocrx_word' id='word_1_91' title='bbox 1351 897 1401 938; x_wconf 73' lang='lat' dir='ltr'><strong>net</strong></span> <span class='ocrx_word' id='word_1_92' title='bbox 1422 884 1453 937; x_wconf 81' lang='lat' dir='ltr'><strong>im</strong></span> <span class='ocrx_word' id='word_1_93' title='bbox 1472 880 1568 950; x_wconf 65' lang='grc'><strong>1111110</strong></span> <span class='ocrx_word' id='word_1_94' title='bbox 1583 877 1752 948; x_wconf 55' lang='lat' dir='ltr'><strong>illium»</strong></span> <span class='ocrx_word' id='word_1_95' title='bbox 1765 892 1819 932; x_wconf 61' lang='grc' dir='ltr'><strong>Μ’</strong></span> 
     </span>
     <span class='ocr_line' id='line_1_9' title="bbox 112 967 1818 1051; baseline -0.007 -16"><span class='ocrx_word' id='word_1_96' title='bbox 112 977 258 1051; x_wconf 82' lang='lat' dir='ltr'><strong>tiendum,</strong></span> <span class='ocrx_word' id='word_1_97' title='bbox 284 980 353 1051; x_wconf 92' lang='lat' dir='ltr'><strong>quia</strong></span> <span class='ocrx_word' id='word_1_98' title='bbox 374 979 556 1037; x_wconf 77' lang='lat' dir='ltr'><strong>demonibus</strong></span> <span class='ocrx_word' id='word_1_99' title='bbox 576 980 737 1037; x_wconf 75' lang='lat' dir='ltr'><strong>sacrificare</strong></span> <span class='ocrx_word' id='word_1_100' title='bbox 758 979 863 1050; x_wconf 92' lang='lat' dir='ltr'><strong>uoluit,</strong></span> <span class='ocrx_word' id='word_1_101' title='bbox 883 979 935 1036; x_wconf 93' lang='lat' dir='ltr'><strong>dia</strong></span> <span class='ocrx_word' id='word_1_102' title='bbox 991 978 1100 1045; x_wconf 87' lang='lat' dir='ltr'><strong>tequom</strong></span> <span class='ocrx_word' id='word_1_103' title='bbox 1118 977 1226 1037; x_wconf 84' lang='lat' dir='ltr'><strong>cuncta,</strong></span> <span class='ocrx_word' id='word_1_104' title='bbox 1243 973 1355 1043; x_wconf 78' lang='lat' dir='ltr'><strong>quaeis</strong></span> <span class='ocrx_word' id='word_1_105' title='bbox 1369 971 1552 1032; x_wconf 85' lang='lat' dir='ltr'><strong>obtutcsumt,</strong></span> <span class='ocrx_word' id='word_1_106' title='bbox 1576 967 1685 1036; x_wconf 74' lang='lat' dir='ltr'><strong>matous</strong></span> <span class='ocrx_word' id='word_1_107' title='bbox 1693 967 1818 1038; x_wconf 72' lang='lat' dir='ltr'><strong>potestati</strong></span> 
     </span>
     <span class='ocr_line' id='line_1_10' title="bbox 112 1055 1818 1139; baseline 0.002 -16"><span class='ocrx_word' id='word_1_108' title='bbox 112 1066 220 1125; x_wconf 90' lang='lat' dir='ltr'><strong>ibidem</strong></span> <span class='ocrx_word' id='word_1_109' title='bbox 243 1069 344 1126; x_wconf 85' lang='lat' dir='ltr'><strong>cilicio</strong></span> <span class='ocrx_word' id='word_1_110' title='bbox 359 1069 481 1127; x_wconf 89' lang='lat' dir='ltr'><strong>indutus</strong></span> <span class='ocrx_word' id='word_1_111' title='bbox 491 1075 520 1126; x_wconf 91' lang='lat' dir='ltr'><strong>et</strong></span> <span class='ocrx_word' id='word_1_112' title='bbox 544 1069 640 1126; x_wconf 88' lang='lat' dir='ltr'><strong>inedia</strong></span> <span class='ocrx_word' id='word_1_113' title='bbox 663 1072 832 1139; x_wconf 80' lang='lat' dir='ltr'><strong>maceratus,</strong></span> <span class='ocrx_word' id='word_1_114' title='bbox 848 1068 935 1124; x_wconf 84' lang='lat' dir='ltr'><strong>vitam</strong></span> <span class='ocrx_word' id='word_1_115' title='bbox 991 1076 1083 1118; x_wconf 82' lang='lat' dir='ltr'><strong>corum</strong></span> <span class='ocrx_word' id='word_1_116' title='bbox 1096 1062 1328 1131; x_wconf 75' lang='lat' dir='ltr'><strong>mdmteqrentum</strong></span> <span class='ocrx_word' id='word_1_117' title='bbox 1343 1065 1369 1116; x_wconf 76' lang='lat' dir='ltr'><strong>ei</strong></span> <span class='ocrx_word' id='word_1_118' title='bbox 1379 1058 1553 1131; x_wconf 63' lang='lat' dir='ltr'><strong>Postmodum</strong></span> <span class='ocrx_word' id='word_1_119' title='bbox 1570 1071 1628 1113; x_wconf 83' lang='lat' dir='ltr'><strong>nom</strong></span> <span class='ocrx_word' id='word_1_120' title='bbox 1643 1055 1696 1113; x_wconf 54' lang='grc' dir='ltr'><strong>*αὖ</strong></span> <span class='ocrx_word' id='word_1_121' title='bbox 1710 1055 1818 1124; x_wconf 52' lang='lat' dir='ltr'><strong>“tituil</strong></span> 
     </span>
     <span class='ocr_line' id='line_1_11' title="bbox 112 1146 1817 1223; baseline 0.003 -10"><span class='ocrx_word' id='word_1_122' title='bbox 112 1156 208 1214; x_wconf 71' lang='lat' dir='ltr'><strong>mrsu</strong></span> <span class='ocrx_word' id='word_1_123' title='bbox 223 1158 455 1215; x_wconf 76' lang='lat' dir='ltr'><strong>incurrsionvn</strong></span> <span class='ocrx_word' id='word_1_124' title='bbox 471 1158 737 1216; x_wconf 64' lang='lat' dir='ltr'><strong>interneciuum.</strong></span> <span class='ocrx_word' id='word_1_125' title='bbox 752 1156 938 1215; x_wconf 77' lang='lat' dir='ltr'><strong>uicorum·</strong></span> <span class='ocrx_word' id='word_1_126' title='bbox 991 1153 1117 1222; x_wconf 73' lang='lat' dir='ltr'><strong>tumoris</strong></span> <span class='ocrx_word' id='word_1_127' title='bbox 1142 1153 1254 1223; x_wconf 72' lang='lat' dir='ltr'><strong>matur</strong></span> <span class='ocrx_word' id='word_1_128' title='bbox 1280 1151 1328 1207; x_wconf 79' lang='lat' dir='ltr'><strong>ud</strong></span> <span class='ocrx_word' id='word_1_129' title='bbox 1351 1148 1610 1220; x_wconf 62' lang='lat' dir='ltr'><strong>manutenueris</strong></span> <span class='ocrx_word' id='word_1_130' title='bbox 1636 1146 1759 1217; x_wconf 67' lang='lat' dir='ltr'><strong>metim</strong></span> <span class='ocrx_word' id='word_1_131' title='bbox 1782 1146 1817 1200; x_wconf 72' lang='lat' dir='ltr'><strong>u</strong></span> 
     </span>
     <span class='ocr_line' id='line_1_12' title="bbox 113 1235 1817 1320; baseline -0.005 -18"><span class='ocrx_word' id='word_1_132' title='bbox 113 1245 156 1303; x_wconf 87' lang='lat' dir='ltr'><strong>vit</strong></span> <span class='ocrx_word' id='word_1_133' title='bbox 174 1247 324 1317; x_wconf 86' lang='lat' dir='ltr'><strong>episcopos</strong></span> <span class='ocrx_word' id='word_1_134' title='bbox 346 1248 450 1320; x_wconf 84' lang='lat' dir='ltr'><strong>viginti</strong></span> <span class='ocrx_word' id='word_1_135' title='bbox 465 1252 494 1305; x_wconf 88' lang='lat' dir='ltr'><strong>et</strong></span> <span class='ocrx_word' id='word_1_136' title='bbox 511 1261 613 1319; x_wconf 90' lang='lat' dir='ltr'><strong>unum,</strong></span> <span class='ocrx_word' id='word_1_137' title='bbox 634 1246 813 1319; x_wconf 85' lang='lat' dir='ltr'><strong>presbyteros</strong></span> <span class='ocrx_word' id='word_1_138' title='bbox 831 1245 936 1317; x_wconf 77' lang='lat' dir='ltr'><strong>viginti</strong></span> <span class='ocrx_word' id='word_1_139' title='bbox 990 1241 1179 1310; x_wconf 81' lang='lat' dir='ltr'><strong>induiqeoiur,</strong></span> <span class='ocrx_word' id='word_1_140' title='bbox 1204 1245 1339 1312; x_wconf 85' lang='lat' dir='ltr'><strong>quamtum</strong></span> <span class='ocrx_word' id='word_1_141' title='bbox 1361 1239 1507 1311; x_wconf 80' lang='lat' dir='ltr'><strong>ecspoiicti</strong></span> <span class='ocrx_word' id='word_1_142' title='bbox 1526 1238 1571 1293; x_wconf 89' lang='lat' dir='ltr'><strong>oei</strong></span> <span class='ocrx_word' id='word_1_143' title='bbox 1583 1235 1699 1308; x_wconf 78' lang='lat' dir='ltr'><strong>empirici</strong></span> <span class='ocrx_word' id='word_1_144' title='bbox 1708 1236 1817 1290; x_wconf 82' lang='lat' dir='ltr'><strong>esseoi-</strong></span> 
     </span>
     <span class='ocr_line' id='line_1_13' title="bbox 113 1320 1817 1408; baseline -0.006 -18"><span class='ocrx_word' id='word_1_145' title='bbox 113 1335 251 1407; x_wconf 88' lang='lat' dir='ltr'><strong>quinque,</strong></span> <span class='ocrx_word' id='word_1_146' title='bbox 267 1334 405 1395; x_wconf 89' lang='lat' dir='ltr'><strong>diaconus</strong></span> <span class='ocrx_word' id='word_1_147' title='bbox 418 1338 501 1394; x_wconf 90' lang='lat' dir='ltr'><strong>duos.</strong></span> <span class='ocrx_word' id='word_1_148' title='bbox 516 1338 568 1394; x_wconf 88' lang='lat' dir='ltr'><strong>iiic</strong></span> <span class='ocrx_word' id='word_1_149' title='bbox 581 1338 611 1393; x_wconf 90' lang='lat' dir='ltr'><strong>iu</strong></span> <span class='ocrx_word' id='word_1_150' title='bbox 623 1336 744 1407; x_wconf 90' lang='lat' dir='ltr'><strong>epistola</strong></span> <span class='ocrx_word' id='word_1_151' title='bbox 755 1333 937 1408; x_wconf 81' lang='lat' dir='ltr'><strong>quamdestl·</strong></span> <span class='ocrx_word' id='word_1_152' title='bbox 991 1329 1101 1394; x_wconf 81' lang='lat' dir='ltr'><strong>dcmtur,</strong></span> <span class='ocrx_word' id='word_1_153' title='bbox 1126 1334 1275 1400; x_wconf 82' lang='lat' dir='ltr'><strong>autequam</strong></span> <span class='ocrx_word' id='word_1_154' title='bbox 1288 1329 1326 1385; x_wconf 87' lang='lat' dir='ltr'><strong>ad</strong></span> <span class='ocrx_word' id='word_1_155' title='bbox 1346 1328 1480 1400; x_wconf 76' lang='lat' dir='ltr'><strong>synodum</strong></span> <span class='ocrx_word' id='word_1_156' title='bbox 1498 1320 1817 1394; x_wconf 59' lang='lat' dir='ltr'><strong>manumiserimus,</strong></span> 
     </span>
     <span class='ocr_line' id='line_1_14' title="bbox 112 1413 1817 1498; baseline -0.005 -19"><span class='ocrx_word' id='word_1_157' title='bbox 112 1422 192 1480; x_wconf 84' lang='lat' dir='ltr'><strong>uarii</strong></span> <span class='ocrx_word' id='word_1_158' title='bbox 204 1425 349 1482; x_wconf 87' lang='lat' dir='ltr'><strong>universis</strong></span> <span class='ocrx_word' id='word_1_159' title='bbox 362 1427 517 1498; x_wconf 89' lang='lat' dir='ltr'><strong>episcopis,</strong></span> <span class='ocrx_word' id='word_1_160' title='bbox 529 1426 715 1484; x_wconf 78' lang='lat' dir='ltr'><strong>nniiocbens</strong></span> <span class='ocrx_word' id='word_1_161' title='bbox 726 1421 937 1482; x_wconf 80' lang='lat' dir='ltr'><strong>ecciesiaesub-</strong></span> <span class='ocrx_word' id='word_1_162' title='bbox 990 1430 1015 1474; x_wconf 85' lang='lat' dir='ltr'><strong>c.</strong></span> <span class='ocrx_word' id='word_1_163' title='bbox 1038 1419 1140 1490; x_wconf 83' lang='lat' dir='ltr'><strong>Prius).</strong></span> <span class='ocrx_word' id='word_1_164' title='bbox 1168 1422 1204 1477; x_wconf 82' lang='lat' dir='ltr'><strong>lit</strong></span> <span class='ocrx_word' id='word_1_165' title='bbox 1226 1419 1262 1475; x_wconf 91' lang='lat' dir='ltr'><strong>ob</strong></span> <span class='ocrx_word' id='word_1_166' title='bbox 1283 1419 1408 1475; x_wconf 85' lang='lat' dir='ltr'><strong>omuibus</strong></span> <span class='ocrx_word' id='word_1_167' title='bbox 1437 1432 1494 1473; x_wconf 77' lang='lat' dir='ltr'><strong>sus</strong></span> <span class='ocrx_word' id='word_1_168' title='bbox 1514 1416 1669 1487; x_wconf 78' lang='lat' dir='ltr'><strong>prouinciis</strong></span> <span class='ocrx_word' id='word_1_169' title='bbox 1691 1413 1817 1486; x_wconf 81' lang='lat' dir='ltr'><strong>episcopis</strong></span> 
     </span>
     <span class='ocr_line' id='line_1_15' title="bbox 111 1503 1817 1588; baseline -0.006 -18"><span class='ocrx_word' id='word_1_170' title='bbox 111 1511 194 1583; x_wconf 88' lang='lat' dir='ltr'><strong>ditis,</strong></span> <span class='ocrx_word' id='word_1_171' title='bbox 208 1513 312 1571; x_wconf 84' lang='lat' dir='ltr'><strong>scribit</strong></span> <span class='ocrx_word' id='word_1_172' title='bbox 324 1512 412 1585; x_wconf 82' lang='lat' dir='ltr'><strong>(epist.</strong></span> <span class='ocrx_word' id='word_1_173' title='bbox 428 1511 603 1588; x_wconf 82' lang='lat' dir='ltr'><strong>iiasanctis</strong></span> <span class='ocrx_word' id='word_1_174' title='bbox 617 1514 761 1584; x_wconf 84' lang='lat' dir='ltr'><strong>Patribus,</strong></span> <span class='ocrx_word' id='word_1_175' title='bbox 776 1513 937 1584; x_wconf 89' lang='lat' dir='ltr'><strong>inspirante</strong></span> <span class='ocrx_word' id='word_1_176' title='bbox 991 1510 1107 1579; x_wconf 87' lang='lat' dir='ltr'><strong>quisque</strong></span> <span class='ocrx_word' id='word_1_177' title='bbox 1134 1509 1286 1564; x_wconf 85' lang='lat' dir='ltr'><strong>audiatur:</strong></span> <span class='ocrx_word' id='word_1_178' title='bbox 1311 1522 1376 1563; x_wconf 87' lang='lat' dir='ltr'><strong>uam</strong></span> <span class='ocrx_word' id='word_1_179' title='bbox 1400 1522 1449 1563; x_wconf 85' lang='lat' dir='ltr'><strong>uec</strong></span> <span class='ocrx_word' id='word_1_180' title='bbox 1468 1506 1614 1562; x_wconf 81' lang='lat' dir='ltr'><strong>conuocari</strong></span> <span class='ocrx_word' id='word_1_181' title='bbox 1637 1503 1680 1559; x_wconf 85' lang='lat' dir='ltr'><strong>ud</strong></span> <span class='ocrx_word' id='word_1_182' title='bbox 1701 1517 1817 1567; x_wconf 66' lang='lat' dir='ltr'><strong>misum,</strong></span> 
     </span>
     <span class='ocr_line' id='line_1_16' title="bbox 111 1594 1818 1675; baseline -0.004 -17"><span class='ocrx_word' id='word_1_183' title='bbox 111 1601 243 1671; x_wconf 88' lang='lat' dir='ltr'><strong>Domino,</strong></span> <span class='ocrx_word' id='word_1_184' title='bbox 265 1603 455 1660; x_wconf 79' lang='lat' dir='ltr'><strong>coustitutum</strong></span> <span class='ocrx_word' id='word_1_185' title='bbox 468 1616 540 1673; x_wconf 87' lang='lat' dir='ltr'><strong>esse,</strong></span> <span class='ocrx_word' id='word_1_186' title='bbox 564 1616 599 1660; x_wconf 91' lang='lat' dir='ltr'><strong>ne</strong></span> <span class='ocrx_word' id='word_1_187' title='bbox 614 1603 674 1660; x_wconf 89' lang='lat' dir='ltr'><strong>uiia</strong></span> <span class='ocrx_word' id='word_1_188' title='bbox 688 1603 814 1675; x_wconf 82' lang='lat' dir='ltr'><strong>synodus</strong></span> <span class='ocrx_word' id='word_1_189' title='bbox 835 1606 936 1673; x_wconf 82' lang='lat' dir='ltr'><strong>praeter</strong></span> <span class='ocrx_word' id='word_1_190' title='bbox 990 1611 1039 1652; x_wconf 84' lang='lat' dir='ltr'><strong>uec</strong></span> <span class='ocrx_word' id='word_1_191' title='bbox 1043 1599 1171 1668; x_wconf 71' lang='lat' dir='ltr'><strong>iudicari</strong></span> <span class='ocrx_word' id='word_1_192' title='bbox 1180 1597 1450 1670; x_wconf 82' lang='lat' dir='ltr'><strong>potestccspoiictus</strong></span> <span class='ocrx_word' id='word_1_193' title='bbox 1463 1597 1506 1652; x_wconf 88' lang='lat' dir='ltr'><strong>oei</strong></span> <span class='ocrx_word' id='word_1_194' title='bbox 1519 1595 1677 1667; x_wconf 70' lang='lat' dir='ltr'><strong>expulsus:</strong></span> <span class='ocrx_word' id='word_1_195' title='bbox 1691 1594 1818 1664; x_wconf 78' lang='lat' dir='ltr'><strong>quonium</strong></span> 
     </span>
     <span class='ocr_line' id='line_1_17' title="bbox 111 1670 1819 1766; baseline -0.006 -18"><span class='ocrx_word' id='word_1_196' title='bbox 111 1691 245 1748; x_wconf 79' lang='lat' dir='ltr'><strong>itomauae</strong></span> <span class='ocrx_word' id='word_1_197' title='bbox 253 1691 540 1750; x_wconf 87' lang='lat' dir='ltr'><strong>sedisaucturitaiem</strong></span> <span class='ocrx_word' id='word_1_198' title='bbox 555 1694 646 1764; x_wconf 83' lang='lat' dir='ltr'><strong>possit</strong></span> <span class='ocrx_word' id='word_1_199' title='bbox 657 1693 786 1766; x_wconf 77' lang='lat' dir='ltr'><strong>legitime</strong></span> <span class='ocrx_word' id='word_1_200' title='bbox 793 1702 936 1749; x_wconf 83' lang='lat' dir='ltr'><strong>convoca-</strong></span> <span class='ocrx_word' id='word_1_201' title='bbox 953 1670 1045 1745; x_wconf 79' lang='lat' dir='ltr'><strong>Braca</strong></span> <span class='ocrx_word' id='word_1_202' title='bbox 1056 1693 1096 1744; x_wconf 89' lang='lat' dir='ltr'><strong>est</strong></span> <span class='ocrx_word' id='word_1_203' title='bbox 1111 1688 1296 1759; x_wconf 81' lang='lat' dir='ltr'><strong>prtutieqium,</strong></span> <span class='ocrx_word' id='word_1_204' title='bbox 1319 1703 1373 1758; x_wconf 94' lang='lat' dir='ltr'><strong>quo</strong></span> <span class='ocrx_word' id='word_1_205' title='bbox 1387 1686 1537 1759; x_wconf 79' lang='lat' dir='ltr'><strong>emepotiori</strong></span> <span class='ocrx_word' id='word_1_206' title='bbox 1556 1683 1719 1756; x_wconf 70' lang='lat' dir='ltr'><strong>possitJ&#39;am</strong></span> <span class='ocrx_word' id='word_1_207' title='bbox 1729 1683 1819 1738; x_wconf 76' lang='lat' dir='ltr'><strong>nudo·</strong></span> 
     </span>
     <span class='ocr_line' id='line_1_18' title="bbox 112 1775 1820 1855; baseline -0.005 -17"><span class='ocrx_word' id='word_1_208' title='bbox 112 1781 150 1852; x_wconf 90' lang='lat' dir='ltr'><strong>rl,</strong></span> <span class='ocrx_word' id='word_1_209' title='bbox 164 1781 194 1838; x_wconf 93' lang='lat' dir='ltr'><strong>in</strong></span> <span class='ocrx_word' id='word_1_210' title='bbox 216 1795 273 1855; x_wconf 82' lang='lat' dir='ltr'><strong>qua</strong></span> <span class='ocrx_word' id='word_1_211' title='bbox 296 1783 448 1854; x_wconf 86' lang='lat' dir='ltr'><strong>episcopus</strong></span> <span class='ocrx_word' id='word_1_212' title='bbox 473 1798 559 1854; x_wconf 89' lang='lat' dir='ltr'><strong>super</strong></span> <span class='ocrx_word' id='word_1_213' title='bbox 571 1782 752 1855; x_wconf 80' lang='lat' dir='ltr'><strong>quibuslibet</strong></span> <span class='ocrx_word' id='word_1_214' title='bbox 762 1781 937 1839; x_wconf 81' lang='lat' dir='ltr'><strong>culminibus</strong></span> <span class='ocrx_word' id='word_1_215' title='bbox 991 1782 1045 1835; x_wconf 85' lang='lat' dir='ltr'><strong>tus.</strong></span> <span class='ocrx_word' id='word_1_216' title='bbox 1064 1779 1140 1834; x_wconf 83' lang='lat' dir='ltr'><strong>Unde</strong></span> <span class='ocrx_word' id='word_1_217' title='bbox 1153 1779 1341 1850; x_wconf 57' lang='lat' dir='ltr'><strong>domuum</strong></span> <span class='ocrx_word' id='word_1_218' title='bbox 1355 1777 1550 1840; x_wconf 85' lang='lat' dir='ltr'><strong>decretumest,</strong></span> <span class='ocrx_word' id='word_1_219' title='bbox 1564 1786 1659 1831; x_wconf 80' lang='lat' dir='ltr'><strong>munes</strong></span> <span class='ocrx_word' id='word_1_220' title='bbox 1670 1775 1820 1845; x_wconf 66' lang='lat' dir='ltr'><strong>postumio-</strong></span> 
     </span>
     <span class='ocr_line' id='line_1_19' title="bbox 113 1866 1819 1953; baseline -0.005 -26"><span class='ocrx_word' id='word_1_221' title='bbox 113 1870 244 1953; x_wconf 85' lang='lat' dir='ltr'><strong>puisatus</strong></span> <span class='ocrx_word' id='word_1_222' title='bbox 257 1870 466 1929; x_wconf 80' lang='lat' dir='ltr'><strong>debeataudiri</strong></span> <span class='ocrx_word' id='word_1_223' title='bbox 477 1872 520 1929; x_wconf 85' lang='lat' dir='ltr'><strong>vei</strong></span> <span class='ocrx_word' id='word_1_224' title='bbox 531 1871 657 1943; x_wconf 81' lang='lat' dir='ltr'><strong>judicari</strong></span> <span class='ocrx_word' id='word_1_225' title='bbox 669 1889 678 1938; x_wconf 82' lang='lat' dir='ltr'><strong>t</strong></span> <span class='ocrx_word' id='word_1_226' title='bbox 694 1877 723 1928; x_wconf 94' lang='lat' dir='ltr'><strong>et</strong></span> <span class='ocrx_word' id='word_1_227' title='bbox 736 1870 834 1928; x_wconf 87' lang='lat' dir='ltr'><strong>omnia</strong></span> <span class='ocrx_word' id='word_1_228' title='bbox 847 1884 939 1944; x_wconf 76' lang='lat' dir='ltr'><strong>neqo-</strong></span> <span class='ocrx_word' id='word_1_229' title='bbox 993 1883 1051 1931; x_wconf 82' lang='lat' dir='ltr'><strong>ries,</strong></span> <span class='ocrx_word' id='word_1_230' title='bbox 1065 1872 1091 1924; x_wconf 89' lang='lat' dir='ltr'><strong>et</strong></span> <span class='ocrx_word' id='word_1_231' title='bbox 1104 1869 1196 1924; x_wconf 80' lang='lat' dir='ltr'><strong>omnio</strong></span> <span class='ocrx_word' id='word_1_232' title='bbox 1209 1868 1264 1924; x_wconf 84' lang='lat' dir='ltr'><strong>sibi</strong></span> <span class='ocrx_word' id='word_1_233' title='bbox 1276 1867 1397 1930; x_wconf 84' lang='lat' dir='ltr'><strong>subiato,</strong></span> <span class='ocrx_word' id='word_1_234' title='bbox 1412 1869 1496 1937; x_wconf 89' lang='lat' dir='ltr'><strong>cique</strong></span> <span class='ocrx_word' id='word_1_235' title='bbox 1509 1866 1623 1934; x_wconf 69' lang='lat' dir='ltr'><strong>metus</strong></span> <span class='ocrx_word' id='word_1_236' title='bbox 1634 1867 1749 1919; x_wconf 79' lang='lat' dir='ltr'><strong>emwtos</strong></span> <span class='ocrx_word' id='word_1_237' title='bbox 1761 1866 1819 1918; x_wconf 78' lang='lat' dir='ltr'><strong>nme</strong></span> 
     </span>
     <span class='ocr_line' id='line_1_20' title="bbox 111 1954 1820 2033; baseline -0.005 -15"><span class='ocrx_word' id='word_1_238' title='bbox 111 1961 154 2018; x_wconf 84' lang='lat' dir='ltr'><strong>iia</strong></span> <span class='ocrx_word' id='word_1_239' title='bbox 184 1959 393 2033; x_wconf 90' lang='lat' dir='ltr'><strong>episcoporum,</strong></span> <span class='ocrx_word' id='word_1_240' title='bbox 428 1966 456 2018; x_wconf 92' lang='lat' dir='ltr'><strong>et</strong></span> <span class='ocrx_word' id='word_1_241' title='bbox 482 1975 658 2019; x_wconf 89' lang='lat' dir='ltr'><strong>summarum</strong></span> <span class='ocrx_word' id='word_1_242' title='bbox 689 1974 850 2030; x_wconf 90' lang='lat' dir='ltr'><strong>causarum,</strong></span> <span class='ocrx_word' id='word_1_243' title='bbox 877 1960 939 2018; x_wconf 79' lang='lat' dir='ltr'><strong>slve</strong></span> <span class='ocrx_word' id='word_1_244' title='bbox 995 1958 1052 2014; x_wconf 84' lang='lat' dir='ltr'><strong>litis</strong></span> <span class='ocrx_word' id='word_1_245' title='bbox 1079 1959 1299 2014; x_wconf 82' lang='lat' dir='ltr'><strong>contestationem</strong></span> <span class='ocrx_word' id='word_1_246' title='bbox 1318 1960 1457 2028; x_wconf 81' lang='lat' dir='ltr'><strong>perceptas</strong></span> <span class='ocrx_word' id='word_1_247' title='bbox 1477 1958 1509 2011; x_wconf 89' lang='lat' dir='ltr'><strong>at</strong></span> <span class='ocrx_word' id='word_1_248' title='bbox 1533 1958 1646 2026; x_wconf 85' lang='lat' dir='ltr'><strong>primus</strong></span> <span class='ocrx_word' id='word_1_249' title='bbox 1673 1954 1820 2026; x_wconf 76' lang='lat' dir='ltr'><strong>possesmri</strong></span> 
     </span>
     <span class='ocr_line' id='line_1_21' title="bbox 112 2041 1820 2123; baseline -0.004 -18"><span class='ocrx_word' id='word_1_250' title='bbox 112 2048 323 2121; x_wconf 89' lang='lat' dir='ltr'><strong>cunctadubia,</strong></span> <span class='ocrx_word' id='word_1_251' title='bbox 335 2050 501 2120; x_wconf 69' lang='lat' dir='ltr'><strong>apostolius</strong></span> <span class='ocrx_word' id='word_1_252' title='bbox 511 2051 768 2109; x_wconf 79' lang='lat' dir='ltr'><strong>sadisaacmrltate</strong></span> <span class='ocrx_word' id='word_1_253' title='bbox 779 2055 940 2123; x_wconf 79' lang='lat' dir='ltr'><strong>suntaqeu·</strong></span> <span class='ocrx_word' id='word_1_254' title='bbox 993 2049 1129 2105; x_wconf 81' lang='lat' dir='ltr'><strong>restituat.</strong></span> <span class='ocrx_word' id='word_1_255' title='bbox 1144 2049 1180 2102; x_wconf 76' lang='lat' dir='ltr'><strong>Et</strong></span> <span class='ocrx_word' id='word_1_256' title='bbox 1202 2046 1272 2101; x_wconf 84' lang='lat' dir='ltr'><strong>ciiii</strong></span> <span class='ocrx_word' id='word_1_257' title='bbox 1284 2047 1416 2117; x_wconf 87' lang='lat' dir='ltr'><strong>scriptum</strong></span> <span class='ocrx_word' id='word_1_258' title='bbox 1434 2042 1604 2115; x_wconf 61' lang='lat' dir='ltr'><strong>babeturffl,</strong></span> <span class='ocrx_word' id='word_1_259' title='bbox 1618 2058 1647 2116; x_wconf 94' lang='lat' dir='ltr'><strong>q.</strong></span> <span class='ocrx_word' id='word_1_260' title='bbox 1661 2041 1693 2115; x_wconf 75' lang='lat'><strong>2,</strong></span> <span class='ocrx_word' id='word_1_261' title='bbox 1708 2056 1735 2100; x_wconf 90' lang='lat' dir='ltr'><strong>c.</strong></span> <span class='ocrx_word' id='word_1_262' title='bbox 1751 2042 1820 2100; x_wconf 77' lang='lat' dir='ltr'><strong>Nui-</strong></span> 
     </span>
     <span class='ocr_line' id='line_1_22' title="bbox 112 2134 1818 2212; baseline -0.003 -19"><span class='ocrx_word' id='word_1_263' title='bbox 112 2135 191 2194; x_wconf 85' lang='lat' dir='ltr'><strong>daei</strong></span> <span class='ocrx_word' id='word_1_264' title='bbox 214 2136 349 2209; x_wconf 81' lang='lat' dir='ltr'><strong>iiuicnda,</strong></span> <span class='ocrx_word' id='word_1_265' title='bbox 373 2144 401 2196; x_wconf 92' lang='lat' dir='ltr'><strong>ei</strong></span> <span class='ocrx_word' id='word_1_266' title='bbox 424 2139 521 2197; x_wconf 84' lang='lat' dir='ltr'><strong>omnis</strong></span> <span class='ocrx_word' id='word_1_267' title='bbox 545 2140 799 2212; x_wconf 79' lang='lat' dir='ltr'><strong>comprovincialia</strong></span> <span class='ocrx_word' id='word_1_268' title='bbox 825 2138 940 2212; x_wconf 77' lang='lat' dir='ltr'><strong>negotia</strong></span> <span class='ocrx_word' id='word_1_269' title='bbox 994 2138 1067 2209; x_wconf 88' lang='lat' dir='ltr'><strong>lus)=</strong></span> <span class='ocrx_word' id='word_1_270' title='bbox 1094 2137 1143 2193; x_wconf 83' lang='lat' dir='ltr'><strong>llis</strong></span> <span class='ocrx_word' id='word_1_271' title='bbox 1158 2138 1208 2208; x_wconf 84' lang='lat' dir='ltr'><strong>qui</strong></span> <span class='ocrx_word' id='word_1_272' title='bbox 1223 2135 1379 2191; x_wconf 79' lang='lat' dir='ltr'><strong>sistentiam</strong></span> <span class='ocrx_word' id='word_1_273' title='bbox 1400 2134 1526 2206; x_wconf 82' lang='lat' dir='ltr'><strong>pertuitt,</strong></span> <span class='ocrx_word' id='word_1_274' title='bbox 1542 2134 1723 2191; x_wconf 72' lang='lat' dir='ltr'><strong>commeatu</strong></span> <span class='ocrx_word' id='word_1_275' title='bbox 1741 2135 1818 2194; x_wconf 82' lang='lat' dir='ltr'><strong>uum,</strong></span> 
     </span>
     <span class='ocr_line' id='line_1_23' title="bbox 112 2224 1818 2298; baseline -0.005 -14"><span class='ocrx_word' id='word_1_276' title='bbox 112 2226 240 2297; x_wconf 76' lang='lat' dir='ltr'><strong>eiusdem</strong></span> <span class='ocrx_word' id='word_1_277' title='bbox 255 2227 333 2285; x_wconf 89' lang='lat' dir='ltr'><strong>sedis</strong></span> <span class='ocrx_word' id='word_1_278' title='bbox 343 2229 517 2286; x_wconf 85' lang='lat' dir='ltr'><strong>auctoritato</strong></span> <span class='ocrx_word' id='word_1_279' title='bbox 528 2235 597 2286; x_wconf 89' lang='lat' dir='ltr'><strong>suut</strong></span> <span class='ocrx_word' id='word_1_280' title='bbox 612 2230 802 2287; x_wconf 83' lang='lat' dir='ltr'><strong>retractanda.</strong></span> <span class='ocrx_word' id='word_1_281' title='bbox 819 2230 883 2286; x_wconf 84' lang='lat' dir='ltr'><strong>ilaec</strong></span> <span class='ocrx_word' id='word_1_282' title='bbox 896 2241 940 2285; x_wconf 82' lang='lat' dir='ltr'><strong>ea·</strong></span> <span class='ocrx_word' id='word_1_283' title='bbox 993 2242 1047 2298; x_wconf 89' lang='lat' dir='ltr'><strong>quo</strong></span> <span class='ocrx_word' id='word_1_284' title='bbox 1061 2229 1184 2296; x_wconf 68' lang='lat' dir='ltr'><strong>meunt,</strong></span> <span class='ocrx_word' id='word_1_285' title='bbox 1202 2227 1329 2296; x_wconf 78' lang='lat' dir='ltr'><strong>recipiat,</strong></span> <span class='ocrx_word' id='word_1_286' title='bbox 1345 2229 1372 2280; x_wconf 91' lang='lat' dir='ltr'><strong>et</strong></span> <span class='ocrx_word' id='word_1_287' title='bbox 1383 2240 1445 2295; x_wconf 77' lang='lat' dir='ltr'><strong>qus</strong></span> <span class='ocrx_word' id='word_1_288' title='bbox 1451 2224 1575 2296; x_wconf 85' lang='lat' dir='ltr'><strong>possidet</strong></span> <span class='ocrx_word' id='word_1_289' title='bbox 1589 2238 1707 2280; x_wconf 84' lang='lat' dir='ltr'><strong>securus</strong></span> <span class='ocrx_word' id='word_1_290' title='bbox 1726 2225 1818 2278; x_wconf 78' lang='lat' dir='ltr'><strong>terimi.</strong></span> 
     </span>
     <span class='ocr_line' id='line_1_24' title="bbox 111 2312 1820 2390; baseline -0.003 -18"><span class='ocrx_word' id='word_1_291' title='bbox 111 2313 176 2372; x_wconf 88' lang='lat' dir='ltr'><strong>dem</strong></span> <span class='ocrx_word' id='word_1_292' title='bbox 193 2316 222 2371; x_wconf 91' lang='lat' dir='ltr'><strong>iu</strong></span> <span class='ocrx_word' id='word_1_293' title='bbox 237 2315 535 2389; x_wconf 84' lang='lat' dir='ltr'><strong>aiiaapistolc,quam</strong></span> <span class='ocrx_word' id='word_1_294' title='bbox 558 2319 847 2390; x_wconf 83' lang='lat' dir='ltr'><strong>biaxentioepiscopo</strong></span> <span class='ocrx_word' id='word_1_295' title='bbox 862 2318 940 2375; x_wconf 86' lang='lat' dir='ltr'><strong>serl—</strong></span> <span class='ocrx_word' id='word_1_296' title='bbox 992 2316 1029 2371; x_wconf 75' lang='lat' dir='ltr'><strong>dt</strong></span> <span class='ocrx_word' id='word_1_297' title='bbox 1048 2316 1118 2371; x_wconf 85' lang='lat' dir='ltr'><strong>aiibi</strong></span> <span class='ocrx_word' id='word_1_298' title='bbox 1141 2317 1172 2369; x_wconf 83' lang='lat' dir='ltr'><strong>im</strong></span> <span class='ocrx_word' id='word_1_299' title='bbox 1192 2314 1372 2383; x_wconf 75' lang='lat' dir='ltr'><strong>synodalibus</strong></span> <span class='ocrx_word' id='word_1_300' title='bbox 1390 2314 1504 2369; x_wconf 83' lang='lat' dir='ltr'><strong>Petrum</strong></span> <span class='ocrx_word' id='word_1_301' title='bbox 1529 2312 1658 2375; x_wconf 73' lang='lat' dir='ltr'><strong>decmtis,</strong></span> <span class='ocrx_word' id='word_1_302' title='bbox 1683 2315 1712 2367; x_wconf 86' lang='lat' dir='ltr'><strong>et</strong></span> <span class='ocrx_word' id='word_1_303' title='bbox 1733 2325 1820 2379; x_wconf 74' lang='lat' dir='ltr'><strong>rmus</strong></span> 
     </span>
     <span class='ocr_line' id='line_1_25' title="bbox 114 2398 1820 2479; baseline -0.003 -19"><span class='ocrx_word' id='word_1_304' title='bbox 114 2404 172 2474; x_wconf 86' lang='lat' dir='ltr'><strong>psit</strong></span> <span class='ocrx_word' id='word_1_305' title='bbox 185 2403 273 2476; x_wconf 85' lang='lat' dir='ltr'><strong>(epist.</strong></span> <span class='ocrx_word' id='word_1_306' title='bbox 291 2403 328 2479; x_wconf 75' lang='lat'><strong>2),</strong></span> <span class='ocrx_word' id='word_1_307' title='bbox 345 2420 524 2477; x_wconf 89' lang='lat' dir='ltr'><strong>summopere</strong></span> <span class='ocrx_word' id='word_1_308' title='bbox 538 2408 646 2465; x_wconf 86' lang='lat' dir='ltr'><strong>serrari</strong></span> <span class='ocrx_word' id='word_1_309' title='bbox 669 2409 804 2479; x_wconf 82' lang='lat' dir='ltr'><strong>praecepit</strong></span> <span class='ocrx_word' id='word_1_310' title='bbox 817 2426 825 2478; x_wconf 81' lang='lat' dir='ltr'><strong>i</strong></span> <span class='ocrx_word' id='word_1_311' title='bbox 837 2413 866 2465; x_wconf 88' lang='lat' dir='ltr'><strong>ct</strong></span> <span class='ocrx_word' id='word_1_312' title='bbox 880 2407 938 2464; x_wconf 85' lang='lat' dir='ltr'><strong>alia</strong></span> <span class='ocrx_word' id='word_1_313' title='bbox 993 2404 1089 2460; x_wconf 81' lang='lat' dir='ltr'><strong>edr&#39;ctis</strong></span> <span class='ocrx_word' id='word_1_314' title='bbox 1112 2404 1213 2473; x_wconf 82' lang='lat' dir='ltr'><strong>ieqitur</strong></span> <span class='ocrx_word' id='word_1_315' title='bbox 1232 2406 1366 2458; x_wconf 87' lang='lat' dir='ltr'><strong>statutum</strong></span> <span class='ocrx_word' id='word_1_316' title='bbox 1380 2399 1407 2465; x_wconf 86' lang='lat'><strong>3,</strong></span> <span class='ocrx_word' id='word_1_317' title='bbox 1422 2417 1450 2474; x_wconf 92' lang='lat' dir='ltr'><strong>q.</strong></span> <span class='ocrx_word' id='word_1_318' title='bbox 1471 2398 1497 2473; x_wconf 87' lang='lat' dir='ltr'><strong>l,</strong></span> <span class='ocrx_word' id='word_1_319' title='bbox 1512 2401 1705 2471; x_wconf 81' lang='lat' dir='ltr'><strong>c.1tediut.)r</strong></span> <span class='ocrx_word' id='word_1_320' title='bbox 1720 2399 1820 2456; x_wconf 77' lang='lat' dir='ltr'><strong>bediu·</strong></span> 
     </span>
     <span class='ocr_line' id='line_1_26' title="bbox 113 2490 1820 2568; baseline -0.002 -19"><span class='ocrx_word' id='word_1_321' title='bbox 113 2493 203 2550; x_wconf 85' lang='lat' dir='ltr'><strong>muita</strong></span> <span class='ocrx_word' id='word_1_322' title='bbox 212 2493 248 2550; x_wconf 91' lang='lat' dir='ltr'><strong>de</strong></span> <span class='ocrx_word' id='word_1_323' title='bbox 257 2495 382 2566; x_wconf 75' lang='lat' dir='ltr'><strong>negotiis</strong></span> <span class='ocrx_word' id='word_1_324' title='bbox 392 2496 630 2567; x_wconf 88' lang='lat' dir='ltr'><strong>episcoporumin</strong></span> <span class='ocrx_word' id='word_1_325' title='bbox 641 2497 737 2553; x_wconf 84' lang='lat' dir='ltr'><strong>eadum</strong></span> <span class='ocrx_word' id='word_1_326' title='bbox 748 2496 854 2568; x_wconf 82' lang='lat' dir='ltr'><strong>posuit,</strong></span> <span class='ocrx_word' id='word_1_327' title='bbox 866 2510 941 2566; x_wconf 81' lang='lat' dir='ltr'><strong>qum·</strong></span> <span class='ocrx_word' id='word_1_328' title='bbox 994 2494 1128 2563; x_wconf 83' lang='lat' dir='ltr'><strong>thrcudc</strong></span> <span class='ocrx_word' id='word_1_329' title='bbox 1143 2498 1209 2550; x_wconf 85' lang='lat' dir='ltr'><strong>suut</strong></span> <span class='ocrx_word' id='word_1_330' title='bbox 1229 2495 1321 2548; x_wconf 81' lang='lat' dir='ltr'><strong>omnio</strong></span> <span class='ocrx_word' id='word_1_331' title='bbox 1338 2493 1506 2562; x_wconf 82' lang='lat' dir='ltr'><strong>ecspoiiotis,</strong></span> <span class='ocrx_word' id='word_1_332' title='bbox 1521 2491 1567 2548; x_wconf 88' lang='lat' dir='ltr'><strong>oei</strong></span> <span class='ocrx_word' id='word_1_333' title='bbox 1576 2490 1673 2560; x_wconf 75' lang='lat' dir='ltr'><strong>ejectis</strong></span> <span class='ocrx_word' id='word_1_334' title='bbox 1693 2490 1820 2562; x_wconf 84' lang='lat' dir='ltr'><strong>episcopis</strong></span> 
     </span>
     <span class='ocr_line' id='line_1_27' title="bbox 113 2579 1820 2657; baseline 0 -21"><span class='ocrx_word' id='word_1_335' title='bbox 113 2579 161 2638; x_wconf 91' lang='lat' dir='ltr'><strong>bic</strong></span> <span class='ocrx_word' id='word_1_336' title='bbox 185 2581 250 2638; x_wconf 87' lang='lat' dir='ltr'><strong>ideo</strong></span> <span class='ocrx_word' id='word_1_337' title='bbox 273 2597 329 2640; x_wconf 94' lang='lat' dir='ltr'><strong>non</strong></span> <span class='ocrx_word' id='word_1_338' title='bbox 358 2585 573 2655; x_wconf 80' lang='lat' dir='ltr'><strong>adnotavimus,</strong></span> <span class='ocrx_word' id='word_1_339' title='bbox 599 2585 668 2657; x_wconf 90' lang='lat' dir='ltr'><strong>quia</strong></span> <span class='ocrx_word' id='word_1_340' title='bbox 695 2585 792 2642; x_wconf 88' lang='lat' dir='ltr'><strong>eadem</strong></span> <span class='ocrx_word' id='word_1_341' title='bbox 812 2597 887 2655; x_wconf 76' lang='lat' dir='ltr'><strong>saepe</strong></span> <span class='ocrx_word' id='word_1_342' title='bbox 908 2583 938 2640; x_wconf 91' lang='lat' dir='ltr'><strong>in</strong></span> <span class='ocrx_word' id='word_1_343' title='bbox 990 2585 1204 2656; x_wconf 76' lang='lat' dir='ltr'><strong>presentialiter</strong></span> <span class='ocrx_word' id='word_1_344' title='bbox 1235 2582 1409 2638; x_wconf 80' lang='lat' dir='ltr'><strong>ordinatiane</strong></span> <span class='ocrx_word' id='word_1_345' title='bbox 1432 2583 1605 2654; x_wconf 69' lang='lat' dir='ltr'><strong>pontipmun,</strong></span> <span class='ocrx_word' id='word_1_346' title='bbox 1630 2585 1657 2636; x_wconf 90' lang='lat' dir='ltr'><strong>et</strong></span> <span class='ocrx_word' id='word_1_347' title='bbox 1682 2582 1714 2634; x_wconf 85' lang='lat' dir='ltr'><strong>iu</strong></span> <span class='ocrx_word' id='word_1_348' title='bbox 1734 2595 1820 2636; x_wconf 83' lang='lat' dir='ltr'><strong>eoram</strong></span> 
     </span>
     <span class='ocr_line' id='line_1_28' title="bbox 113 2668 1818 2746; baseline 0 -22"><span class='ocrx_word' id='word_1_349' title='bbox 113 2674 325 2729; x_wconf 83' lang='lat' dir='ltr'><strong>antecessorum</strong></span> <span class='ocrx_word' id='word_1_350' title='bbox 353 2686 472 2730; x_wconf 86' lang='lat' dir='ltr'><strong>suorum</strong></span> <span class='ocrx_word' id='word_1_351' title='bbox 505 2675 629 2731; x_wconf 89' lang='lat' dir='ltr'><strong>decretis</strong></span> <span class='ocrx_word' id='word_1_352' title='bbox 650 2673 781 2730; x_wconf 87' lang='lat' dir='ltr'><strong>iterando</strong></span> <span class='ocrx_word' id='word_1_353' title='bbox 804 2672 940 2745; x_wconf 75' lang='lat' dir='ltr'><strong>prescri-</strong></span> <span class='ocrx_word' id='word_1_354' title='bbox 991 2676 1163 2746; x_wconf 87' lang='lat' dir='ltr'><strong>potestctem,</strong></span> <span class='ocrx_word' id='word_1_355' title='bbox 1188 2672 1261 2727; x_wconf 80' lang='lat' dir='ltr'><strong>unde</strong></span> <span class='ocrx_word' id='word_1_356' title='bbox 1279 2672 1479 2735; x_wconf 81' lang='lat' dir='ltr'><strong>abscesserunt,</strong></span> <span class='ocrx_word' id='word_1_357' title='bbox 1500 2670 1634 2739; x_wconf 76' lang='lat' dir='ltr'><strong>maditus</strong></span> <span class='ocrx_word' id='word_1_358' title='bbox 1656 2668 1818 2737; x_wconf 81' lang='lat' dir='ltr'><strong>reuocanda,</strong></span> 
     </span>
     <span class='ocr_line' id='line_1_29' title="bbox 114 2757 1821 2837; baseline -0.001 -23"><span class='ocrx_word' id='word_1_359' title='bbox 114 2758 237 2831; x_wconf 79' lang='lat' dir='ltr'><strong>palmus.</strong></span> <span class='ocrx_word' id='word_1_360' title='bbox 995 2775 1163 2834; x_wconf 78' lang='lat' dir='ltr'><strong>quacunque</strong></span> <span class='ocrx_word' id='word_1_361' title='bbox 1201 2757 1387 2837; x_wconf 78' lang='lat' dir='ltr'><strong>[paucumque]</strong></span> <span class='ocrx_word' id='word_1_362' title='bbox 1418 2761 1574 2816; x_wconf 81' lang='lat' dir='ltr'><strong>muditioue</strong></span> <span class='ocrx_word' id='word_1_363' title='bbox 1608 2760 1754 2830; x_wconf 83' lang='lat' dir='ltr'><strong>temporis,</strong></span> <span class='ocrx_word' id='word_1_364' title='bbox 1776 2763 1821 2812; x_wconf 90' lang='lat' dir='ltr'><strong>aui</strong></span> 
     </span>
     <span class='ocr_line' id='line_1_30' title="bbox 326 2844 1821 2923; baseline -0.002 -18"><span class='ocrx_word' id='word_1_365' title='bbox 326 2849 445 2906; x_wconf 85' lang='lat' dir='ltr'><strong>xxxii.</strong></span> <span class='ocrx_word' id='word_1_366' title='bbox 459 2852 533 2907; x_wconf 88' lang='lat' dir='ltr'><strong>-S.</strong></span> <span class='ocrx_word' id='word_1_367' title='bbox 551 2850 724 2907; x_wconf 84' lang='lat' dir='ltr'>EUSEBIUS.</span> <span class='ocrx_word' id='word_1_368' title='bbox 995 2851 1067 2915; x_wconf 82' lang='lat' dir='ltr'><strong>doio,</strong></span> <span class='ocrx_word' id='word_1_369' title='bbox 1080 2855 1130 2906; x_wconf 87' lang='lat' dir='ltr'><strong>uui</strong></span> <span class='ocrx_word' id='word_1_370' title='bbox 1143 2852 1312 2922; x_wconf 82' lang='lat' dir='ltr'><strong>captivitate,</strong></span> <span class='ocrx_word' id='word_1_371' title='bbox 1334 2854 1385 2905; x_wconf 86' lang='lat' dir='ltr'><strong>oui</strong></span> <span class='ocrx_word' id='word_1_372' title='bbox 1405 2849 1536 2906; x_wconf 79' lang='lat' dir='ltr'><strong>violentie</strong></span> <span class='ocrx_word' id='word_1_373' title='bbox 1551 2848 1695 2904; x_wconf 73' lang='lat' dir='ltr'><strong>momrum</strong></span> <span class='ocrx_word' id='word_1_374' title='bbox 1717 2844 1821 2923; x_wconf 62' lang='lat' dir='ltr'><strong>[omium</strong></span> 
     </span>
     <span class='ocr_line' id='line_1_31' title="bbox 379 2937 1822 3012; baseline 0 -19"><span class='ocrx_word' id='word_1_375' title='bbox 379 2937 471 3010; x_wconf 76' lang='lat' dir='ltr'><strong>(Aureo</strong></span> <span class='ocrx_word' id='word_1_376' title='bbox 485 2939 588 2996; x_wconf 75' lang='lat' dir='ltr'><strong>Christi</strong></span> <span class='ocrx_word' id='word_1_377' title='bbox 599 2938 675 3012; x_wconf 85' lang='grc'><strong>309.)</strong></span> <span class='ocrx_word' id='word_1_378' title='bbox 994 2939 1152 3012; x_wconf 74' lang='lat' dir='ltr'><strong>majorumi,</strong></span> <span class='ocrx_word' id='word_1_379' title='bbox 1173 2943 1223 2996; x_wconf 87' lang='lat' dir='ltr'><strong>aut</strong></span> <span class='ocrx_word' id='word_1_380' title='bbox 1238 2955 1290 3012; x_wconf 87' lang='lat' dir='ltr'><strong>per</strong></span> <span class='ocrx_word' id='word_1_381' title='bbox 1315 2955 1493 3011; x_wconf 86' lang='lat' dir='ltr'><strong>quascunque</strong></span> <span class='ocrx_word' id='word_1_382' title='bbox 1514 2939 1638 3008; x_wconf 77' lang='lat' dir='ltr'><strong>injustus</strong></span> <span class='ocrx_word' id='word_1_383' title='bbox 1663 2952 1765 2994; x_wconf 76' lang='lat' dir='ltr'><strong>ocum</strong></span> <span class='ocrx_word' id='word_1_384' title='bbox 1781 2950 1822 2992; x_wconf 85' lang='lat' dir='ltr'><strong>res</strong></span> 
     </span>
     <span class='ocr_line' id='line_1_32' title="bbox 149 2995 1823 3103; baseline -0.001 -19"><span class='ocrx_word' id='word_1_385' title='bbox 149 3025 303 3098; x_wconf 80' lang='lat' dir='ltr'><strong>Eusebius,</strong></span> <span class='ocrx_word' id='word_1_386' title='bbox 323 3028 440 3086; x_wconf 87' lang='lat' dir='ltr'><strong>natione</strong></span> <span class='ocrx_word' id='word_1_387' title='bbox 460 3027 586 3095; x_wconf 82' lang='lat' dir='ltr'><strong>Graecuc,</strong></span> <span class='ocrx_word' id='word_1_388' title='bbox 607 3042 641 3086; x_wconf 89' lang='lat' dir='ltr'><strong>ex</strong></span> <span class='ocrx_word' id='word_1_389' title='bbox 662 3029 782 3101; x_wconf 89' lang='lat' dir='ltr'><strong>medico,</strong></span> <span class='ocrx_word' id='word_1_390' title='bbox 798 3029 874 3087; x_wconf 85' lang='lat' dir='ltr'><strong>sedit</strong></span> <span class='ocrx_word' id='word_1_391' title='bbox 885 3044 941 3087; x_wconf 79' lang='lat' dir='ltr'><strong>an-</strong></span> <span class='ocrx_word' id='word_1_392' title='bbox 956 2995 981 3060; x_wconf 74' lang='lat' dir='ltr'>C</span> <span class='ocrx_word' id='word_1_393' title='bbox 995 3031 1113 3103; x_wconf 75' lang='lat' dir='ltr'><strong>ecciesiae</strong></span> <span class='ocrx_word' id='word_1_394' title='bbox 1125 3030 1168 3086; x_wconf 89' lang='lat' dir='ltr'><strong>oei</strong></span> <span class='ocrx_word' id='word_1_395' title='bbox 1177 3032 1318 3101; x_wconf 86' lang='lat' dir='ltr'><strong>proprios,</strong></span> <span class='ocrx_word' id='word_1_396' title='bbox 1333 3033 1383 3084; x_wconf 87' lang='lat' dir='ltr'><strong>out</strong></span> <span class='ocrx_word' id='word_1_397' title='bbox 1395 3030 1566 3085; x_wconf 83' lang='lat' dir='ltr'><strong>substautias</strong></span> <span class='ocrx_word' id='word_1_398' title='bbox 1584 3042 1654 3083; x_wconf 77' lang='lat' dir='ltr'><strong>sum</strong></span> <span class='ocrx_word' id='word_1_399' title='bbox 1669 3026 1823 3100; x_wconf 81' lang='lat' dir='ltr'><strong>perdidisse</strong></span> 
     </span>
     <span class='ocr_line' id='line_1_33' title="bbox 115 3116 1822 3190; baseline -0.001 -17"><span class='ocrx_word' id='word_1_400' title='bbox 115 3129 167 3174; x_wconf 91' lang='lat' dir='ltr'><strong>uos</strong></span> <span class='ocrx_word' id='word_1_401' title='bbox 183 3129 242 3188; x_wconf 81' lang='lat' dir='ltr'><strong>seu,</strong></span> <span class='ocrx_word' id='word_1_402' title='bbox 260 3130 384 3175; x_wconf 90' lang='lat' dir='ltr'><strong>mensem</strong></span> <span class='ocrx_word' id='word_1_403' title='bbox 401 3132 500 3190; x_wconf 84' lang='lat' dir='ltr'><strong>uuum,</strong></span> <span class='ocrx_word' id='word_1_404' title='bbox 515 3119 578 3176; x_wconf 89' lang='lat' dir='ltr'><strong>dies</strong></span> <span class='ocrx_word' id='word_1_405' title='bbox 594 3125 661 3176; x_wconf 90' lang='lat' dir='ltr'><strong>tres.</strong></span> <span class='ocrx_word' id='word_1_406' title='bbox 678 3119 744 3176; x_wconf 76' lang='lat' dir='ltr'><strong>linit</strong></span> <span class='ocrx_word' id='word_1_407' title='bbox 755 3123 849 3176; x_wconf 86' lang='lat' dir='ltr'><strong>autem</strong></span> <span class='ocrx_word' id='word_1_408' title='bbox 865 3122 942 3175; x_wconf 88' lang='lat' dir='ltr'><strong>ieru-</strong></span> <span class='ocrx_word' id='word_1_409' title='bbox 994 3124 1154 3185; x_wconf 83' lang='lat' dir='ltr'><strong>noscuntur,</strong></span> <span class='ocrx_word' id='word_1_410' title='bbox 1170 3124 1235 3175; x_wconf 85' lang='lat' dir='ltr'><strong>aute</strong></span> <span class='ocrx_word' id='word_1_411' title='bbox 1253 3121 1461 3182; x_wconf 73' lang='lat' dir='ltr'><strong>comisationem,</strong></span> <span class='ocrx_word' id='word_1_412' title='bbox 1482 3122 1532 3174; x_wconf 90' lang='lat' dir='ltr'><strong>aut</strong></span> <span class='ocrx_word' id='word_1_413' title='bbox 1549 3116 1712 3186; x_wconf 81' lang='lat' dir='ltr'><strong>reputarem</strong></span> <span class='ocrx_word' id='word_1_414' title='bbox 1725 3116 1765 3172; x_wconf 81' lang='lat' dir='ltr'><strong>cd</strong></span> <span class='ocrx_word' id='word_1_415' title='bbox 1776 3130 1822 3186; x_wconf 71' lang='lat' dir='ltr'><strong>sp·</strong></span> 
     </span>
     <span class='ocr_line' id='line_1_34' title="bbox 114 3203 1822 3284; baseline -0.001 -21"><span class='ocrx_word' id='word_1_416' title='bbox 114 3205 234 3278; x_wconf 89' lang='lat' dir='ltr'><strong>paribus</strong></span> <span class='ocrx_word' id='word_1_417' title='bbox 247 3207 413 3264; x_wconf 83' lang='lat' dir='ltr'><strong>Constantis</strong></span> <span class='ocrx_word' id='word_1_418' title='bbox 428 3203 647 3284; x_wconf 66' lang='lat' dir='ltr'><strong>[constantinii</strong></span> <span class='ocrx_word' id='word_1_419' title='bbox 658 3209 711 3281; x_wconf 86' lang='lat' dir='ltr'><strong>Qui</strong></span> <span class='ocrx_word' id='word_1_420' title='bbox 728 3223 757 3266; x_wconf 84' lang='lat' dir='ltr'><strong>vi</strong></span> <span class='ocrx_word' id='word_1_421' title='bbox 773 3210 869 3266; x_wconf 87' lang='lat' dir='ltr'><strong>Nonas</strong></span> <span class='ocrx_word' id='word_1_422' title='bbox 882 3208 940 3266; x_wconf 84' lang='lat' dir='ltr'><strong>Oc-</strong></span> <span class='ocrx_word' id='word_1_423' title='bbox 994 3209 1097 3264; x_wconf 83' lang='lat' dir='ltr'><strong>modam</strong></span> <span class='ocrx_word' id='word_1_424' title='bbox 1118 3209 1294 3269; x_wconf 77' lang='lat' dir='ltr'><strong>uocationem,</strong></span> <span class='ocrx_word' id='word_1_425' title='bbox 1318 3222 1420 3273; x_wconf 84' lang='lat' dir='ltr'><strong>eorum,</strong></span> <span class='ocrx_word' id='word_1_426' title='bbox 1442 3210 1471 3263; x_wconf 90' lang='lat' dir='ltr'><strong>et</strong></span> <span class='ocrx_word' id='word_1_427' title='bbox 1485 3205 1609 3278; x_wconf 89' lang='lat' dir='ltr'><strong>reliqua.</strong></span> <span class='ocrx_word' id='word_1_428' title='bbox 1623 3205 1720 3264; x_wconf 83' lang='lat' dir='ltr'><strong>biuits</strong></span> <span class='ocrx_word' id='word_1_429' title='bbox 1733 3205 1822 3263; x_wconf 82' lang='lat' dir='ltr'><strong>adbuc</strong></span> 
     </span>
     <span class='ocr_line' id='line_1_35' title="bbox 113 3294 1664 3369; baseline 0 -17"><span class='ocrx_word' id='word_1_430' title='bbox 113 3295 187 3352; x_wconf 91' lang='lat' dir='ltr'><strong>tobr.</strong></span> <span class='ocrx_word' id='word_1_431' title='bbox 204 3296 337 3368; x_wconf 76' lang='lat' dir='ltr'><strong>migravit</strong></span> <span class='ocrx_word' id='word_1_432' title='bbox 349 3297 384 3352; x_wconf 86' lang='lat' dir='ltr'><strong>cd</strong></span> <span class='ocrx_word' id='word_1_433' title='bbox 394 3297 558 3354; x_wconf 90' lang='lat' dir='ltr'><strong>Dominum.</strong></span> <span class='ocrx_word' id='word_1_434' title='bbox 571 3299 622 3355; x_wconf 91' lang='lat' dir='ltr'><strong>liic</strong></span> <span class='ocrx_word' id='word_1_435' title='bbox 635 3298 781 3355; x_wconf 85' lang='lat' dir='ltr'><strong>ordinarit</strong></span> <span class='ocrx_word' id='word_1_436' title='bbox 789 3299 941 3369; x_wconf 87' lang='lat' dir='ltr'><strong>episcopos</strong></span> <span class='ocrx_word' id='word_1_437' title='bbox 995 3298 1025 3355; x_wconf 93' lang='lat' dir='ltr'><strong>ln</strong></span> <span class='ocrx_word' id='word_1_438' title='bbox 1046 3298 1144 3356; x_wconf 84' lang='lat' dir='ltr'><strong>eadem</strong></span> <span class='ocrx_word' id='word_1_439' title='bbox 1158 3298 1192 3355; x_wconf 84' lang='lat' dir='ltr'><strong>sd</strong></span> <span class='ocrx_word' id='word_1_440' title='bbox 1210 3297 1284 3354; x_wconf 89' lang='lat' dir='ltr'><strong>idem</strong></span> <span class='ocrx_word' id='word_1_441' title='bbox 1305 3295 1482 3368; x_wconf 90' lang='lat' dir='ltr'><strong>probandum</strong></span> <span class='ocrx_word' id='word_1_442' title='bbox 1497 3294 1664 3367; x_wconf 77' lang='lat' dir='ltr'><strong>subiungit.</strong></span> 
     </span>
     <span class='ocr_line' id='line_1_36' title="bbox 114 3382 1644 3458; baseline -0.001 -15"><span class='ocrx_word' id='word_1_443' title='bbox 114 3390 249 3458; x_wconf 82' lang='lat' dir='ltr'><strong>quatuor,</strong></span> <span class='ocrx_word' id='word_1_444' title='bbox 276 3385 456 3457; x_wconf 83' lang='lat' dir='ltr'><strong>presbyteros</strong></span> <span class='ocrx_word' id='word_1_445' title='bbox 480 3387 626 3446; x_wconf 86' lang='lat' dir='ltr'><strong>tredecim.</strong></span> <span class='ocrx_word' id='word_1_446' title='bbox 642 3386 780 3445; x_wconf 87' lang='lat' dir='ltr'><strong>diaconos</strong></span> <span class='ocrx_word' id='word_1_447' title='bbox 806 3394 873 3445; x_wconf 88' lang='lat' dir='ltr'><strong>tres.</strong></span> <span class='ocrx_word' id='word_1_448' title='bbox 888 3388 940 3445; x_wconf 90' lang='lat' dir='ltr'><strong>iiic</strong></span> <span class='ocrx_word' id='word_1_449' title='bbox 1172 3386 1302 3444; x_wconf 79' lang='lat' dir='ltr'><strong>xxxiii.</strong></span> <span class='ocrx_word' id='word_1_450' title='bbox 1318 3416 1355 3428; x_wconf 90' lang='lat'><em>-</em></span> <span class='ocrx_word' id='word_1_451' title='bbox 1369 3386 1396 3442; x_wconf 88' lang='lat' dir='ltr'><strong>S.</strong></span> <span class='ocrx_word' id='word_1_452' title='bbox 1416 3382 1644 3442; x_wconf 77' lang='lat' dir='ltr'><strong>lliibciiiailliis.</strong></span> 
     </span>
     <span class='ocr_line' id='line_1_37' title="bbox 114 3470 1560 3549; baseline -0.001 -17"><span class='ocrx_word' id='word_1_453' title='bbox 114 3480 172 3532; x_wconf 84' lang='lat' dir='ltr'><strong>tres</strong></span> <span class='ocrx_word' id='word_1_454' title='bbox 184 3475 322 3548; x_wconf 88' lang='lat' dir='ltr'><strong>epistolas</strong></span> <span class='ocrx_word' id='word_1_455' title='bbox 338 3475 495 3533; x_wconf 80' lang='lat' dir='ltr'><strong>decretales</strong></span> <span class='ocrx_word' id='word_1_456' title='bbox 507 3475 585 3545; x_wconf 90' lang='lat' dir='ltr'><strong>iecit,</strong></span> <span class='ocrx_word' id='word_1_457' title='bbox 601 3484 630 3534; x_wconf 90' lang='lat' dir='ltr'><strong>et</strong></span> <span class='ocrx_word' id='word_1_458' title='bbox 651 3477 682 3533; x_wconf 94' lang='lat' dir='ltr'><strong>in</strong></span> <span class='ocrx_word' id='word_1_459' title='bbox 697 3477 758 3549; x_wconf 85' lang='lat' dir='ltr'><strong>iiia,</strong></span> <span class='ocrx_word' id='word_1_460' title='bbox 770 3491 855 3548; x_wconf 86' lang='lat' dir='ltr'><strong>quam</strong></span> <span class='ocrx_word' id='word_1_461' title='bbox 870 3476 942 3534; x_wconf 90' lang='lat' dir='ltr'><strong>uni·</strong></span> <span class='ocrx_word' id='word_1_462' title='bbox 1250 3474 1345 3547; x_wconf 74' lang='lat' dir='ltr'><strong>(dumo</strong></span> <span class='ocrx_word' id='word_1_463' title='bbox 1363 3474 1465 3531; x_wconf 80' lang='lat' dir='ltr'><strong>diristi</strong></span> <span class='ocrx_word' id='word_1_464' title='bbox 1485 3470 1560 3547; x_wconf 80' lang='lat' dir='ltr'><strong>sil.)</strong></span> 
     </span>
     <span class='ocr_line' id='line_1_38' title="bbox 115 3563 1821 3638; baseline 0.004 -20"><span class='ocrx_word' id='word_1_465' title='bbox 115 3563 362 3636; x_wconf 87' lang='lat' dir='ltr'><strong>versisepiscopis</strong></span> <span class='ocrx_word' id='word_1_466' title='bbox 377 3578 426 3634; x_wconf 85' lang='lat' dir='ltr'><strong>per</strong></span> <span class='ocrx_word' id='word_1_467' title='bbox 439 3564 621 3634; x_wconf 83' lang='lat' dir='ltr'><strong>Campaniam</strong></span> <span class='ocrx_word' id='word_1_468' title='bbox 637 3570 666 3622; x_wconf 93' lang='lat' dir='ltr'><strong>et</strong></span> <span class='ocrx_word' id='word_1_469' title='bbox 678 3564 811 3623; x_wconf 75' lang='lat' dir='ltr'><strong>luscium</strong></span> <span class='ocrx_word' id='word_1_470' title='bbox 827 3565 941 3622; x_wconf 86' lang='lat' dir='ltr'><strong>cunsti—</strong></span> <span class='ocrx_word' id='word_1_471' title='bbox 1029 3566 1213 3638; x_wconf 88' lang='lat' dir='ltr'><strong>iielcbiades,</strong></span> <span class='ocrx_word' id='word_1_472' title='bbox 1231 3564 1348 3623; x_wconf 89' lang='lat' dir='ltr'><strong>natione</strong></span> <span class='ocrx_word' id='word_1_473' title='bbox 1370 3563 1448 3629; x_wconf 72' lang='lat' dir='ltr'><strong>bier,</strong></span> <span class='ocrx_word' id='word_1_474' title='bbox 1469 3563 1544 3620; x_wconf 86' lang='lat' dir='ltr'><strong>sedit</strong></span> <span class='ocrx_word' id='word_1_475' title='bbox 1567 3576 1664 3622; x_wconf 83' lang='lat' dir='ltr'><strong>suuos</strong></span> <span class='ocrx_word' id='word_1_476' title='bbox 1690 3567 1821 3638; x_wconf 78' lang='lat' dir='ltr'><strong>quatuor.</strong></span> 
     </span>
     <span class='ocr_line' id='line_1_39' title="bbox 116 3652 1823 3728; baseline -0.001 -18"><span class='ocrx_word' id='word_1_477' title='bbox 116 3653 188 3711; x_wconf 89' lang='lat' dir='ltr'><strong>tutis</strong></span> <span class='ocrx_word' id='word_1_478' title='bbox 197 3652 414 3724; x_wconf 83' lang='lat' dir='ltr'><strong>scripsit(epiat.</strong></span> <span class='ocrx_word' id='word_1_479' title='bbox 428 3653 464 3725; x_wconf 82' lang='lat'><strong>3),</strong></span> <span class='ocrx_word' id='word_1_480' title='bbox 475 3653 643 3711; x_wconf 89' lang='lat' dir='ltr'><strong>solemniter</strong></span> <span class='ocrx_word' id='word_1_481' title='bbox 654 3653 793 3711; x_wconf 83' lang='lat' dir='ltr'><strong>celebrari</strong></span> <span class='ocrx_word' id='word_1_482' title='bbox 806 3654 940 3725; x_wconf 80' lang='lat' dir='ltr'><strong>pracepit</strong></span> <span class='ocrx_word' id='word_1_483' title='bbox 996 3669 1106 3714; x_wconf 89' lang='lat' dir='ltr'><strong>menses</strong></span> <span class='ocrx_word' id='word_1_484' title='bbox 1126 3662 1243 3728; x_wconf 88' lang='lat' dir='ltr'><strong>septem,</strong></span> <span class='ocrx_word' id='word_1_485' title='bbox 1258 3655 1322 3713; x_wconf 91' lang='lat' dir='ltr'><strong>dles</strong></span> <span class='ocrx_word' id='word_1_486' title='bbox 1345 3659 1418 3713; x_wconf 87' lang='lat' dir='ltr'><strong>octo.</strong></span> <span class='ocrx_word' id='word_1_487' title='bbox 1439 3653 1616 3712; x_wconf 74' lang='lat' dir='ltr'><strong>iiultautem</strong></span> <span class='ocrx_word' id='word_1_488' title='bbox 1645 3652 1823 3726; x_wconf 80' lang='lat' dir='ltr'><strong>temporibus</strong></span> 
     </span>
     <span class='ocr_line' id='line_1_40' title="bbox 114 3741 1823 3813; baseline 0 -15"><span class='ocrx_word' id='word_1_489' title='bbox 114 3741 220 3798; x_wconf 83' lang='lat' dir='ltr'><strong>festum</strong></span> <span class='ocrx_word' id='word_1_490' title='bbox 232 3741 409 3799; x_wconf 87' lang='lat' dir='ltr'><strong>inventionis</strong></span> <span class='ocrx_word' id='word_1_491' title='bbox 419 3746 525 3798; x_wconf 79' lang='lat' dir='ltr'><strong>saneim</strong></span> <span class='ocrx_word' id='word_1_492' title='bbox 537 3742 643 3813; x_wconf 88' lang='lat' dir='ltr'><strong>crucis,</strong></span> <span class='ocrx_word' id='word_1_493' title='bbox 657 3756 720 3813; x_wconf 80' lang='lat' dir='ltr'><strong>quae</strong></span> <span class='ocrx_word' id='word_1_494' title='bbox 730 3742 794 3799; x_wconf 87' lang='lat' dir='ltr'><strong>suis</strong></span> <span class='ocrx_word' id='word_1_495' title='bbox 806 3742 940 3812; x_wconf 90' lang='lat' dir='ltr'><strong>tempori·</strong></span> <span class='ocrx_word' id='word_1_496' title='bbox 994 3745 1130 3802; x_wconf 83' lang='lat' dir='ltr'><strong>iiaxentii</strong></span> <span class='ocrx_word' id='word_1_497' title='bbox 1145 3749 1174 3802; x_wconf 93' lang='lat' dir='ltr'><strong>ei</strong></span> <span class='ocrx_word' id='word_1_498' title='bbox 1187 3743 1336 3802; x_wconf 83' lang='lat' dir='ltr'><strong>Volusiani</strong></span> <span class='ocrx_word' id='word_1_499' title='bbox 1346 3747 1375 3801; x_wconf 94' lang='lat' dir='ltr'><strong>et</strong></span> <span class='ocrx_word' id='word_1_500' title='bbox 1389 3742 1485 3801; x_wconf 81' lang='lat' dir='ltr'><strong>Ruiiui</strong></span> <span class='ocrx_word' id='word_1_501' title='bbox 1496 3742 1665 3800; x_wconf 88' lang='lat' dir='ltr'><strong>consulum.</strong></span> <span class='ocrx_word' id='word_1_502' title='bbox 1679 3742 1732 3800; x_wconf 89' lang='lat' dir='ltr'><strong>ilic</strong></span> <span class='ocrx_word' id='word_1_503' title='bbox 1744 3741 1823 3800; x_wconf 83' lang='lat' dir='ltr'><strong>ordi·</strong></span> 
     </span>
     <span class='ocr_line' id='line_1_41' title="bbox 115 3828 1823 3905; baseline 0.001 -20"><span class='ocrx_word' id='word_1_504' title='bbox 115 3829 202 3886; x_wconf 84' lang='lat' dir='ltr'><strong>busr</strong></span> <span class='ocrx_word' id='word_1_505' title='bbox 225 3832 320 3886; x_wconf 85' lang='lat' dir='ltr'><strong>Nonas</strong></span> <span class='ocrx_word' id='word_1_506' title='bbox 334 3829 406 3904; x_wconf 82' lang='lat' dir='ltr'><strong>liaii</strong></span> <span class='ocrx_word' id='word_1_507' title='bbox 425 3829 540 3885; x_wconf 80' lang='lat' dir='ltr'><strong>inventa</strong></span> <span class='ocrx_word' id='word_1_508' title='bbox 562 3833 607 3886; x_wconf 91' lang='lat' dir='ltr'><strong>est</strong></span> <span class='ocrx_word' id='word_1_509' title='bbox 627 3828 670 3899; x_wconf 75' lang='lat' dir='ltr'><strong>iate</strong></span> <span class='ocrx_word' id='word_1_510' title='bbox 682 3830 761 3886; x_wconf 81' lang='lat' dir='ltr'><strong>dous.</strong></span> <span class='ocrx_word' id='word_1_511' title='bbox 777 3831 846 3888; x_wconf 90' lang='lat' dir='ltr'><strong>dist.</strong></span> <span class='ocrx_word' id='word_1_512' title='bbox 863 3828 890 3902; x_wconf 80' lang='lat'><strong>3,</strong></span> <span class='ocrx_word' id='word_1_513' title='bbox 912 3845 937 3888; x_wconf 85' lang='lat' dir='ltr'><strong>c.</strong></span> <span class='ocrx_word' id='word_1_514' title='bbox 994 3833 1074 3891; x_wconf 87' lang='lat' dir='ltr'><strong>uarii</strong></span> <span class='ocrx_word' id='word_1_515' title='bbox 1091 3833 1241 3905; x_wconf 91' lang='lat' dir='ltr'><strong>episcopos</strong></span> <span class='ocrx_word' id='word_1_516' title='bbox 1254 3831 1397 3904; x_wconf 83' lang='lat' dir='ltr'><strong>undecim,</strong></span> <span class='ocrx_word' id='word_1_517' title='bbox 1423 3832 1604 3904; x_wconf 80' lang='lat' dir='ltr'><strong>presbyteros</strong></span> <span class='ocrx_word' id='word_1_518' title='bbox 1623 3834 1748 3903; x_wconf 86' lang='lat' dir='ltr'><strong>septem,</strong></span> <span class='ocrx_word' id='word_1_519' title='bbox 1760 3831 1823 3888; x_wconf 78' lang='lat' dir='ltr'><strong>dit·</strong></span> 
     </span>
     <span class='ocr_line' id='line_1_42' title="bbox 115 3916 1821 3995; baseline 0.002 -22"><span class='ocrx_word' id='word_1_520' title='bbox 115 3916 228 3989; x_wconf 77' lang='lat' dir='ltr'><strong>drucio).</strong></span> <span class='ocrx_word' id='word_1_521' title='bbox 243 3916 386 3974; x_wconf 90' lang='lat' dir='ltr'><strong>Similiter</strong></span> <span class='ocrx_word' id='word_1_522' title='bbox 398 3917 428 3973; x_wconf 95' lang='lat' dir='ltr'><strong>in</strong></span> <span class='ocrx_word' id='word_1_523' title='bbox 450 3916 547 3975; x_wconf 87' lang='lat' dir='ltr'><strong>eadem</strong></span> <span class='ocrx_word' id='word_1_524' title='bbox 573 3920 708 3991; x_wconf 75' lang='lat' dir='ltr'><strong>precepit</strong></span> <span class='ocrx_word' id='word_1_525' title='bbox 727 3917 860 3991; x_wconf 75' lang='lat' dir='ltr'><strong>(delicus.</strong></span> <span class='ocrx_word' id='word_1_526' title='bbox 873 3921 938 3976; x_wconf 84' lang='lat' dir='ltr'><strong>dist.</strong></span> <span class='ocrx_word' id='word_1_527' title='bbox 995 3935 1082 3980; x_wconf 89' lang='lat' dir='ltr'><strong>conos</strong></span> <span class='ocrx_word' id='word_1_528' title='bbox 1105 3923 1330 3995; x_wconf 68' lang='lat' dir='ltr'><strong>quinqueuiri</strong></span> <span class='ocrx_word' id='word_1_529' title='bbox 1355 3923 1421 3980; x_wconf 90' lang='lat' dir='ltr'><strong>idus</strong></span> <span class='ocrx_word' id='word_1_530' title='bbox 1439 3921 1606 3980; x_wconf 85' lang='lat' dir='ltr'><strong>Decembris</strong></span> <span class='ocrx_word' id='word_1_531' title='bbox 1630 3920 1771 3992; x_wconf 72' lang='lat' dir='ltr'><strong>migrarit</strong></span> <span class='ocrx_word' id='word_1_532' title='bbox 1790 3920 1821 3976; x_wconf 80' lang='lat' dir='ltr'><strong>sd</strong></span> 
     </span>
     <span class='ocr_line' id='line_1_43' title="bbox 114 4003 1824 4084; baseline 0.002 -21"><span class='ocrx_word' id='word_1_533' title='bbox 114 4003 427 4079; x_wconf 61' lang='lat' dir='ltr'><strong>autumationum</strong></span> <span class='ocrx_word' id='word_1_534' title='bbox 442 4007 640 4065; x_wconf 87' lang='lat' dir='ltr'><strong>baereticosad</strong></span> <span class='ocrx_word' id='word_1_535' title='bbox 662 4009 876 4068; x_wconf 85' lang='lat' dir='ltr'><strong>conversionem</strong></span> <span class='ocrx_word' id='word_1_536' title='bbox 890 4023 942 4067; x_wconf 85' lang='lat' dir='ltr'><strong>re-</strong></span> <span class='ocrx_word' id='word_1_537' title='bbox 993 4011 1156 4068; x_wconf 85' lang='lat' dir='ltr'><strong>liominum.</strong></span> <span class='ocrx_word' id='word_1_538' title='bbox 1174 4012 1229 4069; x_wconf 88' lang='lat' dir='ltr'><strong>iste</strong></span> <span class='ocrx_word' id='word_1_539' title='bbox 1252 4016 1356 4079; x_wconf 82' lang='lat' dir='ltr'><strong>autem,</strong></span> <span class='ocrx_word' id='word_1_540' title='bbox 1385 4012 1416 4069; x_wconf 91' lang='lat' dir='ltr'><strong>in</strong></span> <span class='ocrx_word' id='word_1_541' title='bbox 1436 4011 1558 4084; x_wconf 84' lang='lat' dir='ltr'><strong>epistola</strong></span> <span class='ocrx_word' id='word_1_542' title='bbox 1574 4023 1664 4083; x_wconf 83' lang='lat' dir='ltr'><strong>quam</strong></span> <span class='ocrx_word' id='word_1_543' title='bbox 1692 4009 1824 4082; x_wconf 82' lang='lat' dir='ltr'><strong>liispanis</strong></span> 
     </span>
     <span class='ocr_line' id='line_1_44' title="bbox 115 4093 1824 4174; baseline 0.003 -24"><span class='ocrx_word' id='word_1_544' title='bbox 115 4093 238 4166; x_wconf 83' lang='lat' dir='ltr'><strong>utentes,</strong></span> <span class='ocrx_word' id='word_1_545' title='bbox 251 4095 277 4152; x_wconf 90' lang='lat' dir='ltr'><strong>si</strong></span> <span class='ocrx_word' id='word_1_546' title='bbox 292 4095 321 4152; x_wconf 91' lang='lat' dir='ltr'><strong>iu</strong></span> <span class='ocrx_word' id='word_1_547' title='bbox 334 4094 389 4152; x_wconf 89' lang='lat' dir='ltr'><strong>ilde</strong></span> <span class='ocrx_word' id='word_1_548' title='bbox 400 4097 428 4151; x_wconf 88' lang='lat' dir='ltr'><strong>s.</strong></span> <span class='ocrx_word' id='word_1_549' title='bbox 441 4095 594 4154; x_wconf 83' lang='lat' dir='ltr'><strong>Trinitatis</strong></span> <span class='ocrx_word' id='word_1_550' title='bbox 609 4097 746 4169; x_wconf 86' lang='lat' dir='ltr'><strong>baptizati</strong></span> <span class='ocrx_word' id='word_1_551' title='bbox 770 4104 875 4172; x_wconf 86' lang='lat' dir='ltr'><strong>esseut,</strong></span> <span class='ocrx_word' id='word_1_552' title='bbox 892 4114 942 4171; x_wconf 93' lang='lat' dir='ltr'><strong>per</strong></span> <span class='ocrx_word' id='word_1_553' title='bbox 995 4100 1140 4172; x_wconf 89' lang='lat' dir='ltr'><strong>episcopis</strong></span> <span class='ocrx_word' id='word_1_554' title='bbox 1158 4100 1275 4172; x_wconf 84' lang='lat' dir='ltr'><strong>direxit,</strong></span> <span class='ocrx_word' id='word_1_555' title='bbox 1301 4114 1351 4159; x_wconf 90' lang='lat' dir='ltr'><strong>eos</strong></span> <span class='ocrx_word' id='word_1_556' title='bbox 1379 4100 1505 4174; x_wconf 75' lang='lat' dir='ltr'><strong>rogando</strong></span> <span class='ocrx_word' id='word_1_557' title='bbox 1522 4104 1552 4159; x_wconf 89' lang='lat' dir='ltr'><strong>et</strong></span> <span class='ocrx_word' id='word_1_558' title='bbox 1574 4098 1759 4158; x_wconf 82' lang='lat' dir='ltr'><strong>obsecrando</strong></span> <span class='ocrx_word' id='word_1_559' title='bbox 1779 4099 1824 4155; x_wconf 85' lang='lat' dir='ltr'><strong>iu-</strong></span> 
     </span>
     <span class='ocr_line' id='line_1_45' title="bbox 116 4184 1822 4262; baseline 0.002 -22"><span class='ocrx_word' id='word_1_560' title='bbox 116 4196 219 4241; x_wconf 83' lang='lat' dir='ltr'><strong>msuus</strong></span> <span class='ocrx_word' id='word_1_561' title='bbox 247 4184 460 4256; x_wconf 87' lang='lat' dir='ltr'><strong>impositionem</strong></span> <span class='ocrx_word' id='word_1_562' title='bbox 483 4198 545 4243; x_wconf 89' lang='lat' dir='ltr'><strong>esse</strong></span> <span class='ocrx_word' id='word_1_563' title='bbox 568 4187 814 4245; x_wconf 84' lang='lat' dir='ltr'><strong>reconciliandos:</strong></span> <span class='ocrx_word' id='word_1_564' title='bbox 836 4194 864 4244; x_wconf 91' lang='lat' dir='ltr'><strong>et</strong></span> <span class='ocrx_word' id='word_1_565' title='bbox 888 4189 940 4247; x_wconf 89' lang='lat' dir='ltr'><strong>boo</strong></span> <span class='ocrx_word' id='word_1_566' title='bbox 995 4190 1113 4252; x_wconf 84' lang='lat' dir='ltr'><strong>struxit,</strong></span> <span class='ocrx_word' id='word_1_567' title='bbox 1126 4190 1260 4260; x_wconf 91' lang='lat' dir='ltr'><strong>utprimo</strong></span> <span class='ocrx_word' id='word_1_568' title='bbox 1271 4188 1822 4262; x_wconf 74' lang='lat' dir='ltr'><strong>semperumniadiilgenteriuquirat,</strong></span> 
     </span>
     <span class='ocr_line' id='line_1_46' title="bbox 115 4274 1824 4349; baseline 0 -18"><span class='ocrx_word' id='word_1_569' title='bbox 115 4274 484 4344; x_wconf 78' lang='lat' dir='ltr'><strong>sacramentummdelicet</strong></span> <span class='ocrx_word' id='word_1_570' title='bbox 500 4288 601 4334; x_wconf 89' lang='lat' dir='ltr'><strong>manus</strong></span> <span class='ocrx_word' id='word_1_571' title='bbox 615 4276 821 4348; x_wconf 88' lang='lat' dir='ltr'><strong>impositionis,</strong></span> <span class='ocrx_word' id='word_1_572' title='bbox 835 4290 886 4334; x_wconf 91' lang='lat' dir='ltr'><strong>nec</strong></span> <span class='ocrx_word' id='word_1_573' title='bbox 895 4277 942 4334; x_wconf 88' lang='lat' dir='ltr'><strong>de·</strong></span> <span class='ocrx_word' id='word_1_574' title='bbox 995 4283 1023 4334; x_wconf 92' lang='lat' dir='ltr'><strong>et</strong></span> <span class='ocrx_word' id='word_1_575' title='bbox 1046 4291 1110 4335; x_wconf 88' lang='lat' dir='ltr'><strong>cum</strong></span> <span class='ocrx_word' id='word_1_576' title='bbox 1138 4277 1254 4349; x_wconf 79' lang='lat' dir='ltr'><strong>iustitia</strong></span> <span class='ocrx_word' id='word_1_577' title='bbox 1278 4282 1307 4335; x_wconf 95' lang='lat' dir='ltr'><strong>et</strong></span> <span class='ocrx_word' id='word_1_578' title='bbox 1336 4278 1477 4336; x_wconf 86' lang='lat' dir='ltr'><strong>cbariiaie</strong></span> <span class='ocrx_word' id='word_1_579' title='bbox 1499 4277 1653 4347; x_wconf 87' lang='lat' dir='ltr'><strong>deliniant,</strong></span> <span class='ocrx_word' id='word_1_580' title='bbox 1684 4276 1824 4336; x_wconf 82' lang='lat' dir='ltr'><strong>nemiuem</strong></span> 
     </span>
     <span class='ocr_line' id='line_1_47' title="bbox 115 4362 1825 4439; baseline 0.001 -17"><span class='ocrx_word' id='word_1_581' title='bbox 115 4363 191 4435; x_wconf 85' lang='lat' dir='ltr'><strong>bere,</strong></span> <span class='ocrx_word' id='word_1_582' title='bbox 209 4378 260 4421; x_wconf 85' lang='lat' dir='ltr'><strong>uec</strong></span> <span class='ocrx_word' id='word_1_583' title='bbox 283 4363 346 4422; x_wconf 89' lang='lat' dir='ltr'><strong>lieri</strong></span> <span class='ocrx_word' id='word_1_584' title='bbox 372 4379 454 4436; x_wconf 90' lang='lat' dir='ltr'><strong>posse</strong></span> <span class='ocrx_word' id='word_1_585' title='bbox 475 4366 511 4423; x_wconf 85' lang='lat' dir='ltr'><strong>ab</strong></span> <span class='ocrx_word' id='word_1_586' title='bbox 536 4367 616 4438; x_wconf 85' lang='lat' dir='ltr'><strong>aliis,</strong></span> <span class='ocrx_word' id='word_1_587' title='bbox 633 4378 717 4439; x_wconf 86' lang='lat' dir='ltr'><strong>quam</strong></span> <span class='ocrx_word' id='word_1_588' title='bbox 741 4364 778 4421; x_wconf 81' lang='lat' dir='ltr'><strong>ab</strong></span> <span class='ocrx_word' id='word_1_589' title='bbox 796 4366 941 4438; x_wconf 89' lang='lat' dir='ltr'><strong>episcopis</strong></span> <span class='ocrx_word' id='word_1_590' title='bbox 954 4362 980 4425; x_wconf 86' lang='lat' dir='ltr'>D</span> <span class='ocrx_word' id='word_1_591' title='bbox 994 4371 1061 4424; x_wconf 88' lang='lat' dir='ltr'><strong>aute</strong></span> <span class='ocrx_word' id='word_1_592' title='bbox 1075 4380 1172 4424; x_wconf 82' lang='lat' dir='ltr'><strong>verum</strong></span> <span class='ocrx_word' id='word_1_593' title='bbox 1193 4371 1222 4423; x_wconf 89' lang='lat' dir='ltr'><strong>et</strong></span> <span class='ocrx_word' id='word_1_594' title='bbox 1240 4368 1350 4438; x_wconf 76' lang='lat' dir='ltr'><strong>jasium</strong></span> <span class='ocrx_word' id='word_1_595' title='bbox 1372 4367 1516 4438; x_wconf 82' lang='lat' dir='ltr'><strong>judicium</strong></span> <span class='ocrx_word' id='word_1_596' title='bbox 1535 4366 1743 4436; x_wconf 83' lang='lat' dir='ltr'><strong>condemnent,</strong></span> <span class='ocrx_word' id='word_1_597' title='bbox 1759 4363 1825 4423; x_wconf 91' lang='lat' dir='ltr'><strong>nui-</strong></span> 
     </span>
     <span class='ocr_line' id='line_1_48' title="bbox 115 4452 1826 4527; baseline 0.001 -17"><span class='ocrx_word' id='word_1_598' title='bbox 115 4452 201 4524; x_wconf 82' lang='lat' dir='ltr'><strong>dixit,</strong></span> <span class='ocrx_word' id='word_1_599' title='bbox 213 4459 241 4512; x_wconf 88' lang='lat' dir='ltr'><strong>et</strong></span> <span class='ocrx_word' id='word_1_600' title='bbox 252 4453 339 4512; x_wconf 88' lang='lat' dir='ltr'><strong>aliter</strong></span> <span class='ocrx_word' id='word_1_601' title='bbox 355 4468 488 4526; x_wconf 72' lang='lat' dir='ltr'><strong>presumi</strong></span> <span class='ocrx_word' id='word_1_602' title='bbox 499 4461 561 4511; x_wconf 91' lang='lat' dir='ltr'><strong>tum</strong></span> <span class='ocrx_word' id='word_1_603' title='bbox 578 4455 694 4512; x_wconf 90' lang='lat' dir='ltr'><strong>irritum</strong></span> <span class='ocrx_word' id='word_1_604' title='bbox 705 4458 734 4510; x_wconf 92' lang='lat' dir='ltr'><strong>et</strong></span> <span class='ocrx_word' id='word_1_605' title='bbox 748 4468 868 4511; x_wconf 82' lang='lat' dir='ltr'><strong>vacuum</strong></span> <span class='ocrx_word' id='word_1_606' title='bbox 885 4455 940 4513; x_wconf 53' lang='lat' dir='ltr'><strong>bau</strong></span> <span class='ocrx_word' id='word_1_607' title='bbox 995 4454 1055 4512; x_wconf 89' lang='lat' dir='ltr'><strong>iurn</strong></span> <span class='ocrx_word' id='word_1_608' title='bbox 1068 4455 1246 4527; x_wconf 87' lang='lat' dir='ltr'><strong>suspicionis</strong></span> <span class='ocrx_word' id='word_1_609' title='bbox 1259 4456 1383 4513; x_wconf 88' lang='lat' dir='ltr'><strong>arbitrio</strong></span> <span class='ocrx_word' id='word_1_610' title='bbox 1394 4455 1535 4527; x_wconf 79' lang='lat' dir='ltr'><strong>iudicent,</strong></span> <span class='ocrx_word' id='word_1_611' title='bbox 1551 4456 1601 4512; x_wconf 87' lang='lat' dir='ltr'><strong>sed</strong></span> <span class='ocrx_word' id='word_1_612' title='bbox 1618 4456 1753 4527; x_wconf 87' lang='lat' dir='ltr'><strong>primum</strong></span> <span class='ocrx_word' id='word_1_613' title='bbox 1768 4466 1826 4527; x_wconf 76' lang='lat' dir='ltr'><strong>pro</strong></span> 
     </span>
     <span class='ocr_line' id='line_1_49' title="bbox 115 4539 1827 4616; baseline 0.002 -20"><span class='ocrx_word' id='word_1_614' title='bbox 115 4539 250 4614; x_wconf 88' lang='lat' dir='ltr'><strong>bendum,</strong></span> <span class='ocrx_word' id='word_1_615' title='bbox 267 4557 319 4600; x_wconf 86' lang='lat' dir='ltr'><strong>nec</strong></span> <span class='ocrx_word' id='word_1_616' title='bbox 336 4541 614 4601; x_wconf 84' lang='lat' dir='ltr'><strong>iniereccieslastica</strong></span> <span class='ocrx_word' id='word_1_617' title='bbox 625 4542 690 4612; x_wconf 79' lang='lat' dir='ltr'><strong>iura</strong></span> <span class='ocrx_word' id='word_1_618' title='bbox 702 4542 902 4612; x_wconf 89' lang='lat' dir='ltr'><strong>reputandum.</strong></span> <span class='ocrx_word' id='word_1_619' title='bbox 995 4544 1062 4602; x_wconf 94' lang='lat' dir='ltr'><strong>bent</strong></span> <span class='ocrx_word' id='word_1_620' title='bbox 1076 4550 1105 4602; x_wconf 93' lang='lat' dir='ltr'><strong>et</strong></span> <span class='ocrx_word' id='word_1_621' title='bbox 1120 4550 1217 4616; x_wconf 87' lang='lat' dir='ltr'><strong>postes</strong></span> <span class='ocrx_word' id='word_1_622' title='bbox 1231 4546 1403 4603; x_wconf 80' lang='lat' dir='ltr'><strong>charitative</strong></span> <span class='ocrx_word' id='word_1_623' title='bbox 1430 4544 1601 4602; x_wconf 82' lang='lat' dir='ltr'><strong>senteutiam</strong></span> <span class='ocrx_word' id='word_1_624' title='bbox 1625 4545 1827 4616; x_wconf 67' lang='lat' dir='ltr'><strong>protensum</strong></span> 
     </span>
     <span class='ocr_line' id='line_1_50' title="bbox 151 4629 1825 4708; baseline 0.003 -24"><span class='ocrx_word' id='word_1_625' title='bbox 151 4630 182 4684; x_wconf 96' lang='lat' dir='ltr'><strong>in</strong></span> <span class='ocrx_word' id='word_1_626' title='bbox 198 4629 248 4686; x_wconf 88' lang='lat' dir='ltr'><strong>iiia</strong></span> <span class='ocrx_word' id='word_1_627' title='bbox 274 4644 341 4687; x_wconf 80' lang='lat' dir='ltr'><strong>uero</strong></span> <span class='ocrx_word' id='word_1_628' title='bbox 352 4630 484 4703; x_wconf 84' lang='lat' dir='ltr'><strong>epistola,</strong></span> <span class='ocrx_word' id='word_1_629' title='bbox 513 4644 598 4701; x_wconf 78' lang='lat' dir='ltr'><strong>quum</strong></span> <span class='ocrx_word' id='word_1_630' title='bbox 620 4629 779 4689; x_wconf 86' lang='lat' dir='ltr'><strong>Gallicanis</strong></span> <span class='ocrx_word' id='word_1_631' title='bbox 796 4632 940 4704; x_wconf 89' lang='lat' dir='ltr'><strong>episcopis</strong></span> <span class='ocrx_word' id='word_1_632' title='bbox 995 4634 1070 4707; x_wconf 92' lang='lat' dir='ltr'><strong>quod</strong></span> <span class='ocrx_word' id='word_1_633' title='bbox 1083 4633 1141 4690; x_wconf 89' lang='lat' dir='ltr'><strong>sibi</strong></span> <span class='ocrx_word' id='word_1_634' title='bbox 1166 4633 1227 4690; x_wconf 87' lang='lat' dir='ltr'><strong>lieri</strong></span> <span class='ocrx_word' id='word_1_635' title='bbox 1242 4634 1354 4708; x_wconf 91' lang='lat' dir='ltr'><strong>nolunt,</strong></span> <span class='ocrx_word' id='word_1_636' title='bbox 1369 4634 1453 4692; x_wconf 87' lang='lat' dir='ltr'><strong>atteri</strong></span> <span class='ocrx_word' id='word_1_637' title='bbox 1467 4647 1523 4691; x_wconf 89' lang='lat' dir='ltr'><strong>nou</strong></span> <span class='ocrx_word' id='word_1_638' title='bbox 1539 4632 1672 4690; x_wconf 80' lang='lat' dir='ltr'><strong>inierant</strong></span> <span class='ocrx_word' id='word_1_639' title='bbox 1684 4634 1766 4705; x_wconf 73' lang='lat' dir='ltr'><strong>(rob.</strong></span> <span class='ocrx_word' id='word_1_640' title='bbox 1781 4633 1825 4705; x_wconf 86' lang='lat' dir='ltr'><strong>rr),</strong></span> 
     </span>
     <span class='ocr_line' id='line_1_51' title="bbox 87 4715 1827 4793; baseline 0.004 -21"><span class='ocrx_word' id='word_1_641' title='bbox 87 4784 89 4789; x_wconf 68' lang='lat'><strong>,</strong></span> <span class='ocrx_word' id='word_1_642' title='bbox 116 4715 271 4774; x_wconf 86' lang='lat' dir='ltr'><strong>destinarit</strong></span> <span class='ocrx_word' id='word_1_643' title='bbox 285 4717 373 4790; x_wconf 83' lang='lat' dir='ltr'><strong>(epist.</strong></span> <span class='ocrx_word' id='word_1_644' title='bbox 394 4718 430 4790; x_wconf 74' lang='lat' dir='ltr'><strong>ir,</strong></span> <span class='ocrx_word' id='word_1_645' title='bbox 456 4723 484 4776; x_wconf 93' lang='lat' dir='ltr'><strong>et</strong></span> <span class='ocrx_word' id='word_1_646' title='bbox 497 4720 533 4775; x_wconf 88' lang='lat' dir='ltr'><strong>de</strong></span> <span class='ocrx_word' id='word_1_647' title='bbox 549 4718 745 4777; x_wconf 83' lang='lat' dir='ltr'><strong>baereticorum</strong></span> <span class='ocrx_word' id='word_1_648' title='bbox 759 4723 940 4793; x_wconf 86' lang='lat' dir='ltr'><strong>susceptione</strong></span> <span class='ocrx_word' id='word_1_649' title='bbox 994 4727 1023 4779; x_wconf 88' lang='lat' dir='ltr'><strong>ct</strong></span> <span class='ocrx_word' id='word_1_650' title='bbox 1040 4722 1189 4793; x_wconf 89' lang='lat' dir='ltr'><strong>episcopos</strong></span> <span class='ocrx_word' id='word_1_651' title='bbox 1206 4735 1260 4781; x_wconf 94' lang='lat' dir='ltr'><strong>non</strong></span> <span class='ocrx_word' id='word_1_652' title='bbox 1280 4722 1411 4793; x_wconf 80' lang='lat' dir='ltr'><strong>judicent</strong></span> <span class='ocrx_word' id='word_1_653' title='bbox 1432 4727 1484 4780; x_wconf 87' lang='lat' dir='ltr'><strong>aut</strong></span> <span class='ocrx_word' id='word_1_654' title='bbox 1508 4721 1705 4779; x_wconf 88' lang='lat' dir='ltr'><strong>condemnent</strong></span> <span class='ocrx_word' id='word_1_655' title='bbox 1722 4721 1827 4793; x_wconf 77' lang='lat' dir='ltr'><strong>absque</strong></span> 
     </span>
     <span class='ocr_line' id='line_1_52' title="bbox 117 4804 1827 4883; baseline 0.006 -24"><span class='ocrx_word' id='word_1_656' title='bbox 117 4804 191 4860; x_wconf 90' lang='lat' dir='ltr'><strong>idem</strong></span> <span class='ocrx_word' id='word_1_657' title='bbox 211 4807 318 4862; x_wconf 84' lang='lat' dir='ltr'><strong>servari</strong></span> <span class='ocrx_word' id='word_1_658' title='bbox 340 4808 493 4874; x_wconf 80' lang='lat' dir='ltr'><strong>mandarit,</strong></span> <span class='ocrx_word' id='word_1_659' title='bbox 515 4814 544 4865; x_wconf 91' lang='lat' dir='ltr'><strong>et</strong></span> <span class='ocrx_word' id='word_1_660' title='bbox 556 4806 592 4864; x_wconf 90' lang='lat' dir='ltr'><strong>ab</strong></span> <span class='ocrx_word' id='word_1_661' title='bbox 604 4811 838 4870; x_wconf 84' lang='lat' dir='ltr'><strong>accusationibus</strong></span> <span class='ocrx_word' id='word_1_662' title='bbox 850 4812 941 4870; x_wconf 88' lang='lat' dir='ltr'><strong>cieri·</strong></span> <span class='ocrx_word' id='word_1_663' title='bbox 994 4811 1216 4869; x_wconf 80' lang='lat' dir='ltr'><strong>Romanmscdis</strong></span> <span class='ocrx_word' id='word_1_664' title='bbox 1230 4812 1423 4883; x_wconf 78' lang='lat' dir='ltr'><strong>auctoritate3</strong></span> <span class='ocrx_word' id='word_1_665' title='bbox 1445 4810 1522 4882; x_wconf 92' lang='lat' dir='ltr'><strong>quod</strong></span> <span class='ocrx_word' id='word_1_666' title='bbox 1550 4810 1576 4867; x_wconf 88' lang='lat' dir='ltr'><strong>si</strong></span> <span class='ocrx_word' id='word_1_667' title='bbox 1600 4808 1743 4881; x_wconf 88' lang='lat' dir='ltr'><strong>iecerint,</strong></span> <span class='ocrx_word' id='word_1_668' title='bbox 1758 4810 1827 4868; x_wconf 87' lang='lat' dir='ltr'><strong>irri-</strong></span> 
     </span>
     <span class='ocr_line' id='line_1_53' title="bbox 116 4895 1826 4974; baseline 0.003 -24"><span class='ocrx_word' id='word_1_669' title='bbox 116 4898 255 4951; x_wconf 86' lang='lat' dir='ltr'><strong>sorumet</strong></span> <span class='ocrx_word' id='word_1_670' title='bbox 267 4895 467 4967; x_wconf 88' lang='lat' dir='ltr'><strong>episcoporum</strong></span> <span class='ocrx_word' id='word_1_671' title='bbox 483 4896 614 4970; x_wconf 82' lang='lat' dir='ltr'><strong>infames,</strong></span> <span class='ocrx_word' id='word_1_672' title='bbox 629 4904 870 4973; x_wconf 78' lang='lat' dir='ltr'><strong>eicmicrusquos</strong></span> <span class='ocrx_word' id='word_1_673' title='bbox 883 4916 940 4959; x_wconf 86' lang='lat' dir='ltr'><strong>an·</strong></span> <span class='ocrx_word' id='word_1_674' title='bbox 994 4906 1055 4960; x_wconf 92' lang='lat' dir='ltr'><strong>tum</strong></span> <span class='ocrx_word' id='word_1_675' title='bbox 1074 4901 1140 4971; x_wconf 85' lang='lat' dir='ltr'><strong>erit,</strong></span> <span class='ocrx_word' id='word_1_676' title='bbox 1157 4905 1186 4958; x_wconf 92' lang='lat' dir='ltr'><strong>ei</strong></span> <span class='ocrx_word' id='word_1_677' title='bbox 1208 4898 1345 4958; x_wconf 85' lang='lat' dir='ltr'><strong>iacientes</strong></span> <span class='ocrx_word' id='word_1_678' title='bbox 1368 4898 1659 4958; x_wconf 81' lang='lat' dir='ltr'><strong>condemnabuntur:</strong></span> <span class='ocrx_word' id='word_1_679' title='bbox 1684 4901 1758 4974; x_wconf 74' lang='lat' dir='ltr'><strong>quis</strong></span> <span class='ocrx_word' id='word_1_680' title='bbox 1778 4899 1826 4955; x_wconf 85' lang='lat' dir='ltr'><strong>boc</strong></span> 
     </span>
     <span class='ocr_line' id='line_1_54' title="bbox 117 4985 1828 5064; baseline 0.002 -24"><span class='ocrx_word' id='word_1_681' title='bbox 117 4987 272 5040; x_wconf 82' lang='lat' dir='ltr'><strong>lecessores</strong></span> <span class='ocrx_word' id='word_1_682' title='bbox 289 4985 335 5041; x_wconf 91' lang='lat' dir='ltr'><strong>sui</strong></span> <span class='ocrx_word' id='word_1_683' title='bbox 361 4988 545 5045; x_wconf 83' lang='lat' dir='ltr'><strong>removendos</strong></span> <span class='ocrx_word' id='word_1_684' title='bbox 558 5002 632 5059; x_wconf 85' lang='lat' dir='ltr'><strong>saepe</strong></span> <span class='ocrx_word' id='word_1_685' title='bbox 654 4991 898 5063; x_wconf 80' lang='lat' dir='ltr'><strong>prascripsercnt,</strong></span> <span class='ocrx_word' id='word_1_686' title='bbox 911 4996 940 5048; x_wconf 93' lang='lat' dir='ltr'><strong>et</strong></span> <span class='ocrx_word' id='word_1_687' title='bbox 999 4990 1183 5064; x_wconf 76' lang='lat' dir='ltr'><strong>privilegiam</strong></span> <span class='ocrx_word' id='word_1_688' title='bbox 1199 4989 1256 5061; x_wconf 85' lang='lat' dir='ltr'><strong>ipsi</strong></span> <span class='ocrx_word' id='word_1_689' title='bbox 1269 4990 1401 5047; x_wconf 83' lang='lat' dir='ltr'><strong>Romanae</strong></span> <span class='ocrx_word' id='word_1_690' title='bbox 1415 4989 1477 5047; x_wconf 89' lang='lat' dir='ltr'><strong>sedi</strong></span> <span class='ocrx_word' id='word_1_691' title='bbox 1490 5003 1507 5046; x_wconf 81' lang='lat' dir='ltr'>a</span> <span class='ocrx_word' id='word_1_692' title='bbox 1520 4989 1708 5061; x_wconf 75' lang='lat' dir='ltr'><strong>temporibus</strong></span> <span class='ocrx_word' id='word_1_693' title='bbox 1719 4995 1828 5062; x_wconf 77' lang='lat' dir='ltr'><strong>aposto·</strong></span> 
     </span>
     <span class='ocr_line' id='line_1_55' title="bbox 117 5071 1827 5150; baseline 0.004 -21"><span class='ocrx_word' id='word_1_694' title='bbox 117 5071 179 5142; x_wconf 90' lang='lat' dir='ltr'><strong>lpse</strong></span> <span class='ocrx_word' id='word_1_695' title='bbox 211 5072 343 5145; x_wconf 86' lang='lat' dir='ltr'><strong>removit,</strong></span> <span class='ocrx_word' id='word_1_696' title='bbox 382 5073 502 5132; x_wconf 90' lang='lat' dir='ltr'><strong>dicens:</strong></span> <span class='ocrx_word' id='word_1_697' title='bbox 537 5077 589 5143; x_wconf 83' lang='lat' dir='ltr'><strong>Qui</strong></span> <span class='ocrx_word' id='word_1_698' title='bbox 616 5092 707 5133; x_wconf 84' lang='lat' dir='ltr'><strong>eorum</strong></span> <span class='ocrx_word' id='word_1_699' title='bbox 739 5082 889 5136; x_wconf 81' lang='lat' dir='ltr'><strong>castitatem</strong></span> <span class='ocrx_word' id='word_1_700' title='bbox 918 5089 944 5141; x_wconf 83' lang='lat' dir='ltr'><strong>rt</strong></span> <span class='ocrx_word' id='word_1_701' title='bbox 999 5077 1093 5136; x_wconf 88' lang='lat' dir='ltr'><strong>lorum</strong></span> <span class='ocrx_word' id='word_1_702' title='bbox 1107 5079 1215 5136; x_wconf 83' lang='lat' dir='ltr'><strong>serrari</strong></span> <span class='ocrx_word' id='word_1_703' title='bbox 1230 5083 1369 5136; x_wconf 84' lang='lat' dir='ltr'><strong>statutum</strong></span> <span class='ocrx_word' id='word_1_704' title='bbox 1384 5082 1446 5150; x_wconf 82' lang='lat' dir='ltr'><strong>est3</strong></span> <span class='ocrx_word' id='word_1_705' title='bbox 1461 5077 1539 5150; x_wconf 83' lang='lat' dir='ltr'><strong>quis,</strong></span> <span class='ocrx_word' id='word_1_706' title='bbox 1557 5078 1827 5150; x_wconf 80' lang='lat' dir='ltr'><strong>quamvissuucto·</strong></span> 
     </span>
     <span class='ocr_line' id='line_1_56' title="bbox 115 5164 1824 5241; baseline 0.005 -24"><span class='ocrx_word' id='word_1_707' title='bbox 115 5164 278 5232; x_wconf 67' lang='lat' dir='ltr'><strong>praedatum</strong></span> <span class='ocrx_word' id='word_1_708' title='bbox 304 5164 409 5218; x_wconf 75' lang='lat' dir='ltr'><strong>initiari</strong></span> <span class='ocrx_word' id='word_1_709' title='bbox 440 5166 546 5236; x_wconf 86' lang='lat' dir='ltr'><strong>uolunt,</strong></span> <span class='ocrx_word' id='word_1_710' title='bbox 579 5182 627 5222; x_wconf 83' lang='lat' dir='ltr'><strong>aec</strong></span> <span class='ocrx_word' id='word_1_711' title='bbox 650 5183 693 5224; x_wconf 87' lang='lat' dir='ltr'><strong>coc</strong></span> <span class='ocrx_word' id='word_1_712' title='bbox 726 5172 853 5241; x_wconf 87' lang='lat' dir='ltr'><strong>impetere</strong></span> <span class='ocrx_word' id='word_1_713' title='bbox 874 5185 948 5240; x_wconf 86' lang='lat' dir='ltr'><strong>pos.</strong></span> <span class='ocrx_word' id='word_1_714' title='bbox 1000 5183 1064 5227; x_wconf 84' lang='lat' dir='ltr'><strong>rum</strong></span> <span class='ocrx_word' id='word_1_715' title='bbox 1086 5168 1280 5239; x_wconf 82' lang='lat' dir='ltr'><strong>apostolorum</strong></span> <span class='ocrx_word' id='word_1_716' title='bbox 1309 5180 1361 5239; x_wconf 86' lang='lat' dir='ltr'><strong>pai·</strong></span> <span class='ocrx_word' id='word_1_717' title='bbox 1387 5166 1490 5224; x_wconf 81' lang='lat' dir='ltr'><strong>electio</strong></span> <span class='ocrx_word' id='word_1_718' title='bbox 1512 5164 1597 5239; x_wconf 76' lang='lat' dir='ltr'><strong>lomi,</strong></span> <span class='ocrx_word' id='word_1_719' title='bbox 1624 5166 1713 5226; x_wconf 72' lang='lat' dir='ltr'><strong>beato</strong></span> <span class='ocrx_word' id='word_1_720' title='bbox 1737 5174 1824 5226; x_wconf 70' lang='lat' dir='ltr'><strong>tanei</strong></span> 
     </span>
     <span class='ocr_line' id='line_1_57' title="bbox 115 5255 1825 5329; baseline -0.001 -15"><span class='ocrx_word' id='word_1_721' title='bbox 115 5255 190 5307; x_wconf 72' lang='lat' dir='ltr'><strong>titul·</strong></span> <span class='ocrx_word' id='word_1_722' title='bbox 1001 5259 1083 5317; x_wconf 87' lang='lat' dir='ltr'><strong>Petro</strong></span> <span class='ocrx_word' id='word_1_723' title='bbox 1096 5270 1262 5314; x_wconf 86' lang='lat' dir='ltr'><strong>concessum</strong></span> <span class='ocrx_word' id='word_1_724' title='bbox 1277 5260 1321 5314; x_wconf 87' lang='lat' dir='ltr'><strong>est</strong></span> <span class='ocrx_word' id='word_1_725' title='bbox 1336 5261 1369 5314; x_wconf 95' lang='lat' dir='ltr'><strong>ut</strong></span> <span class='ocrx_word' id='word_1_726' title='bbox 1380 5255 1450 5314; x_wconf 89' lang='lat' dir='ltr'><strong>aliis</strong></span> <span class='ocrx_word' id='word_1_727' title='bbox 1461 5255 1674 5329; x_wconf 80' lang='lat' dir='ltr'><strong>praemineret,</strong></span> <span class='ocrx_word' id='word_1_728' title='bbox 1686 5262 1719 5315; x_wconf 85' lang='lat' dir='ltr'><strong>et</strong></span> <span class='ocrx_word' id='word_1_729' title='bbox 1729 5268 1825 5315; x_wconf 74' lang='lat' dir='ltr'><strong>ceusu</strong></span> 
     </span>
     <span class='ocr_line' id='line_1_58' title="bbox 152 5339 1827 5420; baseline 0.004 -21"><span class='ocrx_word' id='word_1_730' title='bbox 152 5340 204 5399; x_wconf 84' lang='lat' dir='ltr'><strong>illu</strong></span> <span class='ocrx_word' id='word_1_731' title='bbox 218 5344 326 5412; x_wconf 90' lang='lat' dir='ltr'><strong>autem,</strong></span> <span class='ocrx_word' id='word_1_732' title='bbox 352 5352 437 5412; x_wconf 85' lang='lat' dir='ltr'><strong>quam</strong></span> <span class='ocrx_word' id='word_1_733' title='bbox 452 5339 563 5398; x_wconf 79' lang='lat' dir='ltr'><strong>direxit</strong></span> <span class='ocrx_word' id='word_1_734' title='bbox 586 5343 731 5415; x_wconf 87' lang='lat' dir='ltr'><strong>episcopis</strong></span> <span class='ocrx_word' id='word_1_735' title='bbox 752 5358 802 5417; x_wconf 87' lang='lat' dir='ltr'><strong>per</strong></span> <span class='ocrx_word' id='word_1_736' title='bbox 815 5343 942 5403; x_wconf 73' lang='lat' dir='ltr'><strong>Alexan·</strong></span> <span class='ocrx_word' id='word_1_737' title='bbox 997 5354 1026 5406; x_wconf 87' lang='lat' dir='ltr'><strong>et</strong></span> <span class='ocrx_word' id='word_1_738' title='bbox 1040 5347 1289 5420; x_wconf 78' lang='lat' dir='ltr'><strong>interrogationes,</strong></span> <span class='ocrx_word' id='word_1_739' title='bbox 1305 5360 1369 5418; x_wconf 77' lang='lat' dir='ltr'><strong>que</strong></span> <span class='ocrx_word' id='word_1_740' title='bbox 1382 5346 1417 5403; x_wconf 83' lang='lat' dir='ltr'><strong>ad</strong></span> <span class='ocrx_word' id='word_1_741' title='bbox 1433 5344 1579 5420; x_wconf 81' lang='lat' dir='ltr'><strong>quereiam</strong></span> <span class='ocrx_word' id='word_1_742' title='bbox 1593 5346 1744 5419; x_wconf 78' lang='lat' dir='ltr'><strong>mairem,</strong></span> <span class='ocrx_word' id='word_1_743' title='bbox 1760 5360 1827 5419; x_wconf 82' lang='lat' dir='ltr'><strong>pra·</strong></span> 
     </span>
     <span class='ocr_line' id='line_1_59' title="bbox 116 5429 1826 5507; baseline 0.004 -21"><span class='ocrx_word' id='word_1_744' title='bbox 116 5431 210 5487; x_wconf 85' lang='lat' dir='ltr'><strong>drism</strong></span> <span class='ocrx_word' id='word_1_745' title='bbox 224 5436 253 5490; x_wconf 87' lang='lat' dir='ltr'><strong>et</strong></span> <span class='ocrx_word' id='word_1_746' title='bbox 275 5430 426 5503; x_wconf 69' lang='lat' dir='ltr'><strong>AEssyptum</strong></span> <span class='ocrx_word' id='word_1_747' title='bbox 448 5429 617 5487; x_wconf 89' lang='lat' dir='ltr'><strong>constitutis</strong></span> <span class='ocrx_word' id='word_1_748' title='bbox 634 5429 722 5502; x_wconf 81' lang='lat' dir='ltr'><strong>(epist.</strong></span> <span class='ocrx_word' id='word_1_749' title='bbox 740 5431 773 5507; x_wconf 82' lang='lat' dir='ltr'><strong>l),</strong></span> <span class='ocrx_word' id='word_1_750' title='bbox 790 5433 940 5504; x_wconf 87' lang='lat' dir='ltr'><strong>probibuit</strong></span> <span class='ocrx_word' id='word_1_751' title='bbox 994 5437 1095 5495; x_wconf 75' lang='lat' dir='ltr'><strong>danim</strong></span> <span class='ocrx_word' id='word_1_752' title='bbox 1107 5435 1281 5507; x_wconf 86' lang='lat' dir='ltr'><strong>disponeret.</strong></span> <span class='ocrx_word' id='word_1_753' title='bbox 1298 5434 1375 5492; x_wconf 88' lang='lat' dir='ltr'><strong>idem</strong></span> <span class='ocrx_word' id='word_1_754' title='bbox 1395 5433 1551 5506; x_wconf 78' lang='lat' dir='ltr'><strong>predictus</strong></span> <span class='ocrx_word' id='word_1_755' title='bbox 1565 5433 1713 5507; x_wconf 86' lang='lat' dir='ltr'><strong>pontilex,</strong></span> <span class='ocrx_word' id='word_1_756' title='bbox 1738 5435 1826 5492; x_wconf 84' lang='lat' dir='ltr'><strong>insa-</strong></span> 
     </span>
     <span class='ocr_line' id='line_1_60' title="bbox 118 5518 1826 5597; baseline 0.004 -21"><span class='ocrx_word' id='word_1_757' title='bbox 118 5533 153 5577; x_wconf 92' lang='lat' dir='ltr'><strong>ne</strong></span> <span class='ocrx_word' id='word_1_758' title='bbox 169 5533 233 5576; x_wconf 86' lang='lat' dir='ltr'><strong>ores</strong></span> <span class='ocrx_word' id='word_1_759' title='bbox 251 5525 392 5592; x_wconf 85' lang='lat' dir='ltr'><strong>pastorem</strong></span> <span class='ocrx_word' id='word_1_760' title='bbox 420 5533 504 5577; x_wconf 91' lang='lat' dir='ltr'><strong>suam</strong></span> <span class='ocrx_word' id='word_1_761' title='bbox 530 5518 747 5591; x_wconf 83' lang='lat' dir='ltr'><strong>reprehendunt,</strong></span> <span class='ocrx_word' id='word_1_762' title='bbox 764 5535 815 5579; x_wconf 85' lang='lat' dir='ltr'><strong>uec</strong></span> <span class='ocrx_word' id='word_1_763' title='bbox 830 5523 937 5582; x_wconf 80' lang='lat' dir='ltr'><strong>ullate-</strong></span> <span class='ocrx_word' id='word_1_764' title='bbox 995 5523 1215 5596; x_wconf 88' lang='lat' dir='ltr'><strong>dem-epistola,</strong></span> <span class='ocrx_word' id='word_1_765' title='bbox 1235 5523 1348 5580; x_wconf 84' lang='lat' dir='ltr'><strong>eosdem</strong></span> <span class='ocrx_word' id='word_1_766' title='bbox 1371 5528 1529 5594; x_wconf 73' lang='lat' dir='ltr'><strong>querentes</strong></span> <span class='ocrx_word' id='word_1_767' title='bbox 1556 5522 1715 5597; x_wconf 75' lang='lat' dir='ltr'><strong>instruxit,</strong></span> <span class='ocrx_word' id='word_1_768' title='bbox 1732 5538 1826 5582; x_wconf 67' lang='lat' dir='ltr'><strong>sacra⁴</strong></span> 
     </span>
    </p>
   </div>
   <div class='ocr_carea' id='block_1_3' title="bbox 0 0 1950 6084">
    <p class='ocr_par' dir='ltr' id='par_1_3' title="bbox 0 0 1950 6084">
     <span class='ocr_line' id='line_1_61' title="bbox 0 0 1950 6084; baseline 0 0"><span class='ocrx_word' id='word_1_769' title='bbox 0 0 1950 6084; x_wconf 95' lang='lat' dir='ltr'><strong> </strong></span> 
     </span>
    </p>
   </div>
  </div>
 </body>
</html>
