3876 6090
117 244 187 304 4363

560 250 705 306 ineest).
727 251 773 306 in
793 250 873 306 SAEC.
897 251 943 305 IX.
955 282 992 292 —
1011 251 1186 308 tectonas
1205 250 1372 305 itsltxt'iii.

1752 243 1810 305 itti

116 373 224 425 mentes
236 371 321 426 etiam
333 381 542 443 convertamus,
556 377 664 447 qulbus
676 377 842 447 praecipitur
853 374 938 444 spiri·
953 375 982 436 A
1031 379 1172 446 nlriiisqae
1188 376 1289 443 lippire
1304 376 1401 429 liraecae
1413 374 1540 428 uidelicet
1551 376 1577 426 44
1590 370 1699 425 iiilinae
1713 369 1811 435 elipen-

118 456 215 513 taiiter
228 473 324 515 mense
336 474 471 517 novorum
492 460 522 518 44
535 464 582 519 die
599 467 705 521 mensis
716 466 800 534 peimi
815 464 940 519 4444444-

118 543 172 602 lem
183 558 294 601 carnem
309 549 464 618 comedere,
486 558 516 606 nt
531 553 559 606 in
578 552 659 607 vobis
678 551 862 608 nascentibus
888 551 943 605 bo·

119 645 219 688 norum
234 647 351 704 opernm
366 634 520 703 lriietibus,
535 654 599 694 cum
611 641 770 710 Decalngia
785 639 867 696 nobis
878 637 944 694 iue-

120 720 180 776 rint
195 722 277 778 verba
293 725 431 795 completa
448 727 476 781 in
494 728 638 797 Evangelii
656 727 828 796 perfectione
843 732 943 796 qnater

119 823 238 867 numero
257 813 446 870 consistentes
463 821 472 837 '
488 816 579 871 ternis
590 817 680 871 nostri
692 817 758 887 agni
780 816 808 870 in
830 829 943 884 vespero

120 898 230 954 mundi.
244 899 273 954 iu
287 914 345 969 quo
355 901 516 957 seculorum
529 903 597 958 linis
610 903 786 972 pervenerim,
800 916 854 958 non
866 902 940 956 enini

119 990 163 1040 est
182 992 191 1009 ·
212 987 396 1044 tenebricatis
417 990 554 1046 cordibus
576 992 685 1061 spriritu
711 999 808 1046 siiiicto
834 996 942 1046 nortem

122 1080 246 1130 nostram
261 1075 453 1133 inluminante
465 1079 657 1136 comedamus.
677 1080 762 1134 Finit.

351 1185 388 1237 De
402 1185 556 1238 4444444444
569 1188 710 1240 biremium.

155 1268 220 1324 CLl.
230 1270 395 1340 lanuarius,
409 1272 564 1344 Aquarius,
579 1273 744 1344 hydrodios
760 1272 942 1342 Feliruarius,

121 1357 225 1426 Piscis,
242 1359 351 1415 dctbis.
366 1362 496 1431 Martius,
514 1363 606 1433 dries,
622 1364 715 1433 Ceios,
731 1363 850 1433 Aprilis,
866 1364 944 1418 444-

72 1478 81 1489 -
122 1463 183 1518 rus,
199 1448 321 1505 Tauros.
343 1450 445 1520 iiajas,
470 1452 620 1519 Geminus,
636 1453 803 1508 Dasdainus.
828 1451 942 1521 lunius,

121 1536 237 1606 Cancer,
262 1537 411 1594 carcenos.
441 1540 547 1609 lulius,
574 1543 637 1607 Leo,
670 1543 753 1595 Leon.
785 1542 943 1605 iiugiistus,

122 1626 218 1697 l'irgo,
243 1626 408 1683 Parthenos.
429 1628 601 1698 September,
619 1629 713 1699 Libra,
734 1631 834 1700 Tpgos.
856 1629 946 1683 Diato-

121 1713 181 1780 ber,
211 1713 358 1783 Scorpius,
388 1716 531 1786 Scorpios.
565 1718 730 1786 November,
758 1717 943 1790 Siigittarins,

121 1803 247 1859 toxotis.
262 1803 423 1872 December,
437 1805 638 1875 Capricornus,
654 1807 800 1862 Eroceros.

343 1913 379 1964 ile.
395 1913 530 1965 dieiisibas
544 1915 576 1966 iii
586 1914 727 1966 dii-rorum.

158 1997 257 2067 Nisan,
271 1996 391 2068 Aprilis.
404 2000 460 2056 lar.
475 2002 577 2071 liajiis.
589 2002 686 2071 Siban,
697 2001 810 2056 litoius.
824 2001 943 2070 Tabani,

121 2086 946 2159 444444.444,4444444444.4Ξ444,844444444444.4444444044-

123 2175 181 2231 ber.
200 2177 342 2240 Marsuam
357 2177 521 2232 November.
533 2178 644 2246 casleu,
659 2178 818 2233 December.
833 2178 944 2247 Teretb,

122 2264 287 2320 lanuarius.
304 2264 420 2333 Sabatb,
438 2266 612 2322 Februarius
642 2267 743 2329 444444,
761 2266 890 2322 liartius.

335 2373 373 2425 ile
387 2373 525 2426 4444444444
545 2373 731 2427 lliicrdontnn.

158 2459 440 2531 Novemberdpolus.
451 2461 604 2517 December
615 2461 782 2516 Audiamus.
793 2460 947 2515 lanuarias

124 2546 249 2603 Peritos.
279 2547 452 2605 Februarius
481 2550 611 2604 Distbor.
640 2549 761 2604 Martius
785 2549 945 2604 Psaniicus.

124 2636 237 2706 Aprilis
251 2637 434 2693 Artemisius.
451 2640 541 2707 iiiijns
555 2638 664 2693 Desios.
679 2638 783 2693 iunius
798 2639 943 2692 Paratomos

121 2725 218 2782 tulius
235 2725 315 2781 Loos.
335 2725 483 2797 diegustus
495 2727 636 2795 sarpieos.
659 2725 821 2794 September
836 2725 948 2794 lipper-

124 2812 284 2868 beretheus.
302 2812 423 2867 October
436 2814 517 2868 Dius.

332 2905 369 2956 De
384 2903 522 2955 dieiisibiis
536 2904 735 2971 AEpppliorirm.

158 2989 231 3046 Tbot
258 2988 399 3060 Septemb.
429 2991 537 3060 Paopbi
570 2990 667 3046 Octob.
699 2991 783 3046 444444
812 2991 944 3047 Novemb.
972 3043 983 3064 ,

1032 449 1053 500 44
1076 450 1189 502 srierrliit
1210 448 1344 517 preditus
1368 447 1528 514 composuit,
1553 448 1580 495 et
1606 443 1767 510 conscripsit
1785 442 1812 495 de

1031 534 1142 571 numero
1156 535 1290 572 vinitorum
1305 519 1339 570 444
1354 519 1432 570 initio
1447 515 1554 581 emundi,
1571 514 1617 566 ecl
1630 513 1812 566 irtcernolione

1031 590 1064 642 li.
1085 591 1120 644 Ν.
1137 592 1162 643 4.
1180 591 1211 643 C.
1239 589 1371 657 quomodo
1389 589 1511 640 invenire
1532 584 1646 643 deberis,
1664 599 1713 636 nee
1731 599 1780 637 non
1792 591 1812 637 el

1034 661 1151 728 reliquo,
1167 676 1228 729 qne
1242 660 1365 712 sitbnearo
1380 663 1453 712 sunt.

1032 742 1814 812 diiii.Sivissoireannosablnitiomundi,multiplica

999 831 1041 900 43,
1068 832 1129 899 too,
1147 836 1219 892 liunt
1240 834 1266 891 6.
1292 837 1397 890 lterum
1421 832 1586 903 multiplica
1610 828 1656 899 43,
1680 829 1725 892 at,
1750 831 1814 887 4444

997 921 1059 978 alti.
1082 925 1159 980 :iiiito
1174 925 1361 979 indictionem
1373 923 1500 993 eJusdem
1513 921 1595 989 anni,
1614 921 1645 975 iii
1667 933 1725 991 quo
1741 934 1815 975 com-

998 1019 1091 1080 putas,
1115 1019 1146 1067 ut
1159 1018 1226 1081 puta
1241 1013 1309 1068 44444
1329 1010 1488 1082 prementis,
1506 1014 1631 1081 quaeest
1647 1007 1675 1075 3,
1693 1008 1763 1063 bunt
1775 1010 1814 1063 si-

999 1098 1164 1155 niviella.
1181 1102 1230 1156 isti
1246 1102 1313 1156 anni
1329 1105 1398 1156 sunt
1415 1099 1452 1155 ab
1470 1106 1536 1155 ortu
1554 1098 1670 1153 mundi.
1688 1097 1744 1151 linc
1757 1104 1817 1152 lan·

999 1190 1145 1244 ttnnmodo
1161 1196 1341 1245 memoresto
1357 1187 1445 1246 lector
1460 1187 1607 1252 solicitus,
1624 1192 1659 1241 ut
1669 1187 1818 1240 sueceden-

1000 1278 1079 1334 tilnis
1091 1280 1176 1340 annis
1190 1292 1310 1349 semper,
1326 1279 1440 1349 qnando
1452 1277 1487 1332 ad
1503 1275 1537 1332 43
1549 1275 1743 1331 indictionem
1759 1289 1818 1344 per-

998 1369 1120 1436 veneris,
1136 1366 1167 1425 44
1182 1383 1231 1438 per
1246 1366 1278 1423 43
1290 1369 1476 1437 multiplices,
1489 1367 1659 1436 iterumque
1673 1379 1722 1434 per
1733 1362 1765 1419 ’42
1775 1380 1818 1433 per

1001 1453 1034 1512 43
1057 1456 1229 1527 multiplica,
1255 1463 1283 1511 et
1299 1461 1360 1525 post
1377 1453 1410 1511 43
1424 1454 1617 1511 indictionem
1646 1453 1818 1523 completam,

999 1551 1027 1600 ot
1043 1559 1130 1600 unum
1145 1558 1255 1614 semper
1267 1545 1369 1611 ailjire.

1302 1638 1339 1688 ile
1359 1634 1517 1688 indictione.

1034 1722 1063 1778 Si
1080 1722 1124 1778 vis
1136 1723 1211 1777 scire
1226 1721 1261 1777 de
1275 1722 1360 1777 annis
1373 1721 1408 1775 ab
1420 1721 1506 1776 initio
1518 1720 1623 1776 mundi
1640 1719 1820 1774 indictionem

1001 1808 1101 1879 lacere,
1120 1824 1202 1865 sanie
1214 1823 1304 1865 annos
1320 1809 1355 1863 ab
1371 1809 1457 1863 initio
1473 1808 1586 1876 mundi,
1607 1813 1640 1863 ut
1655 1814 1724 1878 puta
1735 1805 1818 1877 6348·

999 1901 1055 1954 iios
1075 1899 1172 1954 divide
1194 1913 1243 1968 per
1260 1896 1292 1953 43
1308 1904 1412 1968 partes,
1430 1897 1499 1966 qnia
1516 1896 1646 1951 indictio
1663 1910 1712 1966 per
1727 1894 1820 1951 4344-

1001 2002 1053 2044 444
1075 1988 1225 2056 discurrit,
1252 1987 1304 2042 boc
1333 1987 1433 2042 modo:
1450 1987 1536 2041 Prius
1560 1985 1704 2040 subtrahe
1721 1982 1817 2047 43444,

1002 2077 1033 2132 in
1053 2075 1144 2144 nono.
1168 2078 1323 2132 Remanent
1343 2074 1405 2131 348.
1429 2078 1535 2131 lterum
1558 2072 1607 2143 40,
1633 2072 1676 2129 43.
1703 2075 1747 2128 444
1764 2071 1817 2127 3444.

1001 2168 1069 2220 item
1086 2161 1128 2231 43,
1145 2165 1231 2221 semel
1248 2165 1280 2218 lit
1301 2160 1344 2233 43,
1364 2170 1510 2219 remanent
1525 2162 1543 2218 3
1558 2170 1621 2218 tota
1638 2162 1761 2218 indictio
1773 2169 1816 2216 cst.

1000 2254 1041 2309 Sil
1058 2254 1132 2309 nibil
1150 2260 1327 2322 remanserit,
1343 2252 1454 2308 decima
1474 2253 1578 2322 quinta
1599 2252 1668 2306 erit.

1125 2345 1162 2396 De
1174 2345 1256 2396 orariis
1271 2342 1305 2394 eb
1319 2343 1512 2396 inoivrnnlione
1523 2344 1560 2396 D.
1580 2343 1617 2397 N.
1632 2343 1657 2394 J.
1676 2341 1705 2395 C.

1036 2433 1065 2488 Si
1090 2432 1133 2487 vis
1149 2445 1231 2487 nosse
1256 2439 1361 2500 quotus
1380 2443 1474 2485 annus
1496 2436 1540 2485 est
1564 2429 1604 2485 ab
1628 2429 1815 2484 incarnatione

1001 2523 1034 2576 D.
1063 2523 1095 2576 N.
1123 2522 1146 2575 4.
1174 2521 1202 2574 C.
1227 2526 1356 2589 coelipeta
1383 2517 1424 2586 43,
1452 2519 1670 2590 quinquaginta
1696 2525 1815 2588 quatuor.

1002 2610 1075 2664 444444
1089 2607 1151 2665 rito.
1173 2610 1224 2662 iiis
1238 2621 1349 2676 semper
1366 2609 1438 2664 adde
1452 2604 1485 2662 li
1501 2607 1663 2679 regulares.
1682 2609 1816 2676 Propterea

1001 2705 1095 2752 antem
1118 2705 1250 2752 auctores
1267 2694 1300 2751 te
1315 2697 1459 2768 regulares
1473 2697 1508 2752 ad
1531 2709 1627 2751 annos
1651 2697 1764 2751 Domini
1781 2696 1816 2750 ail-

1003 2792 1170 2856 posiierunl,
1188 2788 1257 2856 quia
1271 2787 1385 2857 quando
1399 2785 1562 2841 incarnatio
1579 2783 1657 2839 iacta
1671 2793 1725 2851 ost,
1741 2781 1817 2838 4444

1003 2875 1032 2929 444
1049 2874 1083 2928 dc
1098 2875 1147 2930 iila
1165 2875 1323 2930 indictione
1336 2878 1544 2931 remanserunt.
1561 2874 1630 2929 ideo
1642 2882 1740 2929 autem
1755 2887 1818 2941 regn·

1004 2963 1077 3018 iares
1100 2964 1247 3033 dicuntur,
1276 2964 1345 3034 quia
1370 2976 1520 3019 numerum
1544 2976 1694 3018 annorum
1719 2960 1817 3017 4)(444444

123 3080 210 3135 Chiae
224 3079 354 3135 Decemb·
373 3078 445 3135 Tum
461 3081 544 3135 ΜΗ
566 3080 674 3135 Mechir
690 3080 769 3135 Febr·
794 3044 984 3135 Femenotnss
1004 3052 1132 3122 regulare
1154 3053 1296 3109 videntur.
1321 3050 1354 3108 le
1377 3067 1443 3124 ergo
1462 3051 1574 3107 additis
1599 3051 1635 3106 ad
1663 3050 1817 3120 praedicam

125 3168 416 3224 blartius.Farmutbi
439 3169 559 3239 dprdis.
585 3168 711 3224 Paschon
736 3169 836 3237 liajiis.
861 3168 947 3223 Pacni

125 3257 239 3313 lunius.
255 3257 336 3328 Epiia
348 3258 453 3314 lulius.
470 3258 595 3314 liensuri
610 3258 770 3326 Augustus.

196 3367 233 3418 ne
247 3366 370 3433 repiiliiri
383 3367 465 3419 drino
481 3366 598 3424 44444444,
615 3369 639 3417 44
658 3364 691 3418 de
705 3365 874 3418 iiidiirli'onr.

161 3453 238 3510 clii.
252 3455 293 3509 4444
310 3468 400 3509 44444
410 3454 523 3509 Domini
539 3454 574 3510 ab
592 3453 789 3508 incarnatione
800 3454 864 3509 ideo
878 3454 949 3507 init-

40 3544 48 3556 “
128 3543 216 3599 timus
234 3541 265 3598 lt
281 3543 435 3612 regulares,
451 3543 520 3613 quia
536 3547 602 3597 nato
615 3543 647 3595 D.
664 3543 697 3596 Ν.
713 3542 737 3595 4,
753 3544 783 3596 tl.
801 3541 849 3596 illa
868 3542 949 3595 irreli-

127 3633 232 3700 ctione,
249 3646 312 3702 qum
325 3637 394 3687 tuno
407 3638 468 3686 crat
480 3631 548 3686 anni
562 3628 588 3699 3,
606 3636 687 3686 erant
701 3629 836 3699 preteriti
855 3637 882 3683 et
901 3643 948 3684 re-

129 3727 296 3776 manserunt
317 3717 359 3775 la.
381 3720 529 3789 Propterea
554 3725 686 3773 auctores
701 3718 734 3771 ad
756 3716 946 3786 supplendum

130 3822 277 3863 numerum
292 3809 326 3863 de
341 3808 413 3877 ipsis
429 3805 460 3861 li
475 3805 620 3876 regulares
632 3805 857 3860 constituerunt.

165 3896 204 3951 lid
229 3895 414 3951 indictionem
438 3908 503 3948 vero
519 3894 582 3948 ideo
600 3893 742 3949 mittimus
757 3892 774 3948 3
794 3896 947 3966 regillares,

129 3985 197 4055 quia
213 3984 256 4040 illi
272 3982 379 4043 34444.
391 3983 440 4052 qen
456 3983 490 4037 de
505 3982 554 4037 4444
570 3982 728 4037 indictione
742 3984 947 4052 pineteriemm,

130 4071 197 4127 inde
211 4072 228 4127 3
245 4070 389 4142 regulares
403 4071 627 4126 constituerunt.
679 4112 681 4117 .

164 4160 205 4215 iiii
223 4160 379 4214 bissextum
397 4173 485 4216 unum
510 4161 634 4231 require,
654 4161 723 4231 quia
740 4167 806 4217 irato
828 4162 949 4218 Domino

130 4250 242 4320 primus
256 4264 349 4305 annus
363 4254 425 4304 erat
438 4255 501 4319 post
515 4248 682 4305 bissextum.

161 4337 204 4395 il
228 4339 343 4410 (lycium
368 4338 653 4394 decemnovennalem
679 4352 765 4394 unum
790 4339 947 4408 regularem

158 4436 280 4495 ierimus,
295 4427 364 4497 quia
376 4434 442 4481 nato
456 4427 575 4482 Domino
593 4440 667 4482 unus
682 4441 776 4482 annus
791 4429 948 4483 Decemiio-

126 4517 256 4573 vennatis
271 4516 348 4586 Cycii
367 4515 520 4585 precessit.

160 4605 201 4661 dd
213 4606 354 4661 circulum
370 4605 444 4659 iuna}
454 4604 489 4658 de
500 4604 585 4658 44444
596 4603 710 4659 Domini
721 4605 949 4660 (4444444444ιί-

127 4706 200 4762 mus,
222 4694 291 4763 qula
307 4700 372 4749 nato
392 4693 512 4747 Domino
527 4693 562 4747 de
588 4691 638 4747 illo
655 4692 739 4763 Cyclo
763 4695 869 4749 lunari
890 4696 947 4749 duo

124 4781 193 4835 anni
211 4788 419 4836 remanserunt.

160 4868 200 4922 ild
217 4875 418 4924 ceincnrrenles
435 4865 450 4923 4
471 4869 615 4938 regulares
636 4868 789 4925 mittimus.
807 4870 875 4939 qiiia
899 4886 946 4941 per

124 4952 316 5026 quaternosi
342 4958 445 5026 Cyclas
467 4957 577 5012 8444444
603 4957 754 5026 discurrit,
785 4959 810 5013 id
841 4964 884 5013 cst
912 4960 946 5014 43

124 5057 228 5099 444444.

159 5133 199 5189 id
213 5133 346 5200 Epiactam
362 5147 411 5201 per
424 5131 457 5188 tlt
472 5133 710 5205 multiplicamus.
728 5135 796 5204 quia
816 5136 852 5190 de
871 5150 945 5193 anno

121 5221 213 5279 Solari
233 5218 261 5275 44
279 5229 487 5279 remanserunt.
504 5229 530 5276 et
547 5236 594 5291 per
612 5224 689 5292 ipsos
701 5220 730 5278 44
749 5231 855 5279 celeres
870 5227 945 5296 lipa-

121 5319 181 5366 ctas
195 5309 435 5379 multiplicamus.

120 5400 260 5469 Diripiunt
273 5400 300 5452 in
321 5398 423 5452 citrini·
444 5400 550 5451 reornine
566 5405 726 5464 iiipuiiienlti
741 5401 892 5455 4444444444
910 5403 943 5456 de

155 5471 238 5539 (pelis
264 5469 443 5538 paschalibus
468 5470 665 5537 AEpypil‘t'oretnt,
695 5488 755 5538 (44444
778 5474 941 5539 illitrelipnln

155 5543 267 5594 interlin
292 5543 436 5605 Iliorrpsiiie
458 5541 532 5590 4444444
556 5543 642 5593 tectiore
655 5545 841 5595 suielissnnne
857 5547 940 5595 illiba<

1002 3155 1164 3209 nnmerum,
1182 3141 1253 3197 dunt
1267 3139 1417 3197 34444444
1434 3140 1626 3197 indictionem
1643 3140 1772 3209 eiusdem
1782 3152 1820 3193 44

1004 3229 1044 3290 ni,
1061 3232 1145 3298 cujus
1160 3230 1295 3295 volueris,
1313 3236 1345 3286 ut
1365 3239 1430 3300 paula
1446 3229 1473 3297 6,
1491 3228 1567 3284 liunt
1582 3229 1676 3284 simui
1695 3225 1758 3283 844.
1779 3229 1818 3282 isti

1003 3326 1070 3374 sinit
1085 3320 1153 3373 anni
1173 3320 1287 3375 Domini
1302 3321 1333 3374 b'
1345 3321 1368 3374 l.
1381 3319 1409 3373 ii.
1431 3318 1487 3374 iioc
1506 3319 1714 3374 tantummodo
1729 3331 1821 3372 memor

1003 3414 1063 3461 esto
1080 3407 1168 3463 lector
1183 3407 1326 3476 solicitus,
1342 3413 1374 3463 ut
1384 3405 1612 3463 suceedentibus
1623 3407 1715 3462 annis
1727 3419 1822 3474 semper

1004 3498 1117 3566 qnando
1132 3498 1166 3552 ad
1183 3497 1312 3567 quintam
1329 3497 1469 3552 decimam
1484 3495 1681 3551 indictionem
1699 3507 1821 3565 pervere

1004 3585 1055 3651 ris,
1072 3586 1096 3640 si
1117 3582 1152 3640 34
1169 3599 1217 3654 per
1240 3581 1273 3640 43
1295 3584 1515 3654 multiplicabis,
1542 3583 1652 3639 iterum
1674 3581 1712 3639 33
1732 3598 1777 3653 per
1796 3579 1821 3636 43

1004 3674 1223 3742 multiplicabis,
1250 3679 1277 3728 et
1302 3680 1364 3743 post
1389 3669 1430 3728 43.
1455 3672 1621 3728 indictione
1647 3673 1822 3743 completae

1005 3776 1092 3817 unuin
1110 3775 1221 3831 semper
1234 3762 1336 3831 adjice,
1351 3761 1458 3831 quibus
1473 3760 1587 3815 additis
1602 3775 1722 3830 semper
1738 3760 1768 3817 n
1780 3776 1823 3816 44-

1004 3851 1175 3920 prascriptis
1200 3851 1391 3921 regularibus,
1410 3849 1545 3920 implebis
1570 3864 1729 3906 iiuinernm
1744 3864 1824 3905 anno-

1004 3953 1066 3994 rum
1084 3940 1208 4003 iiooiini,
1226 3948 1251 3995 et
1270 3938 1343 3994 nibil
1366 3946 1502 4005 remanet,
1518 3938 1598 4007 quod
1616 3953 1670 4007 per
1688 3937 1721 3994 n
1735 3940 1823 3994 addere

1006 4029 1108 4096 possis,
1129 4029 1206 4083 sicut
1222 4029 1251 4083 in
1266 4029 1334 4083 44444
1352 4027 1567 4082 inilictionibus
1589 4036 1733 4091 remanet,
1754 4036 1781 4083 44
1800 4027 1823 4081 44

1007 4117 1097 4186 prima
1122 4117 1282 4173 indictione
1305 4114 1329 4178 4,
1353 4116 1382 4170 44
1405 4115 1530 4171 secunda
1552 4113 1581 4186 2,
1599 4116 1631 4171 in
1650 4115 1776 4177 tertia3.
1790 4114 1824 4170 vei

1006 4206 1144 4276 usquead
1162 4203 1203 4274 ti,
1220 4212 1263 4260 tot
1279 4211 1423 4260 remanent
1435 4205 1469 4259 de
1484 4209 1620 4274 compoto
1638 4205 1826 4274 suprascripto

1006 4303 1092 4363 quoia
1114 4293 1202 4351 444444
1228 4295 1358 4350 indictio.
1384 4291 1463 4349 1443
1486 4306 1555 4347 vero
1578 4293 1746 4349 indictione
1760 4295 1783 4349 44
1796 4292 1824 4346 44

962 4387 1142 4446 Dsummam
1155 4385 1342 4452 superiorem,
1360 4383 1387 4438 id
1404 4379 1501 4448 44434,
1516 4381 1560 4437 vei
1576 4379 1614 4437 33
1627 4396 1680 4452 per
1697 4380 1727 4437 13
1743 4381 1825 4436 multi-

1005 4472 1135 4542 plicabis,
1152 4487 1263 4543 semper
1280 4470 1290 4527 4
1308 4472 1405 4528 addas.
1427 4473 1482 4527 iioc
1501 4479 1681 4543 argumento
1695 4473 1730 4528 ad
1745 4483 1825 4527 amios

1002 4561 1116 4616 Domini
1131 4562 1316 4616 inveniendos
1332 4560 1488 4630 pervenies.

1210 4652 1276 4705 44444
1290 4651 1346 4702 olio
1360 4650 1392 4703 de
1404 4651 1485 4703 einais
1499 4651 1623 4703 Domini.

1037 4739 1065 4793 Sl
1094 4740 1136 4793 vis
1162 4739 1289 4793 invenire.
1312 4752 1402 4793 annos
1427 4738 1462 4793 ab
1488 4739 1697 4793 incarnatione
1721 4737 1823 4793 Domini

1001 4828 1034 4882 N.
1050 4828 1072 4881 l.
1090 4829 1131 4895 4.,
1150 4827 1311 4897 ninitipliea
1327 4822 1360 4881 43
1376 4826 1561 4898 quadragies,
1587 4826 1667 4882 liunt
1686 4827 1741 4883 dou
1759 4836 1785 4882 ei
1800 4822 1824 4879 45

1002 4917 1148 4985 terdecies,
1167 4917 1239 4972 liunt
1253 4914 1314 4970 tert.
1338 4915 1416 4972 iidde
1438 4928 1551 4984 semper
1576 4917 1732 4987 regulares
1754 4914 1821 4970 liud

1003 5007 1169 5074 predictum
1186 5019 1347 5073 iinmernm,
1364 5010 1392 5058 et
1408 5004 1600 5059 indictionem
1617 5005 1751 5075 ejusdem
1766 5004 1820 5059 anni

999 5094 1105 5149 :tinen
1129 5094 1215 5149 simul
1242 5090 1303 5147 eto.
1331 5093 1380 5147 isti
1403 5093 1555 5147 suntanni
1572 5093 1606 5146 D.
1631 5095 1667 5148 N.
1684 5096 1708 5148 l.
1733 5095 1761 5149 4.
1777 5094 1820 5147 lloc

1001 5182 1197 5237 tantummodo
1214 5196 1320 5237 memor
1334 5186 1394 5236 esto
1408 5180 1544 5235 solicitus
1561 5181 1668 5251 lector,
1687 5190 1717 5239 ut
1733 5193 1821 5238 succe·

998 5270 1134 5326 cientibus
1149 5271 1234 5325 tinnis
1249 5284 1360 5340 semper
1375 5269 1489 5339 quando
1510 5269 1547 5324 ad
1570 5265 1617 5325 43.
1644 5273 1819 5326 indictionem

999 5360 1170 5430 perveneris,
1196 5359 1220 5413 44
1246 5355 1278 5413 43
1301 5372 1350 5428 per
1367 5355 1400 5412 43
1416 5356 1645 5426 multiplicabis,
1673 5361 1773 5415 iterum
1794 5353 1820 5411 n

999 5463 1046 5518 per
1068 5446 1100 5502 43
1123 5447 1295 5504 multiplica.
1318 5451 1429 5515 etpost
1455 5442 1496 5500 43.
1523 5446 1721 5503 indictionem
1746 5461 1819 5503 444444

997 5550 1106 5605 semper
1121 5538 1221 5602 ailjiee.
