3876 6090
191 219 261 280 ⁴223
359 271 362 278 .
591 212 735 272 mimum.
755 211 804 272 hb
820 210 903 272 SAECss
927 213 975 271 lX.
998 239 1036 258 -·
1051 210 1230 272 humouus
1247 210 1332 272 hunt
1351 210 1496 272 monum.
1832 208 1899 272 titt

191 358 246 417 qua
265 358 342 416 eum,
358 344 393 401 de
412 340 585 415 quibusdam
596 339 756 405 consultus,
773 339 923 411 instruxit,
941 339 1058 401 lnterA
1072 340 1167 410 ipsum
1192 340 1337 397 dmretum
1363 339 1471 398 muniri
1489 339 1589 410 jussit.
1614 339 1698 410 Quod
1714 338 1787 410 quia
1805 344 1897 397 contra

190 440 292 492 caetera
311 435 431 492 dicens:
454 434 493 488 lie
510 432 622 487 occatio
643 431 733 486 cordis
752 431 837 485 alieni
856 435 952 485 tenne
962 430 1017 499 ju·
1071 444 1194 488 canones
1206 435 1346 489 statutum
1359 428 1493 502 lucrata
1513 430 1740 503 congregatione
1755 428 1860 485 iterum
1871 430 1895 486 in

191 525 284 580 dhare
298 526 425 594 iniquum
447 527 496 585 cst,
512 525 538 576 et
558 536 618 576 eum
632 521 711 589 cajus
730 535 812 590 opera
823 534 878 573 aon
889 518 1018 573 sidentur
1071 520 1179 591 synodo
1193 520 1392 591 episcoporum
1405 520 1516 577 ratione
1525 524 1672 576 musetum
1682 523 1747 590 θεῖς
1760 523 1791 574 et
1802 518 1896 575 chiro

190 617 246 669 nisi
269 615 348 679 bono,
368 617 510 685 peccatum
533 615 574 666 est
588 626 622 665 em
636 611 789 680 suspicione
812 608 1014 679 reprehendere.
1071 609 1221 681 graphum,
1244 609 1318 681 quod
1340 609 1407 667 inde
1426 607 1532 665 iactum
1549 606 1656 682 iuerat,
1674 608 1745 681 igue
1765 620 1895 664 consum-

189 703 225 759 Et
243 703 325 761 addit
344 703 374 759 in
396 700 503 770 eadem
535 713 598 770 quar
623 711 815 769 saepenumero
838 697 1015 769 dictasunt,
1072 701 1152 768 ptum
1164 702 1216 754 est.

187 792 332 862 videlicet,
347 791 421 863 quod
436 803 504 848 oves
516 793 657 860 pastorem
671 800 815 858 accusare,
828 787 884 844 nisi
898 801 949 858 pro
962 786 1016 843 ilde
1105 786 1158 843 llic
1168 786 1283 844 Eulalio
1293 786 1492 844 Alexandrinae
1500 785 1636 843 Ecclesiae
1644 784 1894 857 episcopoepisto-

189 894 245 937 non
256 880 393 938 debeant:
410 885 438 935 et
458 879 521 948 ipse
532 878 695 948 episcopus,
711 890 761 933 nec
773 876 868 934 uocari
879 880 930 932 aut
939 875 1018 946 judi·
1071 874 1127 933 lam
1140 876 1270 948 scripsit,
1294 876 1324 932 in
1345 889 1401 948 qua
1416 876 1443 932 ei
1458 875 1730 961 Carthaginiensem
1746 873 1892 930 Ecclesiam

79 1019 80 1023 ,
189 970 249 1026 cari
261 976 365 1041 potest,
379 969 548 1041 priusquam
560 981 624 1038 quae
636 965 732 1023 ablata
744 966 814 1036 sint,
830 965 888 1022 sibi
903 963 1016 1037 legibus
1070 965 1104 1022 ad
1129 965 1262 1022 Romane
1285 965 1418 1022 Ecclesiae
1433 962 1667 1022 communionem
1683 975 1894 1021 reversamessc

187 1060 397 1129 restituantur3
418 1061 446 1114 et
476 1055 542 1113 ideo
565 1055 613 1111 hic
639 1053 881 1125 pretermittenda
909 1053 1016 1110 existi·
1069 1054 1223 1126 significat,
1235 1060 1461 1126 quaeatempore
1473 1053 1584 1111 Aurelii
1597 1052 1634 1110 ab
1646 1052 1891 1124 ipsadiscesserat

189 1161 312 1204 mamus.
1067 1142 1205 1200 Aurelius
1216 1143 1292 1199 enim
1308 1141 1432 1214 praelate
1442 1142 1576 1200 Ecclesiae
1588 1141 1661 1199 olim
1674 1142 1892 1213 episcopuscnn

419 1234 484 1290 Lvl.
506 1262 544 1274 -
556 1232 584 1288 S.
610 1231 714 1288 FELlK
738 1232 781 1288 lv.
1067 1232 1188 1305 collegis
1202 1232 1275 1304 suis,
1291 1232 1448 1305 instigante
1461 1232 1588 1303 diabolo,
1603 1231 1763 1303 superbire
1775 1232 1894 1302 tempori·

437 1320 530 1393 (Anno
558 1321 660 1377 cincti
691 1317 766 1394 526.)
1068 1321 1123 1379 bus
1146 1321 1385 1392 predecessorum
1421 1326 1596 1393 nostrorum,
1619 1318 1771 1378 lionilacii
1792 1334 1825 1377 ac
1840 1321 1893 1379 tie-

226 1412 316 1484 Felix,
331 1411 448 1468 natione
460 1410 626 1481 Sanmnius,
642 1423 676 1466 ex
691 1414 772 1480 patre
782 1407 923 1479 castorio,
938 1407 1015 1465 sedit
1069 1410 1179 1479 lestinl,
1202 1415 1301 1468 contra
1316 1410 1470 1468 Romanam
1491 1411 1650 1468 Ecclesiam
1666 1409 1769 1482 ooepit.
1785 1410 1892 1467 llicde·

188 1516 280 1561 annos
302 1505 435 1574 mutuor,
459 1514 570 1557 menses
591 1499 674 1569 duos,
695 1499 758 1556 dies
779 1497 940 1555 duodecim.
963 1497 1016 1554 llic
1070 1498 1187 1558 iunctus
1200 1504 1245 1557 cst
1260 1513 1308 1556 uun
1324 1500 1442 1557 Kalend.
1456 1501 1606 1558 Novembr.

188 1593 274 1664 jussu
288 1589 457 1648 theodorici
474 1590 551 1662 regis
565 1589 718 1646 ordinatus
729 1592 782 1657 est,
793 1586 1016 1658 etabsquecon·
1303 1590 1379 1646 Lvll.
1399 1619 1435 1629 -
1459 1589 1611 1647 tohuuus
1630 1591 1668 1647 11.

162 1681 327 1739 'tentione
361 1680 413 1736 llic
446 1678 593 1736 ordinavit
621 1679 772 1749 episcopos
805 1674 1058 1749 undetriginta,B
1326 1679 1419 1751 (Anno
1442 1679 1545 1735 Christi
1565 1677 1644 1754 53).)

189 1767 1012 1843 presbyterosquinquagintaquinquediaconosquatuor.
1104 1768 1236 1839 ioannes,
1253 1768 1369 1825 natione
1380 1769 1534 1841 liomanus,
1549 1783 1584 1827 ex
1599 1773 1684 1841 patre
1699 1769 1839 1840 Proiecto,
1852 1782 1891 1826 se·

189 1859 271 1917 Obiit
290 1864 384 1916 autem
404 1858 504 1915 idibus
522 1856 665 1925 Octobris,
683 1855 848 1913 Athalarico
869 1861 1012 1928 regnante.
1069 1856 1306 1928 ditannosduos,
1319 1870 1429 1914 menses
1440 1858 1574 1928 quatuor,
1586 1854 1723 1911 diessen.
1736 1855 1892 1912 imitantem

191 1948 244 2004 llic
258 1952 353 2005 autem
370 1946 472 2004 multis
483 1945 629 2016 episcopis
644 1958 694 2016 per
707 1944 837 2000 diversas
852 1943 1015 2014 provincias
1069 1946 1229 2004 Athalarici
1245 1948 1322 2020 regis
1336 1951 1364 2003 et
1381 1945 1538 2022 iustiniani
1562 1944 1690 2017 Augusti
1713 1943 1889 2016 temporibus.

188 2037 358 2095 constitutis
375 2036 535 2107 rescripsit,
552 2035 727 2106 respondens
741 2034 847 2091 eisdem
860 2032 896 2089 de
920 2031 1016 2089 ecclc-
1069 2035 1222 2093 ordinavit
1236 2041 1330 2093 autem
1343 2034 1606 2107 episcoposviginti
1623 2039 1653 2090 et
1665 2047 1773 2104 unum,
1787 2032 1893 2104 presby-

186 2128 299 2185 siarum
313 2126 536 2196 consecratione,
551 2131 579 2181 et
593 2125 628 2181 de
640 2124 794 2181 missarum
808 2122 1016 2180 celebrationi·
1070 2130 1146 2182 teros
1162 2124 1337 2196 quindecim.
1354 2123 1435 2181 Obiit
1449 2128 1543 2180 autem
1559 2137 1588 2179 ut
1603 2122 1730 2179 Kalend.
1746 2123 1835 2179 lunii.
1848 2122 1892 2177 liic

188 2216 244 2274 bus
267 2216 307 2273 ita
321 2214 364 2286 (de
388 2216 467 2283 Gens,
490 2215 517 2270 d.
543 2211 568 2280 l,
598 2228 623 2270 c.
643 2213 720 2268 Sicut
741 2211 824 2285 non):
849 2213 910 2268 Non
934 2212 1013 2276 olibi,
1070 2214 1183 2271 Valerio
1204 2214 1339 2284 episcopo
1365 2212 1516 2284 epistolam
1533 2212 1625 2283 misit,
1644 2211 1675 2268 in
1692 2224 1754 2284 qua
1768 2211 1890 2281 ostendit,

190 2323 272 2377 quom
282 2309 312 2361 in
327 2308 443 2361 socratis
452 2306 567 2360 Domino
579 2304 645 2358 locis
659 2303 762 2373 ubsque
783 2316 884 2370 ntapnu
904 2302 1017 2357 necessi·
1069 2307 1098 2360 ei
1110 2303 1221 2361 ratione
1231 2307 1260 2360 et
1274 2303 1446 2360 auctoritaie
1462 2302 1618 2360 multorum
1631 2301 1782 2374 probavit,
1798 2300 1890 2357 lilium

187 2398 312 2467 totunm
326 2395 421 2450 debere
436 2393 666 2465 iiquetomnibas,
681 2391 780 2462 quibus
793 2394 934 2444 notosunt
946 2391 1017 2447 Noui
1071 2393 1210 2451 minorem
1233 2392 1348 2464 quidem
1372 2406 1434 2452 esse
1454 2394 1537 2450 Patre
1556 2393 1586 2449 in
1601 2391 1752 2463 assumpti
1778 2391 1893 2448 hominis

188 2491 213 2539 et
230 2486 334 2540 Veteris
362 2484 527 2539 Testamenti
544 2484 690 2554 precepto,
703 2485 732 2536 et
744 2478 826 2550 ponit
838 2476 899 2548 illa,
915 2474 1015 2532 stillis
1071 2482 1171 2554 torma,
1187 2482 1324 2555 equalem
1340 2496 1406 2540 vero
1428 2484 1505 2540 Patri
1524 2497 1586 2541 esse
1600 2482 1633 2538 in
1653 2482 1781 2539 deitatis
1794 2486 1893 2537 natura

189 2573 303 2642 Pisilis,
324 2572 415 2629 dliii:
433 2572 464 2627 Si
481 2572 572 2627 Judaei'
592 2572 641 2626 '¹⁰0
660 2570 809 2638 emebant,
825 2567 909 2622 mulio
927 2565 1015 2633 minii
1070 2572 1251 2630 substantia:
1282 2578 1311 2629 et
1325 2573 1378 2631 hoc
1400 2570 1469 2630 lecit
1495 2572 1569 2644 ideo,
1590 2572 1664 2644 qula
1684 2571 1807 2644 quidam
1820 2575 1893 2626 erant

187 2677 237 2716 nos
260 2660 387 2716 debemus
407 2661 508 2730 templo
528 2659 674 2728 aedificare,
698 2659 883 2718 etcinerem
905 2670 1015 2709 sumone
1068 2662 1144 2733 apud
1159 2675 1224 2720 eum
1241 2661 1291 2734 qui
1305 2663 1446 2736 negabant
1458 2662 1564 2720 lilium
1579 2660 1738 2719 Patriesse
1751 2659 1890 2734 aequalem.

188 2754 214 2805 et
227 2765 283 2804 non
301 2749 365 2804 otiis
379 2751 410 2803 in
425 2750 499 2811 locis,
516 2763 599 2818 quam
618 2748 672 2801 Deo
688 2745 724 2800 ab
746 2746 877 2815 episcopis
897 2744 1014 2798 somatis
1283 2751 1353 2807 LIX.
1376 2780 1411 2792 -
1432 2750 1460 2806 s.
1490 2748 1682 2807 AGAPETUS.

186 2840 285 2892 musas
307 2837 450 2900 celebrare,
466 2851 514 2891 nec
540 2836 676 2906 scoriate
695 2835 809 2890 Domino
831 2832 938 2902 offer-re,
958 2834 1014 2887 nesi
1336 2838 1428 2908 (Anno
1440 2834 1629 2911 chmii535.)

187 2926 236 2981 hoc
261 2941 367 2981 summa
390 2927 536 2981 necessitas
560 2926 661 2993 eeipat.
690 2925 724 2978 lit
738 2924 827 2978 sotius
849 2925 889 2976 est
902 2922 1014 2977 mnsam
1103 2927 1256 3001 Agapetus‚
1280 2928 1397 2986 natione
1418 2930 1572 2998 nonanus,
1593 2941 1629 2984 ex
1653 2930 1741 2999 patre
1755 2926 1892 2986 Gordium

187 3031 242 3071 non
257 3020 379 3079 contem,
396 3019 513 3070 autnon
533 3014 642 3078 audire,
666 3028 750 3084 quom
764 3014 794 3066 in
812 3012 854 3066 llis
866 3012 930 3066 iocis
942 3012 1012 3082 iteri,
1028 3003 1052 3069 C
1069 3017 1242 3089 presbytero,
1254 3018 1330 3075 sedit
1340 3032 1451 3076 menses
1463 3017 1685 3088 undecim,dies
1694 3018 1889 3075 novemdecim.

187 3108 218 3162 in
240 3106 340 3177 quibus
362 3107 423 3176 lieri
448 3119 503 3159 non
521 3107 637 3175 oportet.
666 3102 872 3160 solemnitates
884 3114 951 3158 vero
972 3097 1014 3172 (de
1067 3107 1119 3164 llic
1132 3108 1278 3165 ordinavit
1288 3108 1438 3180 episcopos
1450 3107 1594 3176 undecim,
1610 3107 1757 3166 diaconos
1767 3114 1890 3181 quatuor.

186 3195 265 3253 cene.
282 3195 310 3251 d.
335 3191 360 3263 l,
382 3208 407 3251 c.
424 3193 623 3264 Sohnnitates)
637 3191 854 3250 dedicationum
874 3189 1015 3247 molesia-
1065 3196 1257 3254 liiclibellum
1268 3197 1460 3255 anathematis
1472 3199 1502 3254 in
1517 3197 1703 3268 Dioscorum,
1717 3197 1769 3255 cul
1784 3195 1892 3254 bonila-

188 3299 263 3358 rum,
280 3289 309 3342 ct
322 3284 501 3343 sacerdotum
519 3297 569 3354 per
580 3282 711 3355 singulos
726 3295 818 3338 annos
829 3277 1014 3337 celebrandas
1067 3285 1132 3343 cius
1154 3285 1272 3343 insidiae
1294 3286 1414 3344 stimulo
1432 3287 1538 3344 ductus
1562 3285 1750 3363 presbyteros
1773 3293 1803 3345 et
1815 3287 1890 3343 cuam

185 3388 248 3434 esse
266 3375 413 3446 asseruit,
437 3374 466 3429 in
488 3373 585 3430 cadem
607 3373 716 3444 dicens,
742 3370 838 3442 ipsum
859 3369 1012 3426 bominum
1066 3376 1216 3446 episcopos
1243 3375 1388 3433 subscribi
1420 3375 1608 3449 compulerat,
1643 3377 1786 3435 incendio
1811 3364 1890 3436 dedit.

186 3465 314 3536 exempla
327 3464 452 3536 dedisse,
466 3463 517 3535 qul
533 3463 566 3518 ad
583 3459 686 3519 testum
703 3459 897 3518 dedicationis
912 3457 1011 3529 templi
1066 3464 1251 3521 lastinianus
1264 3465 1518 3523 autem·Theodato
1531 3465 1592 3538 regi
1606 3463 1706 3522 iuerat
1719 3467 1889 3540 indignatus,

185 3555 265 3612 uenit
286 3554 429 3624 (Joan.x);
449 3557 477 3608 et
492 3551 566 3624 quod
583 3556 647 3608 octo
667 3550 780 3607 dierum
801 3549 862 3605 sint
882 3545 1012 3604 encaenia
1066 3567 1099 3610 eo
1115 3554 1190 3625 quod
1204 3553 1266 3625 ipse
1276 3555 1403 3627 reginam
1417 3553 1624 3612 Amalasintam
1634 3555 1813 3614 Theudorici
1826 3554 1890 3628 regis

187 3644 368 3714 celebranda,
386 3641 455 3698 libii
468 3641 575 3713 Regum
590 3639 772 3696 dedicatione
784 3636 884 3707 templi
898 3640 1011 3706 pericia
1066 3643 1154 3703 filiam
1174 3643 1231 3700 sihi
1251 3644 1476 3701 commendatam
1489 3644 1645 3702 occiderat,
1662 3645 1749 3702 Unde
1763 3660 1814 3704 m
1827 3659 1890 3717 ppa-

184 3733 343 3791 ostendunt
356 3731 412 3801 (lll
423 3733 488 3800 lien.
504 3729 578 3800 uuir).
590 3731 634 3785 lle
647 3727 833 3784 ecclesiarum
853 3738 920 3781 velo
938 3738 1012 3782 0011·-
1064 3732 1171 3803 dictus,
1194 3733 1299 3789 timens
1321 3732 1548 3807 indignationem
1568 3733 1711 3808 Augusti,
1729 3736 1889 3807 praedictum

185 3822 346 3878 iterationi
360 3820 401 3875 ¹1³
416 3818 571 3889 precepit:
587 3817 801 3886 init'eiiwiiue
815 3814 969 3878 dubitatur,
985 3818 1011 3869 et
1065 3833 1165 3890 papam
1182 3821 1459 3893 constantinopolim
1485 3823 1520 3880 ad
1544 3823 1753 3894 imperatorem
1774 3823 1888 3881 direxit:

183 3926 232 3967 nec
245 3913 318 3964 certa
329 3910 477 3978 scripturo,
504 3921 552 3961 nec
566 3907 633 3961 certi
646 3907 725 3961 testes
734 3906 866 3976 emittunt,
882 3920 899 3958 a
910 3903 1009 3974 quibus
1065 3909 1115 3980 qui
1127 3923 1144 3965 a
1157 3910 1322 3968 iustiniano
1335 3911 1465 3984 Augusto
1476 3910 1637 3969 honorifice
1649 3920 1820 3986 susceptus,
1836 3918 1890 3984 posi

184 4000 349 4057 consecratio
360 3999 475 4061 suatur,
486 3995 589 4066 absque
600 3994 660 4049 nlla
674 3993 844 4049 dubitatione
856 3994 947 4049 scitote
963 4007 1009 4048 ens
1064 3996 1178 4069 longam
1194 3990 1408 4057 altercationem
1435 4000 1603 4057 Anthimum
1621 4002 1758 4072 ejusdcm
1773 4003 1889 4060 civitatis

183 4106 240 4146 esse
256 4088 421 4145 sonandas:
439 4101 487 4141 nec
501 4086 565 4141 tetis
584 4083 730 4156 trepidatio
748 4086 797 4154 ttot
815 4084 848 4139 dc
866 4085 1009 4139 iteratione
1062 4089 1240 4161 episcopum,
1257 4090 1286 4145 in
1298 4090 1414 4146 christo
1426 4090 1499 4147 duas
1512 4093 1631 4147 naturas
1646 4097 1814 4164 negantem,
1828 4105 1890 4148 con-

188 4174 285 4254 [saoiai
314 4172 579 4249 homuntionem];
612 4176 741 4245 quoniam
763 4190 819 4229 non
840 4177 1009 4229 monstratur
1062 4176 1143 4248 uicit,
1157 4182 1185 4234 et
1206 4191 1222 4235 a
1241 4179 1442 4236 communione
1464 4179 1704 4239 Christianorum
1724 4183 1887 4254 suspendii:

186 4283 242 4325 esec
253 4269 393 4331 iteratum,
409 4265 482 4337 quod
507 4266 628 4319 noenius
645 4267 759 4332 factum.
1062 4269 1092 4321 et
1107 4265 1162 4322 isto
1176 4267 1204 4322 ln
1220 4266 1355 4323 exsilium
1371 4267 1529 4338 deportato,
1543 4267 1635 4325 alium
1653 4269 1826 4343 episcopum
1843 4285 1889 4329 no·

400 4357 478 4414 LVll.
491 4385 526 4396 —
541 4351 741 4409 coniunctus
761 4353 792 4406 11.
1024 4354 1142 4435 nmine
1156 4357 1295 4429 hennam,
1312 4357 1406 4414 virum
1422 4357 1607 4431 catholicum,
1622 4357 1655 4415 in
1670 4360 1738 4430 eius
1751 4360 1815 4419 loco
1828 4375 1889 4419 con-

447 4442 539 4517 (hnno
554 4442 655 4497 Christi
668 4437 743 4511 530.)
1063 4447 1195 4504 socrant.
1211 4449 1276 4505 Post
1291 4462 1357 4531 tero
1379 4449 1552 4522 egritudine
1565 4454 1683 4523 captus,
1700 4451 1814 4510 ibidem
1825 4453 1887 4510 iden

221 4534 396 4606 bonifacius,
416 4532 534 4590 natione
547 4531 702 4600 liomauus,
717 4540 752 4585 ex
773 4532 852 4598 patre
865 4530 1010 4590 Dehaben·
1062 4535 1310 4608 constantinopoli
1322 4552 1341 4593 u
1355 4538 1473 4597 Kalend.
1484 4539 1553 4596 ltail
1572 4544 1618 4596 cst
1633 4539 1809 4601 deonotus.
1823 4543 1885 4600 iden

185 4625 247 4681 tino
263 4619 450 4698 [sigibuldo],
463 4619 538 4676 sedit
553 4629 644 4674 anuos
656 4616 739 4690 duos,
754 4617 818 4675 dies
831 4619 905 4678 duos
919 4626 948 4678 et
961 4622 1009 4679 vl·
1064 4638 1145 4696 papa,
1159 4631 1313 4698 antequam
1326 4628 1437 4686 veniret
1454 4628 1484 4685 in
1506 4629 1660 4701 Graeclam,
1676 4630 1821 4691 hntbimo
1833 4631 1887 4703 epi·

185 4711 271 4783 gluti.
285 4712 353 4767 Fuit
363 4716 458 4766 auum
471 4705 649 4778 temporibus
661 4705 818 4765 Athalarici
833 4710 910 4783 ragis
924 4711 1008 4768 haere·
1058 4715 1163 4772 stolam
1181 4715 1271 4787 misit,
1284 4716 1315 4772 in
1331 4730 1387 4789 qua
1403 4718 1497 4789 ipsum
1510 4717 1545 4775 ab
1555 4731 1656 4777 errore
1668 4735 1726 4779 suo
1741 4722 1778 4779 ad
1791 4722 1885 4779 semu-

186 4798 249 4865 tici,
273 4797 422 4854 etiustini
444 4795 578 4870 Augusti.
604 4795 656 4853 liic
677 4793 751 4854 lacta
772 4797 954 4857 dissensione
978 4802 1006 4859 ln
1062 4808 1117 4860 tem
1132 4805 1281 4863 catholicae
1293 4806 1358 4863 idei
1374 4807 1468 4864 redire
1480 4807 1624 4867 bortando
1641 4812 1808 4882 prudenter
1818 4825 1884 4871 com·

185 4887 261 4944 clero
275 4891 304 4943 ct
315 4890 427 4958 senatu,
441 4887 472 4943 ln
487 4887 670 4945 contentione
686 4887 840 4945 ordinatur
857 4903 922 4946 cnm
934 4890 1008 4949 Dio-
1062 4894 1186 4952 monuit.

185 4991 285 5035 scoro:
302 4977 349 5033 sed
364 4978 520 5035 Dioscorus
535 4990 592 5034 nou
605 4977 697 5035 multo
710 4982 774 5048 post
785 4976 940 5036 defunctus
953 4986 1004 5037 est.
1293 4987 1350 5042 LK.
1364 5015 1402 5026 —
1414 4986 1443 5044 S.
1468 4986 1659 5046 subvenitis.

183 5068 263 5126 Unde
275 5066 440 5126 Boniiacius
452 5069 511 5138 jam
527 5067 644 5138 paciilce
658 5067 752 5125 sedem
768 5068 901 5141 adeptus,
922 5071 1005 5142 quasi
1327 5073 1420 5147 (Anno
1435 5076 1531 5133 cirrati
1545 5074 1621 5150 536.)

184 5160 325 5217 damnans
338 5155 521 5228 Dioscorum,
542 5156 638 5213 noluit
656 5157 775 5229 clerum,
800 5158 850 5228 qui
870 5158 1006 5217 Dioscoro
1095 5162 1245 5234 silverius,
1271 5164 1386 5222 natione
1400 5166 1571 5240 Campanus,
1595 5180 1632 5224 ex
1656 5176 1744 5242 patre
1768 5169 1881 5232 onmium

185 5247 302 5320 lauerat,
331 5245 391 5303 uisi
413 5245 449 5302 de
469 5244 587 5303 vinculo
608 5245 808 5317 anathematis,
831 5246 1007 5317 penitentiae
1060 5250 1155 5309 iiomae
1174 5253 1319 5325 episcopo,
1336 5255 1530 5313 seditanuum
1545 5270 1650 5331 unum,
1669 5274 1789 5321 menses
1807 5261 1881 5337 qnin-

183 5337 383 5397 satislactione
393 5333 550 5407 premissa,
565 5334 595 5389 in
608 5334 836 5392 communionem
848 5336 1003 5407 suscipere.
1061 5353 1125 5412 que,
1140 5340 1203 5398 dics
1213 5343 1412 5415 quadraginta.
1428 5344 1480 5402 llic
1490 5345 1881 5425 ordinaritepiseopoeocte

183 5430 238 5500 Qui
251 5432 348 5502 postca
357 5428 527 5499 congregata
539 5424 647 5495 synodo
656 5423 800 5481 decretum
813 5423 890 5498 lecit,
903 5431 935 5483 ut
947 5426 1004 5484 sibi
1059 5430 1163 5502 decim,
1180 5430 1359 5504 presbyteros
1369 5434 1596 5505 quatuordecim
1613 5437 1669 5497 gae
1681 5440 1881 5500 medam

182 5530 381 5578 successorum
390 5515 504 5575 etherei
516 5514 632 5588 eligere,
646 5516 674 5572 ct
686 5513 795 5586 scripto
804 5518 833 5572 ct
842 5515 1004 5588 iuramento
1051 5520 1140 5578 tione
1162 5521 1270 5580 decreti
1292 5535 1310 5582 a
1330 5522 1474 5584 mutato
1496 5530 1619 5599 nunno
1650 5533 1832 5593 muscarum
1846 5530 1879 5586 et
