3876 6090
107 280 158 343 tlt
490 275 764 336 INTERPRETATIO
781 275 907 334 Sinoni
925 275 974 333 vll
991 274 1242 335 hunuanus-
1259 278 1361 336 hello
1378 280 1435 336 vll.
1761 272 1816 336 m

108 409 160 482 xa).
175 406 251 478 Quid
265 409 362 462 autem
377 403 517 462 Dominus
530 403 564 458 de
575 398 841 458 Pharisaeis'rursns
854 398 973 460 cranA
987 400 1208 472 citum'constat,
1218 403 1387 477 imaginales
1397 402 1815 473 formationesuispensationis

108 498 190 572 gelice
205 496 265 551 ait:
280 494 386 549 Amant
402 494 504 564 primos
519 491 656 546 recubitus
673 491 703 544 iu
717 491 809 552 coum,
822 493 848 544 et
862 489 934 544 sutu-
987 492 1103 549 homini
1118 493 1209 550 nostri
1226 496 1292 550 lesu
1306 493 1425 563 Christi,
1442 497 1471 548 et
1490 493 1663 548 intemerata
1672 493 1722 547 Dei
1738 492 1815 564 geni·

109 589 218 644 tationes
230 587 262 638 ia
275 586 337 653 foro
358 579 466 654 (lluttb.
488 579 713 652 tunicatum
736 577 868 649 estquod
886 576 933 632 hic
988 580 1071 638 tricis
1092 596 1259 655 semperque
1280 583 1409 656 Virginis
1427 582 1533 653 llariae,
1555 595 1588 637 ae
1601 580 1813 638 honorabilium

110 674 306 734 salutationem
319 670 517 728 adorationem
529 669 661 740 appellet.
677 667 813 724 Pharisaei
827 666 933 738 quippe
987 671 1164 743 angelorum,
1177 679 1206 729 et
1217 673 1346 729 omnium
1368 677 1543 743 sanctorum,
1563 672 1682 727 adorare
1693 675 1721 726 es
1733 684 1814 726 osce.

111 767 255 838 jartantem
282 775 400 819 sensum
431 758 576 831 hahentes,
610 771 728 829 seseque
753 758 847 827 justos
874 755 934 826 opi·
988 761 1065 817 lari:
1089 766 1118 817 et
1130 763 1265 834 quisquis
1277 764 1320 819 sic
1338 776 1368 820 se
1386 777 1442 820 non
1458 760 1814 830 hahuerit,seddiscepta·

112 857 213 924 ¹1²le
221 851 338 909 admi*
354 849 391 906 ab
403 848 538 906 ⁰¹¹¹¹¹¹b¹¹⁸
557 846 740 918 festinabant,
761 859 817 902 nnn
831 858 880 902 ore
896 844 931 901 ad
987 850 1070 918 verit,
1093 852 1237 908 ueletiam
1256 853 1417 924 elanguerit
1435 865 1501 924 erga
1523 849 1729 906 uenerabilium
1746 848 1814 904 ima-

112 941 292 1001 ososeulari:
311 938 451 996 nonenim
465 942 509 994 ost
524 936 621 1007 potius
635 934 819 1006 humilitatis,
833 939 861 990 et
876 947 932 990 non
988 938 1087 1010 ginum
1121 940 1328 1012 adorationem,
1357 940 1429 996 hane
1460 939 1681 997 anathematizat
1715 940 1813 993 sancta

112 1030 262 1088 Pharisaici
275 1028 400 1086 tumoris
420 1027 574 1083 indicium.
594 1028 697 1082 lterum
713 1029 808 1081 autem
829 1023 933 1080 Paulus
988 1033 1084 1085 nostra
1096 1034 1124 1085 et
1136 1029 1307 1086 universalis
1317 1030 1452 1101 synodus,
1469 1044 1532 1100 qnae
1546 1028 1656 1084 munita
1665 1025 1811 1084 estdivinl

113 1116 488 1189 lirinusapostolns,sicut
504 1118 595 1172 Lucas
612 1115 642 1171 in
661 1113 932 1183 lctibusapostolu
985 1117 1113 1187 Spiritus
1135 1120 1309 1192 operatione,
1330 1134 1362 1177 ac
1393 1118 1520 1189 paternis
1551 1124 1580 1174 et
1607 1115 1813 1173 ecelesiasticis

114 1225 164 1267 illm
181 1207 332 1265 describit·
356 1208 426 1273 Quia
446 1222 507 1261 cum
526 1206 691 1260 lenissimus
708 1204 929 1271 ffitl⁰⁸⁰ltm⁰ms
986 1208 1202 1264 traditionibus.
1218 1210 1304 1266 Porro
1317 1209 1466 1265 anathema
1481 1208 1554 1264 nihil
1569 1207 1648 1263 allud
1663 1212 1716 1277 est,
1727 1217 1812 1276 quam

114 1301 216 1354 libmter
236 1301 400 1367 exceperunt
421 1311 471 1351 nos
490 1297 600 1363 fratres.
628 1293 758 1363 Sequenti
775 1296 866 1346 autem
887 1291 931 1345 die
985 1298 1155 1366 separatloa
1170 1300 1235 1354 Deo.
1252 1299 1281 1353 Si
1294 1299 1370 1354 enirn
1387 1298 1502 1369 quidam
1518 1296 1627 1353 luerint
1642 1296 1813 1352 altercantes

114 1387 232 1442 introibat
249 1387 356 1440 Paulus
379 1400 439 1439 cum
462 1385 540 1438 nobo
554 1384 592 1438 ad
616 1382 761 1446 lucabum
788 1395 930 1449 omnesque
984 1392 1012 1441 et
1030 1393 1129 1443 contra
1152 1401 1185 1444 ea
1206 1403 1269 1460 qnae
1289 1388 1408 1445 delinita
1430 1392 1499 1444 sunt
1513 1400 1569 1443 non
1584 1386 1758 1455 obedientes,
1781 1383 1811 1439 in

116 1477 204 1531 elbora·
216 1480 284 1530 iuni
302 1476 428 1529 sedimi-
452 1473 523 1540 Qu⁰³
544 1488 605 1526 cum
624 1472 779 1533 salutabit,
797 1469 930 1523 uouebat
984 1476 1119 1534 stimulos
1129 1478 1290 1549 calcitrant,
1304 1482 1332 1534 et
1346 1491 1414 1534 suas
1428 1478 1555 1548 ipsorum
1568 1477 1678 1533 animas
1692 1475 1806 1542 laedunt,

116 1566 269 1637 litt-timia
291 1579 353 1633 Μ
366 1564 472 1631 ficisset
488 1565 559 1617 Deus
573 1564 603 1615 in
614 1561 799 1631 aedilitium
812 1559 931 1614 ministe-
983 1565 1128 1623 Christum
1153 1566 1336 1638 offendentes,
1352 1573 1381 1623 et
1396 1566 1529 1624 Ecclesiae
1550 1566 1643 1636 ipsius
1657 1562 1813 1620 calumniis

118 1654 276 1724 finitimis
290 1650 363 1724 (Aah
379 1651 449 1724 ¹¹¹)-
466 1652 540 1722 Ergo
558 1656 586 1706 el
599 1649 647 1705 hic
659 1649 860 1705 salutationem
875 1648 931 1705 ho-
985 1656 1128 1727 delectati,
1159 1656 1359 1728 impugnantes
1394 1670 1495 1713 vesane
1536 1657 1679 1726 pietatem,
1715 1657 1813 1722 utpote

120 1744 277 1802 dolatoriam
299 1741 495 1798 adorationem
512 1753 596 1812 quam
613 1740 733 1796 invitem
749 1739 927 1811 exhibemus,
945 1728 971 1791 B
987 1745 1147 1814 priscorum
1171 1746 1370 1802 haepetioopum
1405 1745 1679 1803 communicationes
1702 1746 1730 1798 et
1749 1753 1814 1798 0011.

121 1832 395 1904 apmtolicnssensus
419 1828 577 1901 describit,
598 1829 835 1900 quemadmodum
853 1829 930 1884 etde
986 1835 1112 1890 senumi
1136 1839 1166 1890 et
1197 1835 1374 1892 contribules
1401 1849 1450 1906 per
1480 1835 1665 1905 impietatem.
1700 1831 1813 1888 Fratres

121 1921 187 1978 laeob
199 1920 258 1977 ait:
276 1919 414 1975 Adoruuit
432 1919 578 1987 fastigium
591 1920 675 1986 uirga
691 1918 750 1987 ejus
763 1917 857 1987 (Hebe.
876 1919 929 1989 nr).
984 1927 1078 1979 autem
1092 1927 1121 1979 et
1133 1923 1348 1980 comministros
1373 1928 1486 1981 nostros
1506 1926 1562 1979 lteo
1586 1921 1724 1978 amabiles
1747 1918 1813 1989 epl-

122 2011 232 2067 consum
244 2022 312 2066 vero
325 2008 391 2065 istis
412 2012 440 2064 et
454 2007 610 2079 Gregorius
632 2011 818 2080 cognomento
831 2006 932 2062 heilo-
985 2026 1085 2083 scopos
1118 2013 1251 2070 misimus
1280 2028 1344 2070 cum
1381 2013 1533 2070 abhatibus
1565 2015 1593 2067 et
1622 2010 1748 2074 clericis,
1780 2012 1813 2064 ut

123 2099 279 2171 illidissiit
294 2097 457 2155 Bethlehem
469 2097 539 2168 ⁰⁰18,
556 2102 584 2153 θῑ
599 2111 721 2167 lltaeaelte
733 2097 820 2153 adora
832 2096 929 2167 (Sem
986 2101 1114 2160 omnium
1125 2117 1189 2173 quae
1207 2103 1236 2159 in
1253 2103 1336 2159 nobis
1359 2109 1436 2174 gesta
1455 2107 1533 2169 sunt,
1553 2097 1811 2156 manifestationem

123 2192 201 2246 hum.
219 2189 342 2260 Christi).
356 2187 437 2258 Quis,
455 2191 547 2259 putas,
561 2200 659 2244 eorum
671 2187 721 2257 qui
735 2191 810 2243 reete
824 2191 852 2243 et
866 2186 932 2242 sin·
985 2191 1292 2248 denuntientdeisonis
1306 2192 1427 2248 auribus
1442 2189 1554 2247 vestris.
1569 2190 1656 2246 Porro
1670 2187 1705 2243 ad
1719 2186 1812 2258 signa·

123 2292 168 2336 cere
181 2278 351 2350 intelligunt
365 2291 427 2348 quae
447 2277 547 2333 divina
564 2276 713 2347 Scriptura
735 2274 929 2347 proteruntur,
987 2281 1084 2337 culum
1095 2286 1124 2337 et
1134 2278 1641 2352 robureorunquaeanohisdetlnlta
1653 2280 1731 2347 sunt,
1741 2273 1812 2345 quin

124 2367 249 2440 intelligat
271 2367 348 2438 quod
369 2366 428 2422 hace
447 2366 483 2421 de
503 2365 670 2422 adoratione
689 2380 752 2436 quae
772 2366 802 2421 in
824 2365 932 2435 spiritu
986 2370 1071 2426 etiam
1086 2371 1121 2426 ad
1135 2369 1359 2428 satisfactionem
1371 2369 1496 2441 piissimi
1509 2367 1623 2438 imperii
1637 2365 1734 2436 vestm,
1748 2363 1814 2420 suh

124 2454 403 2528 lapronuntienturt
415 2455 472 2512 nisi
487 2454 559 2513 lorte
566 2456 601 2512 de
612 2456 768 2512 insensatis
778 2456 827 2527 sit,
841 2454 883 2511 vel
898 2469 933 2512 ex
984 2459 1107 2530 jecimus
1121 2466 1233 2531 paterna
1250 2460 1414 2516 testimonia
1424 2473 1458 2515 ex
1469 2458 1569 2514 multis
1582 2470 1671 2528 pauca
1682 2453 1811 2523 collecta,

123 2545 211 2620 hhqui
227 2546 321 2603 totius
341 2546 525 2616 scripturalis
541 2544 670 2603 seientia
687 2559 720 2601 ac
743 2549 867 2616 paternae
878 2546 935 2602 do-
988 2554 1016 2605 et
1024 2549 1155 2605 claritate
1166 2549 1297 2605 veritatis
1308 2548 1511 2606 certitudinem
1527 2544 1713 2604 illustrantia.
1730 2542 1814 2598 Caete

120 2637 203 2693 ctrina
224 2635 389 2706 inexpertes
415 2635 553 2692 existunt.
587 2635 792 2706 Nunquldnam
816 2633 934 2706 lastigie
990 2652 1053 2695 rum
1066 2638 1195 2695 omnium
1208 2635 1632 2709 nostrumsalvatorqutrobis
1646 2634 1813 2703 coimperat,

64 2752 66 2775 ι
120 2725 189 2799 γίνῃ
202 2725 325 2783 servivit
346 2724 456 2781 iacobi
473 2730 525 2781 aut
540 2724 659 2796 praesepi
679 2724 813 2794 praecepit
829 2724 937 2781 theolo·
991 2726 1099 2798 quique
1112 2741 1160 2798 per
1174 2741 1224 2785 vos
1244 2727 1381 2784 Eccleslis
1394 2740 1489 2797 pacem
1502 2739 1583 2783 suam
1595 2721 1749 2780 concedere
1763 2732 1817 2776 ro-

118 2814 333 2888 rmuregorlus
351 2813 519 2871 deservire?
539 2815 574 2871 Et
589 2828 691 2871 rursus
703 2828 816 2885 quoqne
834 2827 885 2871 nos
897 2813 938 2869 vi·
989 2815 1057 2888 luit,
1082 2830 1131 2887 per
1154 2817 1261 2874 multos
1278 2831 1369 2874 annos
1382 2815 1527 2873 custodiat
1551 2826 1667 2885 regnum
1689 2814 1816 2868 restrum

117 2903 213 2961 ntum
236 2917 353 2961 crucem
376 2903 534 2961 minantes
556 2917 681 2961 consone
698 2903 844 2961 canimus:
867 2904 937 2960 Grn-
989 2919 1054 2962 cum
1073 2911 1173 2964 senatu
1194 2912 1222 2964 et
1242 2906 1425 2977 principibus
1444 2910 1473 2961 et
1497 2902 1665 2961 lldelissimo
1688 2898 1816 2958 exercitu

115 2998 255 3050 uuluam
268 2993 436 3065 adoramus,
454 2993 584 3066 Domine,
599 2997 627 3049 et
643 2993 933 3051 adoramuslanceam
989 3001 1082 3052 vestro
1108 3002 1194 3068 atque
1216 2997 1349 3054 universa
1381 2995 1548 3066 republica:
1571 2994 1715 3063 donetque
1736 2989 1818 3047 vohis

115 3096 166 3154 qua
185 3082 306 3155 aperuit
331 3082 476 3139 sicilicum
492 3083 568 3140 latus
593 3088 650 3140 tna
675 3083 832 3154 bonitatis3
858 3085 932 3156 quod
947 3058 971 3120 C
988 3085 1147 3142 victoriam.
1160 3088 1222 3157 lpse
1241 3086 1346 3158 quippe
1358 3085 1416 3141 ait:
1438 3086 1504 3140 Viuo
1517 3099 1574 3152 ego,
1593 3083 1660 3138 dicit
1674 3083 1815 3143 Dominus,

115 3173 267 3231 unissime
277 3172 415 3230 salutatio
424 3173 626 3243 estetdicitur,
636 3172 831 3230 sicutindicat
847 3173 931 3247 illud,
988 3181 1054 3245 putu
1069 3177 1250 3246 glorificantes
1264 3191 1305 3230 me
1322 3174 1479 3244 phritmbo
1494 3172 1520 3243 (l
1541 3174 1605 3241 liep.
1633 3171 1676 3242 11).
1690 3173 1751 3241 lpse
1774 3172 1818 3224 est

114 3264 176 3332 prod
189 3262 253 3319 haec
274 3262 402 3333 propriis
421 3261 507 3318 labiis
520 3262 628 3319 nostris
640 3264 845 3336 contingimus.
862 3265 933 3320 Nam
989 3265 1038 3338 qui
1053 3266 1204 3335 precinxit
1215 3279 1265 3322 uos
1288 3266 1405 3335 virtute,
1419 3269 1448 3319 et
1459 3264 1560 3319 tundet
1578 3266 1698 3318 cunctos
1710 3260 1816 3330 hostes,

112 3352 163 3409 etsi
172 3351 481 3421 multotiesinrenltur
490 3352 620 3408 adoratio
629 3352 930 3424 indivinaScrlptura,
987 3361 1015 3412 et
1027 3354 1145 3412 donabit
1164 3353 1245 3411 vobis
1260 3367 1357 3411 omnes
1370 3351 1534 3409 obedientes
1549 3348 1700 3425 [plangent
1710 3349 1816 3418 hostes,

111 3441 251 3498 eturhane
266 3440 454 3512 loquentibus
465 3440 598 3497 Patribus
614 3441 721 3498 nostris
732 3454 782 3511 pro
795 3442 933 3499 servitute
988 3450 1016 3501 et
1026 3441 1335 3518 gaudebuntsubditil.
1345 3441 1527 3514 Gaudeergo,
1537 3436 1724 3514 civitaslilr„
1734 3445 1763 3494 et
1773 3444 1816 3509 tu,

112 3535 224 3603 maest
246 3531 280 3587 in
294 3530 412 3602 spiritu,
432 3544 498 3587 cum
519 3544 573 3588 vox
589 3531 679 3588 multa
699 3531 853 3604 significet,
877 3545 933 3588 una
988 3531 1120 3609 civitas],
1144 3533 1249 3606 latare,
1271 3546 1342 3589 nova
1358 3532 1437 3600 Sion,
1461 3530 1635 3587 orbisterrae
1658 3527 1818 3599 speculatio

111 3625 195 3678 umen
224 3619 439 3693 significatione
461 3621 524 3690 ejus
557 3621 754 3677 tantummodo
779 3621 931 3692 reperitur,
990 3620 1232 3700 [specula].Nam
1244 3628 1272 3681 et
1285 3623 1326 3679 ibi
1338 3621 1427 3679 David
1436 3620 1612 3693 regnavit‚et
1624 3619 1672 3675 hic
1683 3616 1818 3676 Dauidica

112 3723 166 3780 qna
182 3708 300 3768 scilieet
323 3709 384 3766 sola
408 3708 572 3766 manifestat
592 3710 787 3767 adorationem
815 3714 934 3782 quaeest
989 3705 1816 3787 teipsicustodiunt[piiimperatoresrerumpotinnturi.

113 3799 260 3856 mundum
287 3797 402 3855 latriam
424 3793 530 3872 [unum
554 3812 588 3855 ex
615 3798 788 3871 significatis
812 3800 875 3871 eJ'us
891 3804 935 3858 est
989 3805 1129 3861 Dominus
1140 3804 1170 3860 in
1184 3803 1277 3859 medio
1286 3802 1388 3865 tui;et
1397 3802 1437 3858 slt
1447 3815 1548 3859 nomen
1561 3801 1625 3870 ejus
1636 3799 1818 3856 benedictum

114 3887 233 3945 adoratio
245 3887 404 3944 seeundum
420 3885 561 3962 latriaml.
577 3886 679 3944 adhuc
692 3893 787 3946 autem
803 3889 933 3948 adoratio
992 3894 1022 3950 in
1035 3893 1139 3951 sauma
1151 3893 1332 3950 seculorum.
1344 3891 1443 3948 Amen.

115 3982 186 4034 Μ
203 3989 237 4033 ⁰²
252 3990 317 4048 ‘¹¹¹ae
338 3988 389 4046 W
410 3976 546 4032 h⁰⁰⁰r⁰m
569 3982 598 4032 et
612 3991 794 4047 mmmmm
807 3992 840 4035 ³⁰
854 3980 936 4037 tim*
990 4022 1044 4075 Deo
1065 4019 1229 4074 amabilibus
1252 4018 1438 4073 sacerdotibus
1458 4021 1483 4072 et
1499 4016 1605 4071 clericis
1621 4019 1677 4070 tum
1697 4013 1819 4068 suaeda-

117 4079 164 4122 ren
179 4065 225 4124 dt:
251 4065 341 4123 sicuti
359 4078 412 4122 nos
429 4065 583 4123 adoramus
603 4071 631 4122 et
650 4067 894 4139 gloriosissimum
907 4075 935 4126 et
1026 4093 1101 4146 „m
1120 4092 1170 4145 De,-
1192 4106 1299 4159 mam
1316 4091 1451 4152 Ecclesia
1474 4104 1556 4159 quam
1578 4087 1698 4141 ,mnium
1723 4084 1820 4139 Eccu-

118 4153 370 4212 ntnsnetissimum
390 4155 542 4225 imperinm
557 4159 691 4213 vestrum.
705 4158 756 4212 Est
767 4162 796 4213 et
809 4157 867 4215 alia
886 4171 936 4229 per
1025 4165 1130 4218 siarum
1139 4164 1192 4217 lleo
1204 4167 1367 4216 consecutae
1384 4163 1466 4230 repta
1488 4159 1617 4222 ciuitatis,
1638 4155 1820 4224 sunctuSpn-

120 4241 237 4300 tinorum
261 4248 385 4303 tantum.
401 4245 479 4301 sicut
500 4244 586 4301 Jacob
610 4245 741 4302 adoravit
760 4247 834 4304 Esau
855 4247 933 4317 (Gen.
1026 4235 1095 4289 aetus
1106 4234 1181 4304 opud
1189 4234 1310 4290 llicaeom
1321 4232 1438 4288 stillim
1448 4232 1567 4286 0⁰1l20ffl·

120 4333 221 4402 nassis).
235 4333 271 4389 lit
285 4336 330 4390 est
345 4332 538 4406 pergratiam,
561 4333 638 4391 sicut
651 4333 937 4393 Abrahamadoravit
1025 4340 1159 4397 christus
1179 4342 1255 4397 Deus
1280 4346 1385 4411 noster,
1408 4338 1538 4410 quivere
1561 4340 1605 4393 est
1626 4336 1742 4400 veritas,
1766 4347 1820 4404 pa-

120 4417 185 4478 llios
204 4423 257 4479 llet
269 4437 321 4494 pro
338 4435 406 4495 agro
427 4436 511 4494 quem
526 4424 637 4494 accepit
657 4423 746 4481 abeis
767 4424 797 4481 in
811 4418 977 4496 sepulta-D
992 4433 1161 4501 ternumque
1173 4429 1269 4487 lumen
1284 4435 1312 4486 et
1333 4428 1483 4500 splendor:
1500 4427 1551 4498 qui
1573 4425 1609 4481 de
1626 4423 1753 4481 tenebris
1767 4436 1820 4479 nos

126 4521 174 4566 um
190 4511 266 4568 Sarae
279 4511 380 4569 uxoris
403 4527 462 4569 suaa
487 4512 564 4583 (Gen.
588 4515 684 4585 nuru).
710 4516 815 4571 lterum
840 4520 936 4572 autem
992 4520 1103 4576 vocavit
1117 4519 1147 4576 in
1160 4519 1330 4576 admirabile
1344 4532 1428 4575 suum
1444 4518 1550 4586 lumen,
1567 4521 1595 4570 et
1606 4513 1641 4570 ab
1657 4512 1763 4569 idolica
1777 4525 1836 4568 rev

128 4606 313 4670 mussantes
341 4601 458 4674 quidam
483 4615 500 4658 a
523 4603 744 4661 sublimioribus
767 4604 937 4662 beneficium
993 4609 1075 4667 sauia
1097 4623 1148 4666 nos
1170 4610 1264 4680 eruit,
1292 4609 1342 4681 qni
1368 4607 1474 4664 delevit
1497 4605 1612 4662 nomina
1639 4603 1820 4660 idoloruma

126 4691 259 4763 mamni,
276 4691 396 4749 adorant
407 4705 467 4765 eos,
482 4692 559 4748 sicut
569 4693 654 4750 Jacob
669 4695 843 4752 Pharaonem
858 4695 936 4765 (eeu.
994 4704 1080 4769 terra,
1095 4703 1123 4755 et
1136 4698 1301 4769 repromisit
1314 4712 1368 4755 non
1389 4711 1488 4754 eorum
1507 4694 1631 4752 ulterius
1643 4706 1706 4749 esse
1719 4704 1821 4751 memo

128 4779 213 4851 nanu).
237 4780 311 4837 llinc
338 4780 415 4837 enim
442 4780 541 4837 divina
565 4781 715 4852 Scriptura
739 4783 844 4841 docens
870 4799 936 4850 nos:
994 4786 1189 4856 riam3voluit
1201 4800 1326 4843 annuere
1346 4786 1409 4857 pios
1424 4789 1451 4842 et
1467 4798 1517 4855 per
1528 4787 1631 4840 cuncta
1646 4781 1821 4839 orthodoxos

130 4865 260 4925 domuum
287 4871 373 4926 &um
393 4875 470 4926 tumn
495 4871 632 4927 admotis
658 4876 683 4927 et
708 4874 753 4927 illi
771 4876 823 4928 soli
840 4876 940 4933 seruies
994 4875 1328 4945 aeddelesimperatores
1341 4877 1464 4943 nostros,
1477 4871 1513 4927 ad
1526 4870 1756 4942 congregandum
1770 4881 1822 4923 nos

124 4951 187 5021 (Μ.
204 4959 261 5030 tvl:
282 4959 475 5017 adsrationem
492 4956 637 5035 [absolute
652 4962 742 5033 ponit,
758 4969 787 5020 et
802 4977 857 5020 non
868 4965 940 5037 adji·
994 4965 1024 5021 in
1036 4966 1150 5021 Nicaena
1173 4964 1250 5020 clara
1266 4961 1427 5034 metropoli.
1442 4961 1520 5018 sicut
1540 4959 1648 5017 nostis:
1664 4963 1695 5016 ut
1706 4957 1822 5014 distan-

122 5041 163 5115 eit,
180 5047 241 5112 coli,
267 5052 300 5105 ut
316 5048 478 5122 signillcata
502 5050 593 5106 multa
617 5050 777 5124 habentem,
803 5058 938 5113 atrocem
993 5053 1068 5110 tium
1085 5050 1294 5109 dissonantiam
1310 5050 1340 5106 in
1359 5048 1575 5106 consonantiam
1590 5046 1818 5118 perduceremus,

122 5135 295 5207 misceam.
307 5135 408 5214 Porro]
421 5138 484 5196 sine
497 5139 693 5211 prohibitione
702 5141 788 5214 dixit,
801 5147 937 5216 unquam
992 5148 1020 5200 et
1034 5141 1144 5198 medius
1157 5139 1252 5212 paries
1265 5138 1414 5196 tolleretur
1428 5137 1602 5209 inimicitiae,
1615 5136 1774 5206 etantiqua
1785 5133 1824 5189 le·

119 5219 236 5285 illusas
263 5227 381 5300 quidem
411 5228 648 5301 signihoatlones,
669 5231 717 5288 sed
738 5231 937 5305 homonymam
992 5233 1038 5307 gis
1050 5230 1155 5305 positio
1167 5229 1316 5287 catholica
1328 5229 1462 5287 Ecclesia
1475 5227 1640 5286 drmitatem
1653 5227 1818 5282 resumeret.

117 5330 202 5375 rocem
223 5316 384 5389 habentem,
404 5321 434 5375 et
450 5332 506 5376 non
520 5320 572 5375 soli
585 5320 708 5377 addidit.
728 5322 816 5380 Porro
830 5325 938 5382 servies
992 5325 1083 5398 lgitur
1096 5321 1180 5378 nobis
1195 5319 1223 5376 in
1241 5319 1368 5391 idipsum
1381 5318 1474 5377 sancti
1489 5318 1617 5391 Spiritus
1631 5310 1822 5384 inspiratione

117 5406 156 5466 illi
168 5408 224 5467 soli
234 5407 329 5466 dixit:
352 5408 457 5466 omnim
474 5408 530 5467 soli
544 5411 601 5467 lieo
620 5411 787 5469 servitutem
809 5418 937 5472 nostram
992 5422 1020 5474 et
1029 5412 1228 5485 cooperatione
1236 5410 1482 5480 convenientibus,
1491 5422 1590 5466 omnes
1600 5403 1820 5464 consonuimus;

116 5496 272 5556 unimus.
294 5497 347 5555 llis
369 5512 436 5571 ergo
459 5498 503 5556 sic
524 5499 728 5573 comprobatis,
750 5504 889 5562 ueraciter
911 5511 939 5563 et
994 5502 1146 5574 etOriens,
1165 5499 1280 5572 drutus,
1300 5499 1439 5557 Occidens
1453 5502 1483 5555 et
1502 5494 1671 5554 llesomhria
1691 5491 1820 5547 inunam

114 5588 312 5648 heunctantcr
331 5601 394 5647 osse
414 5603 510 5649 coram
529 5590 588 5649 Deo
600 5596 748 5665 acceptum
762 5598 790 5650 et
802 5593 940 5668 henepla-
994 5594 1154 5654 unitionem
1166 5571 1385 5650 concurrimus:
1401 5593 1430 5646 et
1443 5585 1634 5657 trlumpharlt
1649 5577 1821 5657 [mnsututa
