3876 6090
123 259 173 323 ¹19⁴
735 259 915 319 maslbsu
935 257 1207 325 alattomrnoaass

124 391 179 441 tur.
191 384 259 455 Quae
273 385 369 443 amnia
383 386 503 444 raritate
517 384 695 458 temporibus
713 385 776 442 sais
791 383 944 441 terminata
958 382 987 442 Α
998 378 1698 453 qualescunquedilticultatesvirilitersubeunda

123 476 201 545 sunt,
225 478 253 529 et
274 473 358 530 duem
382 474 625 548 gloriosissimum
650 477 848 543 susceperunt.
868 471 943 528 burli
1000 476 1073 540 tans,
1090 471 1237 528 ueritatem
1259 470 1346 543 dicet,
1369 482 1434 525 cum
1455 474 1584 525 asserat:
1612 468 1698 539 conpr

123 563 214 634 igitur
225 562 345 620 Paulum
362 578 462 637 magna
477 578 544 622 voce
557 564 737 635 clamantem,
751 569 779 619 et
795 562 943 619 ueritatem
998 561 1053 616 uici
1063 561 1196 615 mundam
1216 557 1306 628 (ioan.
1321 556 1395 630 xtuli
1407 557 1437 614 si
1453 557 1530 613 enim
1551 555 1628 628 quod
1645 554 1696 613 bic

123 651 206 709 istam
221 651 467 710 corroborantem:
479 655 551 710 bear
560 654 752 721 manifestatus
762 652 942 714 estimonio,
999 664 1029 707 se
1038 648 1222 720 repromittit,
1235 647 1288 704 boc
1298 647 1343 703 illi
1354 646 1508 704 valuerunt
1519 659 1621 702 rursus
1631 657 1698 715 porr

116 741 286 811 justificatus
300 745 340 796 eat
354 746 383 796 in
396 743 505 813 spiritu,
530 742 660 812 apparuit
675 740 790 809 eupolis,
800 739 944 811 predon-
999 751 1062 794 nem
1076 735 1199 808 auferre,
1215 748 1269 793 uon
1286 736 1388 806 utique
1403 734 1460 790 tale
1473 734 1543 805 quid
1556 732 1680 791 uictoria
1695 746 1698 788 ι

121 834 165 885 tus
188 834 228 886 est
245 830 380 898 pentibus,
404 831 522 886 creditas
545 834 584 886 est
608 831 638 884 in
656 829 768 893 manda,
787 831 943 898 assumptas
997 827 1088 898 bitur,
1107 840 1157 883 nec
1179 825 1255 882 inter
1271 821 1358 882 lortia
1374 823 1447 879 iacta
1467 819 1698 879 connumerabitr

121 922 161 973 est
174 919 203 973 in
215 918 312 986 pluria.
328 919 355 988 (Ι
366 919 434 973 lim.
451 918 505 991 ιιι.)
519 917 542 976 0
557 917 653 991 magni
669 917 797 975 doctoris
810 914 942 972 allectum
997 916 1139 987 quamodo
1163 913 1283 971 uictoria
1311 913 1377 982 erit,
1402 912 1427 969 si
1452 911 1591 968 liberator
1613 906 1698 985 [liber

123 1002 260 1081 [aliatum]
276 1006 282 1061 l
298 1008 384 1070 Deus,
400 1007 508 1080 inquit,
522 1005 721 1063 manifestatus
735 1009 779 1063 est
794 1006 824 1062 in
845 1017 940 1067 carne,
997 1005 1081 1062 linem
1095 1005 1213 1060 minime
1225 1000 1398 1073 lucrifaciat,
1412 1002 1460 1058 sed
1482 1000 1633 1056 similibus
1652 998 1688 1057 ab

121 1095 196 1167 quod
211 1100 255 1152 est
270 1095 398 1152 omnium
411 1095 550 1153 bonorum
563 1110 659 1166 cansa,
677 1094 844 1152 iudeficiens
857 1094 943 1151 dona·
997 1093 1079 1164 prius
1089 1093 1215 1164 superati
1226 1091 1348 1161 inerant,
1361 1089 1569 1146 luctaminibus
1579 1088 1698 1162 redigatr

121 1182 943 1257 tio,suldeientissimadiritlae,perennisnonaulerendo
997 1177 1698 1257 gantur]iterumnecsimilibus,sadlautioribn

121 1271 941 1346 rumcbarismatamlons,insatiabilisesurientiumasca,
998 1272 1143 1344 possidere
1171 1271 1271 1342 quiet
1294 1270 1420 1339 perdere,
1447 1267 1512 1338 plus
1535 1266 1618 1338 mibi,
1651 1281 1698 1339 qu:

122 1361 252 1419 vivilicus
266 1363 301 1418 de
313 1361 384 1419 cmlo
404 1362 497 1435 panis,
516 1363 597 1436 jugis
613 1362 776 1419 sitientium
795 1361 886 1431 riuus,
908 1374 943 1418 ex
997 1359 1172 1433 acquisitum
1181 1372 1238 1415 non
1249 1357 1405 1429 possidere,
1419 1357 1447 1411 in
1458 1356 1598 1413 rationem
1611 1355 1698 1415 imber

122 1463 178 1521 quo
202 1450 252 1521 qui
280 1450 397 1524 biberit,
418 1465 474 1509 non
487 1452 568 1509 sitiet
593 1452 623 1508 in
639 1455 775 1509 abraam
789 1449 877 1524 (ioan.
893 1449 942 1523 rr).
998 1448 1188 1520 reputabitur.
1198 1445 1341 1504 Porronbi
1350 1445 1583 1515 putusidolarum
1593 1444 1698 1518 satus!

121 1539 172 1595 llis
187 1536 387 1598 manifestatus
405 1546 448 1598 est
464 1541 493 1597 in
513 1554 615 1598 carne:
633 1541 682 1598 sed
706 1545 735 1597 et
748 1540 867 1607 mando,
890 1539 942 1610 ait,
998 1537 1049 1610 qni
1063 1537 1116 1593 boc
1129 1536 1258 1592 dieentes
1269 1533 1419 1606 posuistis,
1437 1532 1545 1589 aiunt?
1559 1532 1631 1590 Etsi
1648 1533 1698 1591 ini

35 1669 39 1679 .
122 1628 251 1685 creditus
262 1634 314 1685 est.
332 1629 479 1700 Quomodo
491 1630 620 1687 creditus
632 1635 676 1687 est
690 1631 721 1687 in
736 1629 942 1700 mundoldic,
997 1625 1220 1682 daemonicorum
1249 1623 1420 1694 templorum
1453 1620 1588 1692 sedibus,
1619 1622 1696 1680 nond

122 1716 202 1774 beate
219 1717 322 1775 Paule:
335 1717 433 1775 lmbue
445 1723 473 1775 et
492 1732 544 1775 nos
557 1733 592 1776 ex
607 1718 721 1776 areanis
733 1717 795 1775 illis
812 1716 942 1790 vocibus,
959 1704 1172 1771 Bcbristianis
1194 1713 1223 1770 in
1245 1726 1359 1769 cansam
1385 1709 1519 1768 criminis
1539 1710 1698 1784 irrogabitu

122 1804 230 1877 qulbus
241 1805 271 1861 in
282 1805 391 1863 abditis
403 1807 528 1876 paradisi
545 1806 675 1864 imbutus
692 1820 731 1864 es.
745 1804 841 1863 lmbue
857 1805 944 1861 otiam
999 1818 1062 1861 mus
1083 1802 1160 1860 enim
1173 1801 1312 1872 reliquias
1327 1801 1357 1857 in
1381 1800 1552 1872 quibusdam
1571 1800 1644 1857 locis
1660 1814 1697 1871 pr

122 1907 198 1949 nuno
213 1894 425 1966 praedicatione,
442 1896 525 1966 cuius
539 1895 711 1952 eredituses
723 1895 753 1951 in
769 1907 867 1967 omnes
881 1907 946 1966 gen·
998 1891 1220 1949 daemonicorum
1251 1890 1420 1960 templorum
1446 1902 1463 1945 a
1487 1888 1632 1946 veteribus
1658 1889 1697 1947 de

122 1986 164 2037 tes
178 1983 348 2052 praedicator
366 1987 395 2039 et
415 1983 563 2054 apostolus
579 1984 650 2041 deri.
668 1981 789 2040 lalanda
810 1982 943 2054 presenti
998 1982 1032 2039 ad
1053 1994 1194 2052 pompam,
1215 1984 1247 2037 ut
1271 1992 1344 2048 reor,
1364 1991 1464 2035 eorum
1484 1978 1534 2050 qui
1561 1978 1592 2034 in
1613 1977 1660 2035 bis
1685 1978 1697 2037 l

120 2068 254 2126 Ecclesia
268 2069 398 2126 veritatis
413 2071 541 2143 verbum,
557 2071 709 2144 exstingue
724 2070 947 2142 spirialesbae·
999 2075 1118 2140 verunt3
1149 2069 1191 2125 vel
1217 2067 1360 2125 etiamad
1386 2068 1562 2139 memoriam,
1596 2065 1698 2140 quod:

122 2157 943 2233 reticornmrisus,utquondamElymaeJmagilrlct.xrul:
998 2160 1105 2232 dempti
1134 2173 1245 2230 sumus,
1270 2161 1300 2214 et
1326 2158 1354 2213 in
1378 2157 1537 2230 gratiarnm
1560 2156 1693 2215 actiones

120 2246 247 2318 exprime
258 2261 322 2304 cnm
339 2248 444 2306 dduoia
456 2249 683 2320 dispensationis
696 2248 873 2320 mysterium.
889 2250 946 2306 Lo-
999 2254 1055 2307 tem
1067 2264 1117 2320 per
1129 2246 1263 2305 visibiles
1280 2244 1466 2316 infirmasque
1481 2244 1688 2303 formationes:

122 2337 221 2407 queris
232 2337 309 2393 enim
322 2337 409 2394 etiam
428 2343 624 2408 postmortem
644 2352 726 2395 uoces
744 2337 943 2410 excellentius,
999 2338 1054 2397 bus
1071 2337 1299 2395 Christianorum
1324 2333 1532 2392 abominabiles
1554 2332 1636 2391 laetae
1666 2348 1698 2395 au

124 2429 152 2480 et
164 2426 293 2495 operaris
308 2424 337 2481 in
350 2425 458 2495 spiritu
474 2439 652 2497 quaeeunque
670 2427 724 2482 ris.
737 2425 831 2482 Etiam
847 2425 945 2497 inquit
999 2432 1081 2498 turae,
1096 2426 1232 2498 aquibus
1246 2439 1295 2495 per
1306 2423 1452 2480 Christum
1471 2423 1562 2494 erepti
1575 2437 1691 2497 sumna,

120 2512 236 2568 doctor:
264 2512 335 2568 liiii
354 2515 466 2568 minimo
486 2516 606 2569 omniurn
631 2519 788 2570 sauctorum
816 2513 882 2569 dcta
905 2518 944 2569 est
998 2512 1330 2573 Christianissimishaec
1347 2512 1493 2584 inquiunt,
1510 2512 1698 2570 ecclesiisnor

119 2601 212 2668 qratia
232 2600 286 2655 bac
311 2602 341 2654 iu
365 2602 500 2669 pentibus,
519 2602 728 2671 eoanqelizaudi
742 2600 877 2659 videlicet
896 2604 945 2658 irr-
999 2601 1386 2673 venirentur.0prauitatem
1400 2614 1464 2672 qna
1476 2599 1698 2659 binceltlcitur!

118 2689 290 2756 uestiqobilrs
303 2689 414 2744 diustius
425 2688 537 2753 Christi,
556 2695 581 2745 rt
597 2691 776 2746 illuminandi
791 2705 892 2763 omues,
913 2709 945 2748 ec
1000 2706 1072 2751 mam
1098 2689 1322 2763 blasphemiaml
1339 2689 1487 2759 Quomodo
1507 2688 1595 2761 enim,
1617 2688 1698 2747 ubit

119 2777 243 2841 docendi,
266 2793 327 2848 qua
353 2780 390 2833 sit
409 2778 580 2850 dispensatio
601 2780 726 2848 mysterii
748 2779 901 2836 absconditi
926 2797 944 2837 a
998 2786 1119 2855 caputet
1128 2779 1344 2837 laudamentum
1355 2778 1560 2836 estseeundum
1571 2776 1698 2849 sapienti

119 2864 225 2920 seculis
249 2881 267 2920 u
289 2866 413 2930 Domino,
444 2867 492 2936 qui
517 2868 608 2921 omnic
631 2868 733 2922 orauit
753 2866 863 2939 (apter.
889 2868 942 2943 ιιι).
998 2865 1698 2941 Paulumlldor.111),lrocderipotcriti1·'raae

118 2949 296 3024 Quapropter
314 2953 429 3011 audite:
457 2953 581 3011 Creditus
604 2959 651 3011 est.
674 2954 806 3028 diucitin
829 2957 942 3022 mundo,
998 2974 1099 3017 snmus
1111 2971 1161 3028 spe
1171 2970 1223 3014 nas
1232 2955 1406 3013 Christiani:
1420 2954 1531 3025 decepti
1544 2954 1698 3013 sumuseti

118 3042 297 3096 reconcilians
311 3043 402 3097 omnio
414 3043 445 3097 in
458 3044 610 3114 semetipso,
624 3047 649 3098 et
656 3045 808 3115 pacificans
817 3059 870 3116 per
881 3059 945 3100 sun·
958 3041 983 3108 G
997 3049 1158 3106 dicatorum
1173 3045 1302 3116 vocibus,
1317 3045 1369 3116 qui
1382 3045 1467 3101 etiam
1483 3046 1570 3101 Deum
1584 3044 1671 3103 nobis
1685 3057 1698 3103 a

117 3131 229 3198 quinem
250 3133 338 3186 auos
357 3147 422 3194 suar,
445 3133 500 3187 siue
522 3147 583 3203 qua
598 3133 628 3192 iu
649 3137 734 3198 terra,
760 3135 817 3189 ciue
832 3149 893 3204 qua
914 3136 944 3190 iu
999 3137 1114 3195 niorum
1128 3135 1335 3207 superstitione
1349 3147 1401 3191 nos
1420 3132 1609 3190 liberaturum
1633 3133 1666 3190 in
1685 3146 1698 3192 1

118 3219 190 3274 calis
208 3222 273 3273 sunt
286 3217 397 3289 (dolose.
414 3217 443 3292 1).
460 3219 484 3276 0
502 3219 655 3277 sublimem
673 3221 747 3277 banc
759 3220 944 3292 pradicatio-
998 3226 1110 3284 uenisse
1123 3224 1358 3296 predicaverunt.
1370 3222 1517 3293 Quomodo
1533 3221 1621 3278 etiam
1641 3220 1698 3280 boc

118 3306 200 3363 neml
216 3307 240 3364 0
254 3307 474 3365 inenarrabilem
487 3308 572 3365 istam
585 3308 813 3367 misericordiam
823 3308 830 3366 t
842 3309 944 3382 Unige-
997 3317 1093 3373 dicere
1106 3312 1284 3387 potuerunt?
1294 3312 1364 3368 Nam
1381 3310 1629 3382 interrogaverant
1641 3311 1698 3382 [sor

118 3394 199 3453 nitus
209 3395 362 3453 FiliusDei
377 3397 472 3454 omnla
489 3398 519 3454 in
533 3398 629 3469 seipso
644 3398 835 3456 reconcilians
848 3398 943 3470 pacid-
997 3399 1139 3479 rogemus]
1150 3416 1199 3459 eos
1210 3400 1260 3473 qni
1273 3400 1317 3457 sic
1332 3400 1458 3470 sapiunt.
1473 3398 1574 3456 Utrum
1594 3398 1649 3456 boe
1659 3412 1696 3457 ea

116 3485 192 3542 cavit
202 3499 252 3556 per
268 3487 438 3559 sanquinem
452 3487 548 3544 erucis
563 3501 631 3545 suae.
647 3487 683 3543 Et
706 3487 848 3558 quomoda
871 3486 942 3558 qni·
995 3496 1055 3549 stro
1069 3491 1249 3563 permittente
1263 3488 1370 3546 lactum
1384 3489 1432 3560 sit,
1447 3501 1483 3544 an
1496 3485 1571 3544 iorte
1582 3486 1698 3547 rotante

115 3573 181 3631 dam
196 3579 261 3646 post
275 3579 382 3632 mutarn
405 3573 578 3632 inellabilem
605 3574 868 3632 reconciliationem
889 3588 940 3631 nos
997 3593 1032 3636 ne
1045 3579 1134 3650 deret,
1152 3591 1207 3634 non
1219 3578 1331 3634 valente
1343 3581 1434 3633 tamen
1450 3575 1614 3633 auxiliari:
1634 3584 1697 3650 atq

116 3661 178 3718 llerl
195 3663 324 3732 priorum
340 3663 546 3719 seditiosorum
569 3652 754 3719 inimicorum
773 3660 940 3719 affirmanti
995 3667 1201 3738 subsequenter
1211 3665 1264 3723 boc
1277 3665 1382 3723 nonsit
1392 3665 1483 3722 totius
1493 3664 1689 3736 blasphemis.

115 3749 261 3820 Quomodo
277 3754 340 3821 post
356 3750 443 3806 unlus
457 3754 485 3806 et
504 3749 596 3807 salins
612 3750 670 3806 veri
689 3751 744 3807 Dei>
762 3750 939 3825 agnitionem
993 3769 1078 3814 raras
1092 3758 1137 3811 est
1151 3753 1365 3812 sacratissimus
1379 3753 1494 3823 Paulas,
1513 3753 1582 3809 dum
1597 3752 1698 3811 Cbrlut

115 3836 325 3894 adorare'idola
338 3837 519 3894 Christianos
530 3837 625 3896 dicere
636 3839 700 3895 ansi
717 3838 809 3897 santi
822 3839 940 3896 Praeser-
995 3844 1067 3902 lium
1079 3844 1139 3913 Dei,
1154 3842 1291 3900 uirtutem
1303 3848 1331 3899 et
1340 3842 1390 3898 Dei
1399 3841 1571 3912 sapientiam
1584 3842 1698 3899 nomina

116 3925 168 3980 tim
183 3940 249 3981 cum
264 3926 401 3996 propheta
414 3926 608 3997 omnimodam
623 3927 724 3985 borum
741 3927 940 3986 comminutio
994 3931 1189 4005 1),quomodo,
1206 3944 1313 4003 quaeso,
1332 3930 1423 3988 valuit
1449 3931 1543 3987 Patris
1565 3931 1698 4005 inexpuqr

116 4026 178 4068 nem
201 4012 409 4084 quodammodo
432 4014 536 4072 clamet
556 4020 583 4072 et
598 4016 695 4074 dicat:
715 4019 749 4072 ln
763 4018 808 4074 die
822 4018 872 4072 illu
892 4034 939 4089 up
993 4023 1128 4079 virtutem
1145 4025 1173 4078 ut
1189 4020 1371 4090 sapientiam,
1387 4034 1450 4091 qnae
1469 4018 1603 4076 omnibns
1622 4032 1687 4077 esse

111 4100 220 4170 parebit
231 4103 373 4168 Dominus,
387 4108 412 4158 et
424 4104 618 4161 amterminubit
633 4106 695 4162 deos
705 4107 828 4175 qratiam
841 4111 935 4162 teme:
994 4110 1152 4183 quidquam
1164 4123 1261 4168 eoram
1272 4122 1336 4179 quaa
1349 4112 1417 4165 sunt
1427 4121 1598 4178 exsuperare
1609 4107 1698 4167 iPem

115 4197 140 4243 ot
151 4189 278 4246 adorabit
293 4206 353 4246 eam
367 4196 558 4264 uuusquisque
577 4195 611 4250 de
629 4195 684 4250 ioco
708 4210 767 4259 suo,
789 4210 879 4251 omues
896 4197 938 4250 in·
991 4199 1067 4255 enim
1078 4199 1212 4270 estqula‚
1224 4198 1250 4255 si
1264 4197 1342 4254 istud
1355 4197 1425 4254 baic
1436 4196 1554 4269 accidit,
1571 4209 1624 4253 uec
1634 4195 1697 4269 idq

113 4278 181 4333 sala
193 4281 417 4351 praitoriaun-a.
435 4281 506 4356 ιιιι).
522 4284 593 4339 Ecce
607 4283 822 4341 subversionem
841 4283 938 4341 idolo-
991 4292 1034 4344 est
1045 4288 1114 4360 bac,
1127 4301 1143 4343 a
1156 4286 1263 4344 talibus
1281 4285 1517 4342 accusationibus
1533 4285 1649 4356 pallent.
1671 4284 1698 4359 Q

114 4381 190 4440 rum,
204 4374 233 4425 et
255 4370 312 4425 Deo
326 4367 524 4428 celebrandam
541 4371 736 4428 adorationem
751 4371 787 4429 ab
802 4385 937 4443 unoquo·
951 4357 978 4422 D
991 4375 1067 4432 enim
1078 4377 1153 4432 Deus
1165 4374 1354 4446 omnipotens,
1372 4378 1471 4445 patens
1486 4376 1514 4430 et
1528 4372 1612 4430 lortis
1625 4373 1698 4431 Pata*

113 4470 169 4529 quc
181 4456 216 4514 de
232 4458 293 4514 loco
306 4458 545 4516 suoandirimus.
559 4457 706 4528 Quomodo
718 4460 872 4533 igitnrnos
885 4461 935 4533 qui
990 4464 1114 4535 dicatur,
1140 4463 1166 4519 si
1182 4478 1245 4534 quae
1267 4476 1319 4520 sna
1339 4462 1453 4520 sublata
1473 4467 1541 4519 sunt
1564 4461 1685 4536 uirtute,

114 4545 167 4602 boc
181 4545 304 4618 agimus,
317 4546 511 4604 idololatriam
522 4561 652 4606 exercere
659 4562 828 4606 accusamur
839 4549 853 4604 ‘l
864 4549 936 4620 Quis
992 4552 1121 4609 inimicis
1130 4557 1198 4610 sunt
1206 4550 1323 4609 allectat
1332 4551 1381 4609 Vel
1391 4566 1448 4622 quo
1457 4557 1538 4622 pacto
1545 4551 1638 4608 Filius
1649 4551 1698 4611 iud

112 4638 207 4691 autem
220 4639 248 4691 et
268 4636 386 4692 omnino
402 4640 497 4707 posset
518 4636 549 4692 in
564 4637 766 4709 antiquitatem
792 4638 936 4696 idolorum
991 4642 1157 4714 Ecclesiam,
1173 4654 1258 4712 quam
1275 4640 1393 4712 propria
1405 4639 1548 4713 sangnine
1561 4653 1616 4697 suo
1628 4639 1690 4698 sibl

112 4736 236 4780 errorem
256 4737 391 4781 renovare
403 4737 490 4795 snper
507 4730 613 4781 terram
624 4725 638 4780 l
651 4726 680 4782 Si
697 4726 774 4782 enim
789 4725 939 4799 nequissi-
991 4730 1074 4800 sarit,
1087 4729 1261 4786 immanibus
1277 4729 1374 4785 taliter
1383 4734 1411 4786 et
1425 4728 1698 4789 immisericordibur

113 4809 152 4867 mi
175 4811 318 4867 daemones
337 4811 387 4882 qui
416 4826 465 4884 per
494 4812 553 4870 baec
579 4813 740 4887 placantur,
766 4814 821 4872 boc
844 4813 937 4871 lacere
988 4820 1132 4877 deservire
1142 4817 1321 4890 spiritibus?
1335 4817 1572 4889 praesertimcum
1583 4818 1698 4893 hymnop

113 4904 242 4970 possunt,
252 4901 393 4971 quomodo
404 4902 636 4959 nondeslrnelur
645 4901 938 4974 tatumdispensatio-
988 4907 1082 4964 dicat:
1095 4907 1166 4973 Quia
1179 4905 1328 4962 secundum
1344 4907 1521 4962 almudtnem
1542 4906 1603 4961 coli
1623 4922 1642 4962 a
1664 4911 1698 4965 to

112 4988 159 5046 nis
170 4989 346 5060 mysterium,
358 4996 454 5047 sancta
466 4990 933 5062 manifesteclamanteScriptura:
987 4997 1248 5069 {armariqbominas
1259 4996 1475 5051 miseriordiam
1492 5010 1570 5051 suam
1585 5010 1673 5067 saper

112 5078 182 5145 Quia
208 5080 345 5149 percussit
371 5081 496 5135 inimicos
522 5096 584 5136 suos
610 5081 641 5135 iu
671 5083 825 5150 posteriora
848 5078 934 5150 (Paul.
989 5099 1049 5139 eam
1064 5084 1147 5156 (Paul.
1165 5084 1222 5158 art).
1236 5083 1266 5140 Si
1282 5083 1401 5140 enimin
1418 5083 1472 5141 hoo
1487 5083 1698 5143 incarnatus&

112 5165 280 5240 exrrul‘lln
289 5180 346 5237 quo
360 5167 504 5241 innuitur,
517 5169 586 5240 quia
595 5167 729 5224 cbristus
740 5169 827 5225 etiarn
837 5182 938 5240 oppro
989 5188 1087 5232 eorum
1106 5189 1157 5231 nos
1182 5188 1267 5231 mann
1288 5173 1424 5230 liberaret
1455 5172 1613 5230 secundum
1634 5188 1698 5249 prop

112 5258 208 5314 briam
222 5256 426 5327 sempiternum
441 5257 522 5313 dedit
535 5256 587 5313 eis.
601 5256 656 5327 Qui
670 5257 746 5312 enim
770 5261 864 5329 potest
878 5259 938 5315 ali·
990 5262 1218 5335 prolocutiones:
1236 5261 1350 5319 liberati
1362 5267 1458 5319 antam
1479 5275 1593 5332 sumus,
1610 5268 1642 5319 ut
1666 5262 1698 5321 ai

112 5346 182 5419 quid
195 5344 318 5417 operari,
335 5359 391 5401 non
405 5346 480 5402 inter
493 5351 632 5418 mortuos,
649 5345 696 5401 sed
718 5345 794 5402 inter
810 5345 936 5405 viventes
992 5351 1151 5408 modicum:
1167 5365 1222 5409 non
1243 5350 1309 5424 luit,
1321 5352 1369 5408 sed
1386 5355 1485 5422 putata
1499 5357 1552 5408 est.
1574 5352 1638 5410 Non
1661 5366 1698 5413 en

112 5436 206 5494 adhue
216 5434 315 5507 procul
325 5434 416 5492 dubio
430 5434 628 5491 constituitur.
641 5434 787 5504 Quomodo
798 5441 893 5494 autem
907 5440 937 5494 et
989 5440 1032 5497 dii
1041 5438 1173 5516 [gaudii],
1182 5440 1230 5497 sad
1239 5440 1459 5498 abundantioris
1469 5437 1691 5501 etdildciliaris

113 5527 174 5598 ipse
189 5525 320 5598 proprios
332 5523 499 5583 confortans
511 5524 683 5597 discipulos,
699 5532 727 5582 et
735 5524 771 5583 ad
782 5538 880 5584 omnes
890 5527 934 5585 rel
989 5529 1029 5587 tis
1047 5529 1234 5589 nobislactus
1255 5533 1299 5587 est
1326 5542 1423 5602 caum,
1446 5532 1525 5588 tanto
1546 5526 1689 5592 inimicos
