3876 6090
114 97 171 156 593
404 103 657 165 COLLECTANEA.
676 137 714 150 -
729 109 775 165 DE
793 107 931 166 iunonis
950 109 1205 173 dAEanlcondu
1224 115 1261 173 ΙΝ
1279 116 1466 178 mundium
1487 119 1538 177 PP.
1771 122 1826 184 ssi

115 221 234 279 nomiae
247 223 392 300 sagoleva,
407 242 472 285 oum
484 229 584 287 multis
598 231 828 289 excubitoribus:
849 237 877 288 ct
895 245 943 287 au·
954 227 982 288 A
997 233 1152 302 perditioni
1165 249 1326 295 animarum
1339 253 1448 312 eorum,
1459 243 1502 298 alt
1513 241 1547 298 ad
1561 255 1610 300 eos
1624 245 1674 316 qul
1685 246 1826 316 preside-

114 307 285 369 ierentesde
298 313 389 372 lembo
399 325 555 386 posuerunt
567 320 595 376 in
611 323 775 393 gestatorio,
788 322 943 378 duxerunt·
996 320 1065 377 bant
1080 324 1244 395 principes:
1260 325 1373 382 Obsecro
1386 345 1433 384 aas
1444 332 1599 400 pelleum,
1615 333 1697 387 notio
1709 350 1825 405 praepa-

114 413 171 469 que
188 400 218 456 in
241 404 401 460 custodiam
424 406 608 479 excubitorii,
620 424 683 480 εεε
695 410 914 482 cognominatur
927 419 943 451 ι
995 427 1058 466 rare
1073 415 1270 482 coertionem,
1286 417 1334 471 sed
1345 418 1447 487 absque
1462 425 1629 474 sacramento
1644 421 1737 477 duent
1747 438 1825 492 qua-

113 489 305 546 Prandearia:
323 496 351 548 et
368 491 436 549 iecit
453 508 518 551 eum
540 497 700 555 inclausum
711 499 765 555 sub
783 498 872 555 multa
886 512 943 554 cu·
996 503 1215 570 cunqueoalnnt,
1226 508 1701 578 uosquesacitequaecunqueauttis.
1712 511 1824 580 thuid

110 578 218 647 studia,
233 580 538 650 praecipiensexcubiti
549 588 720 644 custodibus
733 593 765 644 ut
780 587 879 644 nullus
890 600 942 657 pe-
996 603 1063 657 opus
1082 595 1122 644 est
1136 593 1217 645 etiam
1232 593 1357 661 jurando
1374 595 1490 665 perdere
1512 597 1574 651 illas
1600 599 1707 652 animas
1734 602 1824 655 suas?

111 665 195 723 nitus
210 668 298 727 sciret
321 670 459 739 civitatis,
478 675 546 745 quia
569 682 612 732 est
632 678 662 733 in
688 678 785 734 eodem
805 675 941 733 excubitu
997 678 1125 750 ingresso
1146 681 1279 752 equidem
1294 697 1352 739 uno
1369 685 1496 751 testium,
1514 690 1542 742 et
1555 685 1672 743 decente
1688 687 1823 758 quonlam

108 754 190 812 Fecit
203 770 272 829 ergo
284 764 401 816 sauctus
413 762 487 818 idem
502 764 678 833 apostolicus
689 766 815 834 clausus,
832 769 860 821 et
878 764 941 820 sinc
995 769 1209 837 conjurationes
1226 768 1294 827 iecit
1315 784 1379 828 cum
1390 771 1534 845 Olympio,
1547 779 1575 831 et
1589 775 1698 832 milltes
1711 788 1826 847 praepa-

111 846 336 917 participatione
349 855 464 924 penitus
478 855 618 910 sermonis
632 854 767 924 alicuius,
784 853 939 924 nonaginta
996 857 1070 913 ravit
1083 863 1115 915 ut
1126 860 1273 930 jurarent:
1291 862 1484 934 interrogatus
1494 865 1550 920 Deo
1566 864 1711 934 pretiosus
1725 864 1780 935 vir,
1796 865 1823 923 si

110 941 171 994 tres
185 940 258 997 dies.
280 945 309 999 ln
331 945 393 1014 ipsa
408 958 473 1001 uero
490 944 670 1016 nonagesima
688 944 773 1000 tertia
793 943 850 1013 die,
877 954 939 1012 εεε
995 945 1055 1002 baec
1069 946 1107 1002 ita
1118 961 1149 1003 se
1172 947 1317 1021 baberent,
1333 952 1499 1022 respondit:
1516 952 1547 1007 Si
1558 953 1642 1008 uultis
1658 954 1756 1009 audire
1773 970 1825 1010 oe-

109 1032 153 1083 est
167 1029 233 1086 dies
255 1045 413 1105 parasceve,
430 1046 511 1090 mane
524 1032 654 1090 tulerunt
667 1047 732 1089 cum
747 1034 782 1089 de
796 1031 937 1101 custodia,
992 1036 1111 1104 ntalem,
1127 1037 1187 1090 dieo
1197 1038 1273 1092 nobis
1287 1041 1437 1108 sequentia.
1454 1041 1488 1095 lit
1502 1041 1590 1112 coeplt
1603 1042 1717 1099 dicere:
1733 1043 1827 1109 Quan-

109 1117 347 1176 constilucndum
372 1121 401 1177 in
425 1122 496 1178 cella
523 1120 665 1177 sacellarii
692 1120 825 1190 jubentes
846 1116 940 1188 pridie
993 1123 1029 1177 do
1041 1127 1133 1192 finctus
1147 1131 1187 1181 est
1203 1128 1304 1196 lippus,
1319 1134 1344 1182 et
1353 1128 1472 1183 directus
1481 1131 1593 1186 Romam
1604 1132 1638 1186 ab
1648 1134 1822 1203 imperatore·

109 1207 266 1264 convenire
278 1223 388 1266 omnem
399 1215 539 1282 senatum,
551 1211 625 1282 quod
638 1216 665 1267 et
678 1208 783 1266 lactum
802 1213 855 1265 est.
870 1208 940 1262 lus-
993 1214 1037 1274 Et,
1059 1212 1112 1269 boc
1132 1219 1240 1271 tantum
1263 1216 1376 1272 dicente
1391 1215 1473 1274 beato
1488 1217 1551 1288 illo,
1570 1219 1650 1277 aliud
1672 1221 1741 1292 quid
1766 1235 1822 1279 non

110 1299 214 1351 serunt
229 1303 323 1353 autem
336 1312 401 1354 cum
415 1300 665 1369 introducendam,
679 1299 939 1356 etintroduxerunt
993 1316 1158 1358 concessum
1171 1309 1215 1359 est
1230 1303 1320 1375 loqui.
1334 1305 1386 1361 Sed
1398 1305 1536 1363 continuo
1551 1313 1616 1364 εειε
1630 1322 1729 1366 omnes
1744 1310 1824 1367 inci-

111 1383 140 1439 ιε
156 1387 317 1454 portatoria
332 1387 420 1444 sella:
437 1388 588 1445 eratenim
605 1389 812 1460 penitusaeger,
835 1384 939 1456 praeci-
994 1391 1076 1462 piens
1096 1406 1161 1448 cum
1190 1392 1314 1450 clamore
1335 1394 1451 1452 Troilus
1481 1396 1594 1468 inquit:
1621 1399 1683 1455 Non
1715 1401 1822 1470 inseras

110 1487 166 1544 pue
180 1474 354 1532 autemillis
368 1476 471 1533 diebus
486 1492 542 1549 prae
554 1478 734 1550 navigatione
745 1481 774 1533 et
785 1477 938 1534 alllictione
992 1482 1070 1536 nabis
1092 1483 1135 1536 llic
1149 1482 1183 1536 de
1195 1483 1267 1552 tide3
1283 1483 1316 1537 de
1332 1483 1434 1539 duellio
1445 1501 1519 1541 nnnc
1537 1490 1679 1555 sanioris,
1691 1492 1822 1558 quoniam

109 1563 253 1620 custodia
273 1577 322 1634 per
341 1570 383 1622 tot
400 1566 463 1622 dies
485 1566 598 1623 edecta.
622 1569 772 1624 intendens
791 1571 885 1623 autem
908 1567 937 1624 in
952 1548 979 1611 Β
993 1574 1018 1624 ει
1034 1571 1159 1634 Romani,
1183 1576 1209 1626 et
1225 1587 1273 1626 nos
1293 1572 1444 1629 daristiani
1462 1589 1556 1630 sumus
1573 1580 1599 1631 et
1621 1577 1772 1634 minodoei.
1788 1578 1824 1636 Et

109 1653 938 1727 eumprimus,quipraesidebatsacellariuscumreliquis
994 1660 1141 1730 respondit
1164 1661 1238 1716 idem
1269 1661 1314 1717 vir
1334 1662 1448 1731 justus:
1474 1648 1607 1722 Utinam!
1632 1667 1824 1724 Verumtamen

110 1741 298 1812 principibus
307 1756 323 1799 a
333 1742 425 1815 longe,
439 1745 528 1814 J'ussit
539 1759 603 1801 eum
619 1759 762 1817 surgerea
776 1744 895 1817 ferculo,
910 1748 939 1801 ei
992 1750 1134 1804 inuenietis
1144 1765 1185 1803 me
1194 1751 1224 1804 in
1232 1750 1283 1804 iila
1295 1751 1340 1805 dia
1353 1752 1485 1807 traneadi
1494 1756 1628 1809 examinis
1640 1759 1733 1812 testem
1740 1758 1823 1813 etiam

109 1835 197 1887 stare.
213 1830 368 1888 aientibus
380 1832 551 1902 quibusdam
564 1835 762 1891 ministrorum
778 1847 833 1891 non
846 1834 938 1890 valere
992 1839 1022 1892 in
1037 1837 1093 1891 liae.

109 1933 174 1976 eum
186 1926 275 1992 stare,
289 1920 422 1980 turbatus
437 1937 494 1994 prae
509 1924 598 1981 multa
610 1925 654 1981 ira
671 1923 839 1980 sacellarius
849 1924 939 1979 excla-
1027 1929 1125 1983 Denuo
1139 1927 1214 1984 inter
1229 1933 1397 2001 accusantes
1415 1934 1512 2002 testes,
1529 1932 1571 1988 ait
1581 1933 1615 1989 ad
1635 1945 1700 1990 eum
1718 1933 1824 2005 prete-

111 2011 210 2081 mavit,
222 2025 288 2068 cum
303 2025 337 2068 eo
347 2020 441 2070 autem
451 2020 480 2070 et
490 2014 607 2086 quidam
617 2015 652 2070 de
666 2014 808 2085 custodia,
822 2026 938 2085 surgere
992 2022 1057 2073 ctus
1078 2016 1210 2073 Troilus:
1238 2018 1332 2084 Qualis
1355 2019 1431 2073 boma
1450 2035 1478 2074 es
1499 2025 1539 2085 tu,
1558 2023 1686 2090 qnoniam
1711 2039 1822 2080 cernens

112 2113 177 2155 eum
188 2105 455 2160 etastarecensurae
468 2103 623 2161 subnixum
635 2103 703 2160 binc
718 2104 802 2161 inde:
825 2106 899 2176 quod
911 2110 938 2161 et
993 2110 1018 2160 et
1043 2107 1158 2161 ondans
1180 2107 1248 2161 tolia
1267 2112 1362 2162 contra
1379 2109 1569 2177 imperatorem
1587 2111 1716 2165 nitentem
1749 2111 1820 2181 eilo-

111 2188 219 2247 lactum
243 2194 296 2248 esi.
318 2191 492 2250 sacellarius
508 2198 602 2250 autem
627 2194 724 2264 inquit
739 2195 774 2250 ad
790 2208 873 2251 eum:
891 2197 961 2269 llic!
994 2194 1123 2249 diendum
1144 2195 1298 2265 Olympium
1321 2212 1375 2250 nan
1391 2196 1560 2266 prohibuisti
1571 2213 1641 2262 eum,
1662 2200 1736 2254 sede
1754 2216 1823 2256 aon-

110 2283 203 2343 miser,
227 2282 297 2350 quid
313 2283 364 2336 tibi
377 2282 444 2336 maii
461 2284 556 2338 intulit
565 2286 733 2352 imperator?
747 2285 810 2339 tulit
820 2301 837 2340 a
847 2290 872 2339 ιε
881 2285 940 2338 αιι-
994 2291 1037 2341 tro
1049 2288 1209 2340 consensisti
1218 2288 1265 2341 ei?
1289 2285 1330 2341 ild
1348 2299 1430 2357 quem
1444 2287 1582 2343 continuo
1598 2287 1675 2344 dixit
1685 2288 1747 2359 ipse
1761 2288 1824 2346 bea·

111 2369 179 2439 quid
191 2372 207 2424 i
220 2372 356 2440 oppressit
371 2376 395 2425 te
411 2373 440 2425 oi
451 2374 466 2427 i
481 2371 532 2427 llle
552 2377 646 2429 autem
666 2372 785 2429 tacebat.
803 2374 881 2429 Tunc
898 2374 939 2429 ait
996 2381 1042 2430 lus
1067 2373 1244 2443 apostolicus
1264 2386 1351 2444 papa:
1376 2376 1434 2438 liic,
1449 2375 1555 2430 mantne
1569 2376 1674 2431 licite:
1699 2377 1824 2446 quando,

111 2459 143 2515 ul
156 2473 226 2515 eum
238 2459 408 2516 sacellarius
419 2461 586 2530 imperativa
597 2475 663 2518 voce
675 2481 681 2517 :
693 2464 754 2519 Nan
770 2464 940 2532 respondes?
994 2465 1065 2517 sicui
1086 2463 1160 2516 scitis
1175 2464 1257 2516 etiam
1279 2477 1335 2532 aas,
1352 2467 1377 2517 et
1391 2477 1440 2517 nos
1460 2463 1627 2527 audiuimus,
1650 2463 1781 2533 Georgius
1807 2481 1826 2521 a

112 2549 178 2604 dece
197 2564 274 2604 nunc
291 2550 480 2617 ingredientur
498 2556 666 2606 accusatores
684 2553 734 2606 tui.
749 2553 784 2607 Et
801 2552 939 2608 codtinuo
993 2551 1210 2619 manistratibus,
1226 2553 1274 2621 qui
1288 2556 1347 2606 ενει
1361 2567 1395 2606 ea
1409 2552 1558 2624 monacbis,
1571 2553 1708 2621 ingressus
1724 2554 1826 2610 estiuc

112 2651 174 2694 cum
191 2651 325 2694 sermone
346 2639 503 2695 introducti
519 2644 587 2695 sunt
608 2640 726 2710 plurimi
741 2646 939 2698 accusatorum
993 2640 1126 2694 inurbem
1144 2657 1161 2693 a
1181 2642 1288 2703 castris,
1304 2645 1330 2694 et
1346 2640 1415 2694 tatia
1433 2641 1514 2695 uerba
1535 2641 1640 2696 uenias
1654 2646 1695 2697 est
1707 2644 1825 2712 semique

113 2734 210 2785 contra
245 2741 321 2784 eum.
353 2727 457 2784 Omnes
482 2732 576 2785 autem
605 2734 687 2785 erant
716 2729 857 2786 mendacii
884 2729 938 2786 tilii
993 2743 1037 2782 res
1052 2728 1140 2793 tales,-
1155 2729 1203 2782 ubi
1217 2744 1278 2782 eras
1288 2732 1318 2782 tu
1335 2733 1361 2784 et
1375 2730 1424 2798 qni
1434 2733 1498 2783 sunt
1512 2733 1608 2792 tecum,
1624 2732 1755 2799 quoniam
1769 2745 1824 2786 non

113 2822 136 2873 et
155 2816 303 2888 discipuli
325 2831 424 2874 eorum
447 2818 496 2889 qui
520 2819 672 2876 Dominum
696 2824 825 2875 nostrum
844 2819 938 2876 lesum
993 2818 1133 2871 restitistis
1156 2818 1191 2880 ei,
1217 2816 1295 2871 sede
1320 2821 1414 2871 contm
1437 2819 1611 2872 concionatus
1630 2822 1670 2873 est
1692 2819 1778 2882 nobb,
1799 2824 1825 2874 et

114 2905 259 2964 christum
296 2912 456 2964 necaverat.
493 2907 730 2965 contradicebant
767 2921 833 2965 vcro
878 2922 940 2978 san·
954 2885 979 2949 G
994 2921 1061 2976 qnos
1077 2906 1163 2959 notuit
1182 2905 1286 2959 Palatii
1300 2906 1436 2960 casularii
1449 2910 1474 2960 et
1487 2906 1653 2975 probibuit?
1670 2910 1825 2978 lterumque

116 3002 156 3054 tto
172 2996 249 3064 viro,
270 2996 509 3066 quemadmodum
533 2996 695 3067 praemoniti
715 2996 836 3054 inerant.
851 2997 940 3053 Erant
993 2996 1044 3051 sud
1058 2994 1212 3056 Valentino,
1225 3010 1286 3047 cum
1300 2998 1434 3064 precepto
1452 2995 1623 3064 imperatoris
1644 2997 1758 3051 indutus
1783 3001 1824 3051 est

118 3085 188 3142 enim
212 3098 297 3141 voces
330 3098 428 3141 eorum
471 3087 672 3156 premaliutae
705 3091 733 3142 et
764 3090 937 3157 preparata.
991 3100 1118 3156 purpura
1147 3088 1172 3137 ct
1192 3083 1314 3137 consedit
1332 3084 1366 3146 ei,
1389 3098 1442 3152 qna
1464 3084 1558 3137 imptis
1577 3086 1646 3138 aas?
1662 3085 1724 3141 Non
1742 3087 1825 3140 eata

119 3173 280 3244 inquibus
319 3174 436 3244 quidam
476 3187 585 3242 eorum,
621 3175 707 3245 paulo
745 3178 810 3230 ante
846 3174 941 3230 inter·
994 3174 1061 3227 iic?
1085 3173 1139 3228 Cur
1158 3187 1220 3239 erpo
1239 3185 1294 3225 non
1316 3171 1497 3240 prohibuistis
1518 3187 1579 3227 eum
1600 3171 1736 3228 dieentes:
1763 3174 1825 3230 Non

121 3263 204 3335 rogati
232 3267 267 3319 ut
295 3263 491 3320 testimonium
511 3264 702 3335 perhiberent,
722 3264 868 3320 tentabant
889 3264 941 3320 di·
994 3264 1115 3330 manans
1142 3276 1185 3316 res
1208 3276 1263 3315 non
1287 3264 1454 3331 opportunas
1475 3260 1553 3314 tibi?
1574 3261 1669 3317 Nonne
1698 3276 1788 3317 omnes
1812 3277 1825 3316 e

122 3364 176 3408 tere
193 3352 354 3423 veritatem,
375 3351 451 3408 sicut
472 3366 533 3409 mos
549 3357 606 3409 cst:
624 3358 652 3409 ct
672 3353 811 3411 continuo
831 3352 939 3409 turbati
995 3355 1089 3406 contra
1125 3350 1287 3404 convenistis
1308 3350 1354 3403 ei?
1381 3347 1518 3414 momoria
1539 3347 1671 3403 debebam
1705 3364 1752 3418 epo
1774 3350 1826 3405 tali

124 3442 163 3511 qni
183 3440 397 3513 protendebant
411 3446 552 3498 certamen
568 3441 630 3512 boc,
645 3441 822 3512 incipiebant
835 3441 941 3498 validis
994 3442 1053 3495 uiro
1076 3439 1206 3495 adnuens
1218 3443 1301 3501 stare,
1319 3438 1431 3493 babenti
1450 3437 1588 3507 precipue
1603 3437 1744 3492 maenium
1756 3441 1826 3494 nni-

125 3529 202 3586 ninis
223 3531 372 3601 increpare
391 3544 449 3588 eos.
472 3531 563 3588 donec
584 3531 736 3587 suaderent
752 3530 796 3587 eis
815 3529 942 3601 prolerre
995 3543 1079 3583 versa
1091 3528 1197 3582 militia
1210 3526 1335 3582 lecticae?
1346 3526 1393 3580 An
1404 3526 1497 3595 potius
1514 3539 1560 3592 epo
1574 3524 1653 3579 illum
1666 3528 1721 3594 feei
1740 3541 1827 3582 σεεν-

126 3631 177 3687 qaae
188 3624 272 3676 erant
282 3619 482 3676 convenientia
492 3620 521 3676 in
535 3625 653 3677 mortem
664 3620 738 3677 beati
751 3625 780 3676 et
787 3620 860 3689 justi
873 3619 939 3675 viri.
996 3618 1097 3672 edum?
1127 3617 1327 3678 Verumtamen,
1353 3614 1441 3669 denuo
1461 3614 1568 3668 obsecro
1591 3630 1638 3669 vos
1656 3630 1707 3685 per
1730 3618 1827 3671 Domi-

125 3705 327 3779 bummplatus
347 3714 464 3765 sanctus
485 3722 555 3781 papa
581 3710 758 3767 introeuntes
781 3708 940 3765 testificari.
996 3705 1263 3775 nnmqnodcnnqne
1276 3704 1360 3758 uultis
1384 3708 1409 3757 et
1431 3703 1551 3773 definitis
1565 3705 1730 3773 tieriinme,
1743 3707 1826 3760 citius

127 3795 267 3853 subridens
292 3796 385 3854 dixit:
408 3798 457 3854 lsti
471 3803 540 3854 sunt
553 3799 662 3855 testesi
686 3799 728 3855 sic
743 3797 826 3854 babet
849 3795 942 3853 ordoi
997 3795 1108 3864 explete.
1125 3795 1206 3850 Nooit
1216 3795 1288 3847 enim
1298 3795 1378 3855 aas,
1388 3793 1509 3850 monimo
1521 3791 1590 3845 mibi
1598 3791 1671 3847 dona
1680 3793 1825 3858 tribuistis,

128 3881 200 3942 lrant
213 3885 292 3942 enirn
309 3887 395 3957 primi
412 3888 615 3960 ingredientes.
631 3887 746 3944 nomine
760 3887 875 3958 quidem
893 3884 943 3940 mi.
998 3898 1159 3954 quacunque
1172 3896 1213 3936 me
1234 3881 1311 3936 clade
1315 3881 1521 3950 jnputaoeruas.
1533 3880 1718 3939 Percontatus
1731 3887 1827 3940 autem

130 3969 191 4045 lites,
211 3975 329 4046 lupaces
349 3983 442 4032 autem
458 3981 486 4033 et
507 3976 641 4033 bestiales
653 3976 794 4033 sententia
807 3994 814 4045 3
829 3979 858 4031 et
872 3975 944 4046 qui·
998 3973 1148 4045 quemdam
1158 3968 1773 4043 deministrantibus,Sagolebamvidelicet,
1786 3985 1829 4029 sa·

130 4060 180 4120 dam
204 4077 305 4121 eorum
329 4065 379 4136 qui
402 4068 483 4122 erant
502 4065 638 4137 Olympii,
662 4078 727 4121 cum
751 4063 858 4136 quibus
882 4066 943 4118 erat
997 4060 1144 4130 cellarius,
1156 4060 1179 4116 si
1192 4064 1260 4117 sunt
1273 4057 1346 4116 ioris
1356 4058 1408 4115 alii
1421 4059 1585 4130 aliqui,qul
1597 4059 1720 4117 debeant
1730 4061 1829 4118 tostill-

131 4152 284 4212 dindreas
299 4155 348 4226 qui
369 4153 463 4211 iuerat
476 4156 538 4225 ejus
552 4154 691 4212 neurius.
998 4151 1056 4207 cari
1067 4154 1081 4206 i
1093 4149 1241 4222 respondit
1255 4148 1350 4205 scriba
1361 4166 1368 4202 :
1381 4148 1463 4218 Sunt,
1482 4147 1608 4214 domine,
1628 4149 1747 4220 plurimi
1762 4150 1825 4207 alli.

156 4243 239 4300 lirant
252 4247 347 4301 autem
362 4244 438 4299 inter
456 4248 636 4301 accusatores
655 4241 784 4299 infelices
797 4241 942 4313 imeritus,
957 4239 986 4302 D
998 4239 1166 4296 Deficientes
1176 4243 1271 4295 autem
1282 4235 1311 4292 bl
1324 4236 1373 4307 qui
1386 4234 1587 4306 praesidebant,
1601 4240 1700 4293 sancto
1709 4241 1738 4293 et
1749 4250 1829 4294 vene-

131 4331 335 4389 eilberlmuset
345 4332 450 4403 reliqui
460 4333 665 4405 numeroquasi
678 4331 943 4404 viginti,prim0res
999 4328 1084 4386 rabili
1100 4331 1211 4384 astante
1231 4326 1294 4383 viro
1320 4325 1350 4381 in
1363 4327 1516 4395 conspectu
1533 4337 1642 4395 eorum,
1658 4329 1686 4382 et
1706 4325 1830 4396 potissi·

133 4419 226 4478 milites
251 4426 280 4478 et
308 4421 413 4493 reliqui
436 4425 611 4479 accusantes.
633 4422 773 4477 iurabant
795 4424 889 4477 autem
908 4421 942 4476 ad
1000 4431 1076 4476 mum
1095 4416 1205 4487 Spiritu
1230 4429 1294 4472 eum
1308 4419 1406 4471 sancto
1428 4413 1568 4486 lirmante,
1584 4413 1722 4471 dixerunt
1744 4413 1829 4473 sulli-

133 4515 215 4565 ancta
227 4509 392 4582 Evangelia,
405 4510 488 4566 sicet
506 4509 742 4566 testitlcabantur.
757 4508 944 4565 Primicerius
999 4521 1062 4563 cere
1083 4509 1180 4561 testes.
1201 4506 1270 4560 Erat
1294 4503 1400 4575 quippe
1426 4503 1568 4575 interpres
1592 4515 1702 4576 eorum,
1725 4517 1790 4576 εεε
1811 4516 1828 4561 a

132 4605 186 4652 sane
197 4598 327 4654 omnium
345 4598 541 4654 accusantium
556 4604 618 4653 erat
636 4598 795 4654 Dorotheus
805 4596 946 4667 patricius
999 4597 1102 4653 Sancto
1128 4592 1308 4663 dicebantur,
1336 4591 1498 4664 verborum,
1523 4591 1707 4650 innocentius
1727 4593 1829 4652 consul

132 4680 237 4757 Ciliciae,
248 4686 299 4756 qui
311 4687 415 4756 jurans
429 4686 516 4758 dixit,
531 4687 665 4758 quoniam
680 4685 890 4758 quinquaginta
903 4698 947 4741 ca·
1001 4682 1214 4750 dliusllromae,
1231 4680 1280 4752 qui
1296 4684 1357 4736 erat
1373 4680 1409 4736 ab
1423 4679 1542 4736 sirica:
1559 4685 1597 4751 et,
1612 4694 1678 4738 cum
1691 4681 1830 4754 interpre-

66 4784 68 4791 ¹
133 4771 180 4838 pita
193 4774 217 4830 si
238 4773 365 4844 baberet,
383 4787 437 4830 non
453 4779 596 4844 oporteret
618 4789 683 4830 eum
700 4774 794 4831 vivere
815 4787 848 4830 eo
870 4773 944 4845 quod
1003 4776 1153 4829 tareturea
1169 4783 1258 4841 quaa
1271 4768 1353 4825 beato
1368 4768 1430 4825 viro
1444 4768 1626 4839 dicebantur,
1638 4783 1695 4828 non
1710 4769 1837 4847 ierebat,¹

66 4856 68 4861 ’
133 4860 396 4919 solussubrertitet
417 4863 543 4934 perdidit
571 4863 735 4920 universum
754 4863 945 4926 Occidentem.
1003 4860 1102 4916 ridens
1115 4859 1205 4931 ignita
1216 4857 1312 4928 jacula
1325 4856 1417 4913 sancti
1428 4853 1829 4926 spiriausabeononorabtli

132 4950 645 5022 etdelevit,etreverauniusconsilii
660 4950 791 5008 luitcum
804 4951 946 5022 Olympio,
1002 4949 1065 5005 viro
1082 4953 1180 5005 contra
1206 4961 1255 5004 eos
1277 4945 1396 5017 prolata.
1421 4944 1470 5001 sit
1493 4945 1528 5002 ad
1545 4947 1742 5005 innocentium
1763 4960 1830 5005 cum

132 5038 298 5097 etinimicus
320 5040 465 5098 homicida
479 5041 662 5111 imperatoris
676 5047 704 5097 et
719 5042 850 5097 Romanae
864 5039 879 5082 b
895 5055 949 5096 ur·
1003 5035 1113 5094 lurore:
1126 5033 1650 5106 Curnobisinterpretarisquaediciti
1659 5034 1724 5094 Noli
1735 5034 1831 5092 dicere

131 5122 267 5185 lenitatis.
288 5128 471 5203 Vidensergo
484 5130 582 5200 justus
594 5130 639 5185 vir
657 5130 836 5186 introeuntes
853 5142 902 5185 eos
920 5132 949 5185 et
1003 5139 1066 5198 quae
1079 5125 1162 5182 dicit.

130 5214 249 5282 iurantes
277 5218 341 5275 sine
372 5219 511 5290 parcitate
539 5219 754 5289 testificatores,
782 5230 949 5288 compassus
1036 5216 1162 5287 surgens
1177 5227 1245 5288 ergo
1265 5212 1405 5271 continuo
1426 5212 1596 5272 sacellarius
1607 5226 1672 5271 cum
1695 5210 1831 5283 plurimis

157 5343 366 5397 *brandeorum
396 5334 566 5417 llpasabdpa
595 5344 666 5399 llide
698 5342 867 5399 chronicon.
903 5343 950 5397 Pa·
1004 5330 1045 5387 lib
1057 5344 1088 5400 n,
1103 5328 1200 5400 sectd,
1218 5327 1334 5401 numi,
1352 5343 1414 5403 pag.
1430 5325 1491 5389 l38.
1505 5327 1544 5389 ld.

135 5413 223 5474 sabate
238 5427 302 5490 pag.
319 5412 382 5487 308,
396 5421 424 5471 et
443 5415 658 5490 constantinop.
674 5414 780 5476 Christ.
797 5413 948 5486 Ducangii,
1045 5401 1050 5437 ¹
1065 5403 1201 5484 πρλιτιῑας
1225 5409 1389 5488 reipublice.
