3876 6090
118 278 151 337 it
491 252 906 338 tRTERPREanlo‘stRODt
926 281 1369 344 l'lllGERRRdtts.-ACT10
1389 291 1419 344 V.
1742 293 1779 353 78

110 410 274 462 sanctorum
289 406 404 460 Patrum
416 405 434 459 ‘i-
443 406 479 460 Et
491 418 546 462 non
562 406 718 476 respondit.
742 406 923 463 sanctissimi
936 406 966 467 A
979 407 1099 465 versatis
1113 410 1238 480 synodus
1252 412 1344 467 dixit:
1360 413 1530 471 canonicam
1543 416 1629 489 legem
1645 423 1777 493 complet,

111 495 210 551 sicarii
225 496 353 551 senioris
367 496 460 551 Romae
473 495 626 551 dixerunt:
642 496 756 565 Recipis
767 497 924 553 constituta

96 591 275 663 xsanctorum
289 584 458 654 pontificum
471 585 686 640 Romanorum?
701 585 806 656 recipis
816 586 925 656 exposi-

112 672 924 753 tionemquamlecitbeatissimusNicolaussanctissimus

113 777 182 833 papa
199 763 395 818 Romanorum
403 763 417 816 ⁴?
432 764 465 817 Et
480 776 536 818 non
552 764 707 832 respondit.
727 763 841 834 Recipis
861 777 925 834 quae

114 852 207 907 denuo
231 850 515 907 lecitsanctissimus
535 851 682 908 Adrianus
693 865 840 908 successor
863 852 926 920 ejus

113 941 309 997 Romanorum
325 941 402 997 sedis
416 954 486 1010 papa
497 941 609 1011 idicat,
621 941 708 996 dieat.
725 941 845 997 Pbctius
860 954 926 996 vero

112 1029 926 1099 nibilrespondebatsanctissimivicariiseniorisRoma:

112 1118 269 1173 dixerunt:
286 1118 461 1175 Audivimus
476 1118 545 1188 quia
566 1117 649 1174 bomo
670 1124 713 1173 est
732 1118 924 1189 rationabilis,

112 1214 138 1263 et
157 1207 270 1263 scimus
295 1208 364 1277 quia
376 1211 421 1264 est
436 1205 635 1277 praevaricator
649 1211 676 1264 el
688 1207 801 1264 adulter
814 1225 820 1260 :
835 1207 924 1277 dicat,

114 1297 198 1353 dicat.
238 1297 360 1352 Photius
383 1296 475 1352 dixit:
504 1298 603 1353 Vocem
638 1310 737 1367 meam,
769 1296 855 1352 etiam
880 1309 923 1350 me

114 1389 235 1455 tacente,
257 1386 334 1442 Deus
356 1385 448 1442 audit.
476 1385 657 1442 sanctissimi
682 1385 784 1441 vicarii
801 1383 926 1441 senioris

114 1474 208 1530 Romae
220 1473 370 1530 dixerunt:
388 1476 440 1530 Per
452 1475 601 1531 silentium
613 1488 668 1531 non
679 1473 798 1546 cllugies
811 1471 926 1529 manile

115 1563 232 1620 stiorem
247 1564 470 1620 damnationem.
488 1564 607 1620 Pbotius
618 1564 707 1619 dixit:
718 1566 773 1619 Nec
788 1565 868 1619 Jesus
881 1567 928 1617 ta-

116 1653 202 1708 cendo
216 1653 309 1708 exasit
319 1653 543 1709 damnationem.
555 1652 735 1709 sanctissimi
750 1653 852 1708 vicarii
863 1665 930 1722 apo·

978 503 1006 553 et
1021 499 1184 569 synodicam
1205 502 1420 571 praeceptionem
1436 508 1464 559 et
1480 504 1697 576 legislationem.
1713 513 1779 567 San-

979 587 1102 643 ctissimi
1119 588 1220 644 vicarii
1236 591 1359 646 senioris
1381 593 1474 648 Rornae
1488 593 1641 652 dixerunt:
1660 600 1779 670 legatur

979 683 1007 732 et
1021 677 1079 732 alia
1093 677 1214 747 epistola
1229 694 1292 748 qua:
1315 680 1349 735 ad
1368 681 1460 751 ipsum
1477 682 1609 740 Pbotium
1625 687 1713 743 missa
1726 693 1778 760 est,

979 765 1036 822 Deo
1059 766 1196 822 amabiles
1221 769 1573 838 metropolitaedixerunt:
1592 775 1722 846 legatur.
1747 779 1781 832 Et

980 854 1124 923 accipiens
1141 855 1294 924 praedictus
1307 857 1467 928 stephanus
1483 860 1552 930 legit
1571 873 1600 916 c,

1016 946 1051 999 Et
1074 949 1137 1013 post
1151 945 1368 1014 completionem
1382 948 1519 1018 epistolae,
1534 953 1710 1009 sanctissimi
1734 955 1783 1010 ui-

981 1033 1053 1088 carii
1078 1033 1201 1089 senioris
1217 1034 1310 1090 Romae
1322 1035 1457 1093 dixerunt
1473 1056 1479 1091 :
1498 1039 1613 1109 Propter
1629 1043 1703 1112 quod
1727 1043 1783 1099 ob-

971 1121 1090 1177 turavit
1112 1135 1196 1177 aures
1222 1137 1298 1190 suas,
1326 1129 1354 1179 et
1378 1139 1434 1181 non
1457 1129 1604 1197 respondit
1617 1131 1652 1186 ad
1667 1145 1699 1187 ea
1720 1147 1782 1203 quae

982 1208 1143 1281 leguntur?
1168 1211 1348 1268 sanctissimi
1378 1220 1487 1286 metrop
1506 1217 1565 1273 litae
1592 1218 1728 1278 dixerunt
1746 1224 1781 1279 ad

982 1298 1133 1355 Pbotium:
1163 1300 1350 1368 Quamobrem
1377 1316 1432 1359 non
1458 1306 1612 1375 respondes
1636 1309 1670 1366 ad
1696 1310 1783 1368 baec‘i

982 1388 1017 1442 Et
1044 1402 1100 1444 non
1131 1389 1288 1458 respondit.
1319 1391 1499 1449 sanctissimi
1528 1395 1630 1453 vicarii
1660 1400 1783 1457 senioris

983 1475 1077 1532 Romae
1103 1476 1268 1533 dixerunt:
1298 1480 1419 1551 Legatur
1444 1489 1472 1537 et
1497 1484 1618 1554 epistola
1645 1502 1708 1559 quae
1734 1503 1783 1559 per

984 1568 1102 1622 Leonem
1126 1567 1275 1622 asecretis
1303 1568 1390 1624 missa
1414 1576 1465 1626 est.
1493 1573 1527 1627 Et
1552 1574 1697 1644 accipiens
1719 1577 1784 1634 ste-

984 1655 1105 1726 phanus,
1130 1657 1186 1710 Deo
1212 1656 1408 1714 amicissimus
1428 1659 1567 1718 diaconus
1589 1666 1783 1723 sanctaeCon-

116 1741 287 1797 stolimrum
301 1742 413 1798 sedium
435 1741 591 1798 dixerunt:
606 1744 667 1797 Non
677 1742 797 1814 dignum
820 1748 863 1797 est
876 1755 927 1797 nos
942 1736 1784 1823 BstantiuopolitanorumEcclesiteacnotarins,epistolam

117 1831 928 1902 responsumtibiredderedehujusmodilocutione,quu·

118 1922 313 1991 niamiisqum
325 1919 929 1978 DomininostriJeanbristisuntassimi-

117 2009 180 2066 lasti
189 2025 255 2082 quae
269 2016 318 2067 tna
330 2018 406 2068 sunt.
415 2010 499 2066 Nulla
511 2014 606 2066 autem
620 2011 842 2067 communicatio
853 2009 928 2066 lucis

117 2101 148 2155 ad
174 2100 320 2172 tenebras,
345 2114 435 2170 neque
451 2099 635 2170 participatio
658 2100 781 2169 justitie
805 2100 839 2156 ad
867 2099 929 2154 ini-

118 2189 270 2260 quitatem,
296 2203 347 2246 nee
359 2188 509 2244 conventio
531 2188 638 2244 Christi
665 2188 699 2244 ad
715 2188 814 2259 Belial,
837 2202 928 2258 neque

117 2292 275 2335 consensus
303 2277 409 2348 templo
421 2278 471 2333 Dei
487 2292 552 2334 cum
576 2277 663 2334 idolis
676 2274 721 2347 (ll
733 2278 792 2332 Cor.
808 2291 835 2332 vr
847 2276 864 2348 l.
889 2278 929 2332 Dc

119 2366 273 2423 bisantem
290 2366 365 2422 unde
379 2366 571 2438 interrogatus
583 2380 641 2422 esa
664 2365 803 2421 iratribus
815 2369 843 2420 et
857 2377 930 2421 com·

119 2457 264 2512 ministris
278 2456 386 2511 nostris
399 2455 593 2511 sanctissimis
617 2455 736 2511 vicariis
747 2455 856 2511 seniois
870 2455 930 2510 Ro-

120 2560 178 2617 mae,
210 2545 353 2615 responde
380 2549 477 2601 utrum
511 2544 654 2615 suscipias
677 2543 789 2613 judicia
813 2548 930 2600 sancto-

120 2648 181 2690 rum
207 2633 377 2704 pontificum
405 2634 606 2704 Romanorum,
634 2646 669 2688 an
698 2633 785 2688 non‘l
810 2634 845 2688 Et
873 2647 928 2690 non

120 2724 269 2794 respondit
295 2723 425 2779 Photius.
456 2722 637 2780 sanctissimi
673 2722 774 2778 vicarii
804 2722 929 2779 senioris

120 2812 213 2868 Roma:
235 2813 396 2868 dixerunt:
423 2812 542 2868 inclinet
563 2812 699 2868 cervicem
724 2826 816 2882 suam,
844 2811 928 2868 verbo

121 2910 145 2959 et
169 2903 280 2972 scripto
304 2901 435 2957 enuntiet
464 2909 610 2972 peccatum
635 2916 730 2972 suum,
759 2902 930 2957 anathema-

121 2994 187 3049 tizet
220 3005 285 3062 qua:
314 2990 454 3059 injuriose
477 2991 585 3061 scripta
608 2995 636 3046 et
662 2992 724 3045 acta
753 2995 830 3057 suut,
865 3004 929 3060 qnae

982 1847 1045 1903 quae
1079 1832 1166 1889 missa
1192 1832 1284 1889 luerat
1308 1835 1343 1891 ad
1370 1836 1536 1895 blicbaelem
1574 1841 1781 1915 imperatorem,

983 1924 1009 1983 le
1030 1921 1054 1976 it
1065 1924 1088 1974 d.

1011 1938 1052 2065 giit
1068 2017 1131 2080 post
1151 2012 1368 2081 completionem
1384 2015 1511 2083 ejusdem
1525 2018 1663 2088 epistota,
1679 2021 1783 2079 iterum

983 2099 1160 2156 sanctissimi
1175 2100 1277 2157 vicarii
1294 2103 1417 2159 senioris
1442 2105 1536 2161 nomae
1561 2107 1716 2164 dixerunt:
1731 2111 1784 2167 se-

984 2201 1074 2256 quens
1100 2193 1128 2245 et
1142 2189 1241 2258 altera,
1258 2204 1321 2261 quae
1334 2192 1368 2247 ad
1384 2192 1518 2249 Pbotium
1532 2199 1584 2266 est,
1613 2195 1732 2268 legatur.
1750 2201 1783 2255 ltt

982 2275 1128 2346 accipiens
1144 2277 1218 2333 idem
1230 2278 1400 2351 stephanus,
1415 2280 1493 2352 legit.

1018 2429 1147 2486 Nicotaus
1173 2432 1312 2558 episcopas
1338 2447 1430 2487 servus
1456 2449 1593 2491 serapeum
1615 2440 1665 2493 Dei
1691 2440 1785 2496 Pbotio

1266 2505 1525 2575 ›orestuntinopoleos

1021 2646 1034 2679 e
1047 2627 1147 2683 Omnis
1160 2627 1273 2684 utilitas
1282 2633 1311 2684 et
1322 2628 1465 2698 protectus
1474 2631 1634 2689 animarum
1645 2635 1787 2694 catholica

985 2716 1040 2773 tide
1053 2717 1210 2773 munitur.»
1267 2719 1382 2788 Reliqua
1392 2721 1454 2776 oidc
1464 2723 1535 2776 inter
1547 2725 1787 2793 epistolusNt'coloi

981 2821 1063 2875 pupae
1073 2807 1101 2867 l,
1117 2806 1277 2873 Pota-otoptae
1291 2812 1360 2862 tomo
1376 2809 1491 2873 CXXVI,
1508 2812 1557 2865 col.
1577 2808 1639 2869 785.

1019 2895 1055 2949 Et
1067 2900 1131 2964 post
1143 2896 1360 2965 completionem
1374 2899 1511 2970 epistola,
1526 2901 1681 2959 Thomaset
1692 2905 1787 2963 llelias

986 2983 1191 3042 sarncticissimi
1210 2984 1311 3041 vicarii
1328 2987 1792 3068 Orientaliumsediumadmagni·

122 3087 217 3137 contra
249 3080 466 3136 sanctissimum
498 3079 689 3149 patriarcham
714 3080 855 3151 ignatium
884 3076 968 3138 bisC
988 3073 1342 3148 ficentisslmosprincipcs
1355 3077 1508 3134 dixerunt:
1525 3080 1663 3137 Volumus
1677 3083 1788 3155 aliquid

122 3170 242 3239 abrupte
265 3168 376 3241 gessit3
401 3167 569 3237 profiteatur
581 3181 610 3223 sc
624 3168 732 3223 nullam
756 3173 929 3224 contiacum

123 3257 364 3314 machinationem
387 3262 438 3313 aut
458 3257 675 3312 commotionem
697 3257 832 3326 deinceps
846 3263 932 3312 actu-

123 3361 195 3417 rum,
209 3347 259 3403 sed
275 3347 351 3402 bunc
364 3345 453 3403 sicuti
475 3359 573 3400 verum
588 3345 749 3415 pontificem
769 3360 853 3401 suum
868 3360 932 3401 ma-

124 3451 176 3507 gno
204 3435 313 3505 pudore
326 3439 537 3504 suscepturum,
561 3438 590 3489 et
601 3434 765 3504 apostolicae
791 3435 931 3491 cathedrae

121 3525 241 3597 judicia,
260 3530 316 3580 tam
332 3525 367 3580 de
380 3538 420 3594 se,
435 3537 518 3594 quam
530 3524 565 3578 dc
573 3523 681 3595 ignatio
694 3523 857 3592 patriarcba
871 3538 931 3593 pro

124 3615 261 3686 mulgata,
278 3612 488 3669 honorabiliter
501 3614 699 3682 amplectatur.
722 3614 756 3667 Et
773 3613 874 3669 Pirotio
886 3618 933 3668 ta-

123 3710 211 3772 cente,
229 3702 408 3760 sanctissimi
425 3702 526 3758 vicarii
538 3702 662 3758 senioris
678 3702 771 3757 Romae
781 3701 930 3757 dixerunt:

124 3795 192 3848 Ecce
208 3794 294 3849 bomo
310 3793 360 3862 qui
377 3791 522 3847 obturarit
533 3805 617 3847 aures
639 3805 716 3860 suas,
733 3792 810 3846 sieut
824 3791 934 3861 aspidis

124 3883 217 3938 surdae
239 3880 328 3952 (Psnl.
360 3882 442 3953 curi),
458 3887 487 3936 et
502 3895 557 3937 non
586 3881 669 3937 audit
684 3894 779 3937 rocem
807 3894 890 3951 quam
907 3879 933 3935 ei

126 3977 221 4026 sancta
232 3971 361 4042 synodus
371 3970 481 4040 objicit,
494 3970 540 4026 sed
554 3969 615 4025 vult
630 3983 678 4039 per
690 3969 839 4026 silentium
862 3969 934 4025 banc

86 4118 88 4123 ,
126 4059 248 4131 effugere
272 4060 548 4130 condemnationem,
574 4072 659 4130 quam
684 4064 781 4114 sancta
809 4059 934 4113 Romana

126 4149 252 4204 Ecclesia
276 4153 343 4203 ante
359 4148 464 4203 multos
478 4162 568 4204 annos
584 4146 776 4218 promulgavit
798 4145 935 4202 adversus

127 4252 198 4294 eum.
228 4239 334 4294 l'erum
358 4236 489 4309 legantur
512 4236 639 4307 epistolae
655 4249 718 4305 quae
733 4235 769 4291 de
783 4249 816 4291 eo
841 4235 935 4290 missae

128 4332 223 4384 sunta
240 4331 339 4383 saneta
355 4326 480 4382 Romana
496 4326 631 4382 Ecclesia.
648 4325 744 4380 Placet
756 4339 822 4396 ergo
837 4324 936 4380 omni-

986 3168 1066 3238 loqui
1082 3169 1115 3224 ad
1132 3175 1258 3224 sanctam
1274 3166 1434 3238 synodum:
1453 3167 1544 3236 placet
1560 3169 1611 3224 boc
1625 3169 1724 3227 vobis?
1736 3174 1791 3229 Ra-

986 3257 1217 3328 gnilieentissimi
1228 3262 1256 3312 et
1267 3255 1469 3328 gloriosissimi
1484 3257 1790 3327 principesdixerunt:

985 3348 1042 3401 Hoc
1055 3346 1084 3400 in
1096 3352 1186 3401 vestra
1202 3350 1337 3415 potestate
1347 3348 1399 3398 est.
1410 3346 1443 3399 Et
1454 3345 1609 3401 ascendens
1621 3347 1724 3414 ilelias,
1735 3350 1791 3406 Deo

987 3431 1792 3503 colendissimuspresbyterctsynccllustbronillieroso

989 3524 1141 3595 lymorum,
1154 3523 1184 3578 in
1197 3521 1374 3578 auditionem
1386 3520 1514 3576 omnium
1525 3520 1627 3578 allatus
1637 3530 1680 3578 est
1692 3525 1744 3579 ita:
1760 3528 1790 3582 ln

990 3613 1158 3683 precedenti
1171 3612 1228 3682 die,
1243 3609 1574 3682 nobisbiccongregatis,
1588 3612 1673 3667 amici
1683 3613 1792 3670 Christi

990 3707 1118 3772 patreset
1131 3700 1243 3771 iratres,
1259 3698 1432 3770 paucissima
1444 3699 1571 3769 quaedam
1581 3700 1794 3760 elocutisumus

989 3792 1023 3846 ad
1041 3792 1225 3847 reverentiam
1239 3794 1375 3844 vestram:
1398 3802 1474 3844 nunc
1493 3802 1558 3843 uero
1573 3793 1602 3844 et
1615 3790 1710 3847 eadem
1725 3792 1796 3849 dici-

991 3896 1063 3936 mus.
1073 3880 1160 3936 soitis
1171 3880 1239 3949 quia
1252 3879 1280 3932 in
1293 3877 1446 3947 praeteritis
1457 3877 1634 3946 temporibus
1648 3880 1796 3950 imperato-

990 3984 1035 4026 res
1061 3975 1142 4025 erant
1155 3968 1204 4038 qni
1230 3965 1439 4037 congregabant
1460 3965 1583 4036 synodos
1597 3975 1618 4038 ⁰,
1637 3973 1665 4023 et
1679 3982 1713 4024 ex
1737 3975 1796 4026 toto

990 4065 1130 4116 terrarum
1141 4056 1209 4113 orbe
1220 4056 1343 4111 vicarios
1351 4055 1384 4111 ad
1398 4054 1618 4124 dispositionem
1630 4056 1793 4126 hujusmodi

990 4160 1141 4204 causarum
1156 4144 1349 4217 colligebant:
1365 4157 1487 4213 quorum
1502 4157 1578 4199 more
1592 4150 1620 4200 et
1634 4146 1684 4201 Dei
1701 4148 1796 4205 cultor

992 4237 1146 4307 imperator
1161 4240 1257 4291 noster
1272 4232 1460 4290 universalem
1473 4232 1545 4288 banc
1558 4234 1697 4303 synodum
1714 4235 1791 4310 lecit,

992 4341 1048 4382 non
1062 4328 1091 4382 in
1103 4326 1246 4394 abstruso,
1254 4323 1379 4394 nequein
1393 4321 1635 4392 clandestino,scd
1650 4325 1795 4383 evidenter

128 4415 177 4472 bus
205 4422 238 4472 ut
265 4415 423 4488 legantur?
445 4415 547 4471 Sancta
570 4415 696 4485 synodus
714 4413 812 4469 dixit:
829 4413 933 4469 Placet·
949 4413 977 4475 D
992 4415 1180 4472 acmanileste
1191 4411 1408 4482 lecit,videlicet
1418 4411 1664 4468 sanctissimorum
1676 4414 1795 4471 vicario

127 4507 159 4560 Et
172 4504 322 4575 accipiens
337 4504 497 4574 stephanus
512 4505 568 4559 Dec
582 4503 782 4559 amicessimus
795 4502 935 4558 diaconus

129 4601 233 4651 sanctae
262 4593 644 4662 constantinopolitanorum
665 4592 800 4648 Ecclesia
824 4599 852 4646 et
881 4605 936 4646 no-

129 4685 229 4755 tarius,
246 4683 318 4755 legit
331 4683 481 4753 epistolam
501 4697 563 4754 quae
578 4683 612 4738 ad
627 4682 792 4738 llicbealem
810 4682 936 4750 impera-

129 4779 216 4830 torem
242 4772 413 4829 transmissa
438 4777 480 4828 est
504 4786 553 4842 per
576 4771 773 4828 Rbadoaldum
787 4777 816 4826 et
836 4771 936 4826 Zacba.

127 4864 197 4920 riam
212 4863 236 4918 b.

158 4955 193 5010 Et
228 4959 293 5025 post
322 4952 538 5023 completionem
568 4952 666 5022 prima
693 4951 831 5022 epistotae,
864 4965 934 5007 san-

125 5044 248 5100 ctissimi
264 5043 370 5099 vicarii
385 5042 510 5100 senioris
534 5042 627 5098 Romae
640 5042 777 5101 dixerunt
792 5060 798 5096 :
816 5042 857 5097 Ad
874 5042 932 5098 baec

127 5134 192 5204 quid
208 5134 284 5189 dicit
298 5138 398 5189 sauma
415 5131 563 5202 synodus?
586 5136 630 5188 est
653 5131 789 5187 canonica
814 5131 933 5202 exposi-

127 5224 201 5281 tione
226 5223 312 5295 plena
328 5222 451 5293 epistola
464 5221 532 5293 baec,
548 5235 585 5278 an
601 5235 656 5278 non
671 5221 685 5276 ‘l
699 5221 801 5279 sancta
814 5226 843 5277 et
862 5222 933 5278 uni-

142 5381 152 5407 ²
166 5369 192 5423 td
206 5372 261 5440 est,
278 5365 425 5436 eloquens.

143 5437 155 5478 i
168 5439 298 5511 Epistola
306 5438 366 5494 baec
374 5436 697 5508 quaebiclectaestestin
705 5437 931 5509 quartaactione.

94 5567 98 5579 ,
130 5513 281 5643 dtssmgaec
298 5509 400 5566 itidem
424 5509 546 5615 epistola
562 5509 692 5580 praelecta
716 5510 805 5566 estin
832 5513 933 5582 quarta

991 4519 1053 4561 rum
1065 4504 1209 4559 seniorum
1220 4502 1540 4569 Romanostrorumque
1549 4499 1712 4571 collegium.
1723 4498 1792 4560 Cum

990 4596 1066 4653 enim
1082 4593 1172 4649 multa
1184 4592 1244 4647 sint
1256 4594 1283 4645 et
1293 4590 1351 4645 alia
1364 4603 1426 4659 quae
1440 4588 1616 4658 nosprobent
1628 4590 1793 4648 verissimos

989 4698 1051 4740 esse
1063 4682 1187 4738 vicarios
1200 4678 1390 4735 Orientalium
1403 4677 1525 4746 sedium,
1550 4677 1641 4745 major
1653 4683 1745 4737 tamen
1760 4695 1793 4738 ae

991 4771 1214 4845 promptissima,
1226 4767 1440 4825 evidentissima
1452 4770 1481 4821 et
1491 4766 1672 4835 paratissima
1685 4771 1794 4838 species

989 4869 1032 4920 est
1046 4863 1113 4932 baec,
1127 4874 1182 4931 qua
1194 4858 1344 4929 piissimus
1357 4862 1384 4912 et
1395 4855 1504 4911 Christi
1515 4855 1626 4912 amicus
1637 4857 1792 4928 imperator

990 4957 1086 5010 noster
1099 4964 1148 5020 per
1172 4947 1289 5003 multam
1303 4944 1483 5017 diligentiam
1499 4949 1528 5000 et
1550 4945 1670 5003 studiun
1691 4962 1793 5004 convo·

988 5042 1072 5110 cavit,
1086 5045 1114 5095 et
1126 5037 1235 5106 accepit
1247 5049 1298 5092 nos
1313 5034 1347 5090 ab
1360 5034 1480 5090 Eclcsiis
1495 5034 1612 5106 nostris,
1627 5049 1788 5107 quanquam

986 5133 1058 5189 dena
1070 5129 1150 5185 milia
1159 5131 1253 5183 essent
1265 5124 1466 5195 impedimenta
1478 5124 1716 5193 prohibitionum.
1728 5129 1790 5196 lpse

986 5235 1053 5294 erqo
1064 5218 1242 5287 testificetur,
1257 5215 1332 5271 unde
1343 5220 1396 5270 eta
1411 5227 1468 5285 quo
1479 5213 1560 5270 missi
1577 5215 1789 5285 pervenerimus

1022 5366 1034 5406 d
1046 5358 1508 5429 Etbaecsimiliterpraescriptaest
1520 5358 1782 5427 inquartaactione.

1022 5433 1226 5490 ⁰Unlversales
1240 5431 1384 5502 videlicet,
1410 5444 1473 5486 nam
1491 5429 1596 5484 locales
1610 5433 1660 5485 aut
1674 5429 1721 5483 vix
1735 5432 1786 5481 aut

988 5499 1783 5578 uunquamimperatoressynodoscollegisseuoscuntur.
