3876 6090
56 230 125 294 ml
487 231 621 290 PSEUDO
647 231 856 291 immitunt
877 233 940 291 LIB.
961 234 1007 293 DE
1025 236 1113 294 vrtts
1130 237 1215 296 nott.
1235 239 1353 298 PONT..
1691 242 1763 307 lm

53 357 288 415 communionem
309 357 465 414 redierunt.
486 356 538 413 llic
551 357 658 414 clerum
673 355 836 426 constituit,
857 348 1029 413 etAomnes
1050 361 1095 414 ira
1115 362 1165 417 liet
1187 361 1296 418 deserit
1319 364 1412 433 (Num.
1444 380 1504 432 xm,
1526 366 1580 442 22).
1602 373 1641 427 tic
1660 373 1763 430 inlitus

57 447 179 518 psalmis
187 446 324 505 erudivit.
938 447 971 502 B.
991 447 1145 518 Cyprianus
1160 456 1268 521 martyr
1282 455 1322 508 ito
1337 454 1419 510 dicit:
1437 456 1489 522 Qui
1504 464 1659 529 peccantem
1673 463 1762 519 vertis

93 537 184 593 Hicin
197 536 331 607 epistola,
341 549 425 607 quam
435 535 581 592 universis
594 533 886 608 llispaniaeepiscopis
939 536 1119 595 adulantibus
1135 543 1243 613 palpat,
1259 544 1394 613 peccandi
1416 548 1536 613 fomitem
1562 550 1761 617 subministrat,

56 626 215 684 destinavit
227 624 315 695 (epist.
339 623 374 695 l),
391 629 423 681 ut
436 625 465 680 in
476 626 620 696 episcopis
631 624 802 682 ordinandis
816 635 885 681 cura
939 642 986 682 nec
999 632 1125 699 reprimit
1141 633 1189 686 iiic
1208 632 1317 696 delicta,
1336 633 1385 688 sed
1403 636 1485 703 fouet.
1503 638 1579 708 licm,
1601 640 1675 696 idem
1692 654 1761 711 papa

56 714 222 771 adhihenda
238 715 277 769 sit
289 714 449 785 perspicua,
466 714 613 770 evidenter
627 715 753 772 ostendit
766 713 882 771 dicens:
940 715 1079 775 interius:
1100 722 1157 788 Epo
1171 737 1212 776 me
1231 725 1263 777 in
1276 723 1458 793 torpendo
1469 727 1574 782 mittere
1588 732 1697 784 omnino
1708 745 1762 786 non

56 804 312 875 lrreprehensihiles
334 818 389 858 esse
406 805 540 867 conuenit,
563 819 630 872 quos
650 817 766 874 praesse
780 818 885 859 neccsse
938 807 1035 871 audeo,
1056 811 1124 879 quio
1144 826 1193 866 nec
1214 812 1283 866 talia
1304 818 1369 868 sunt
1387 817 1486 870 merita
1505 831 1576 880 mco,
1596 823 1627 872 ut
1646 820 1763 876 olmrum

57 897 98 949 cst
125 893 305 960 conipcndn,
335 907 383 946 nec
411 892 564 962 quidquam
586 892 631 946 illi
651 893 741 948 deesse
759 907 885 963 persana
935 902 1048 965 peccata
1061 899 1092 951 in
1116 915 1157 954 me
1175 902 1297 979 eccipcrc
1316 917 1490 975 praesumam,
1511 920 1559 960 nco
1579 909 1685 961 tantum
1704 909 1763 963 clo-

54 997 139 1054 penes
160 997 243 1052 quam
261 984 302 1036 cst
319 981 453 1049 reliqiosae
477 977 638 1055 [caliptenis]
659 996 764 1036 summa
778 985 803 1036 et
817 981 886 1036 sub-
940 988 1078 1053 quentiom
1091 988 1185 1052 nahem
1198 994 1229 1044 ut
1242 995 1306 1046 ante
1317 990 1440 1046 tribunal
1450 992 1552 1048 Christi
1564 999 1658 1051 contra
1674 1000 1764 1053 tantos

55 1073 164 1127 stantia
196 1071 358 1141 disciplina.
384 1071 528 1125 Existimet
550 1073 740 1141 unusquisque
766 1073 887 1141 pretium
940 1088 973 1130 oo
992 1076 1059 1131 tales
1082 1078 1242 1150 eccadotcs,
1267 1082 1317 1149 qui
1337 1095 1452 1136 canones
1471 1086 1637 1148 statuerunt,
1666 1100 1764 1142 musas

56 1163 193 1218 Dominici
205 1162 309 1229 crepis,
322 1164 353 1214 ut
375 1161 454 1222 sciat,
478 1160 552 1229 qaod
565 1163 691 1216 medum
701 1160 889 1216 continuandi
942 1163 1030 1219 dicem
1040 1169 1154 1235 possim.
1170 1169 1249 1238 item,
1271 1168 1345 1225 idem
1361 1168 1527 1242 subjungis:
1548 1173 1579 1228 Si
1593 1174 1694 1234 clerici.
1716 1176 1765 1245 qui

57 1251 156 1307 deden
169 1265 225 1306 esse
240 1252 373 1322 pastoris.
394 1252 482 1306 ltcm:
508 1250 603 1317 Lonqa
620 1250 697 1306 dehet
710 1253 795 1306 citam
809 1266 887 1306 suom
940 1253 978 1306 ad
1001 1269 1099 1309 usores
1109 1258 1240 1326 proprias
1255 1257 1380 1327 redeunt,
1395 1259 1431 1313 oh
1446 1261 1535 1329 officio
1546 1263 1762 1331 suspenduntur,

54 1340 218 1411 probatione
235 1344 398 1401 monstrare,
413 1340 458 1394 cui
479 1339 665 1407 carenacum
682 1341 887 1396 commetiuntur
939 1344 964 1395 et
980 1341 1081 1409 hiqami
1104 1359 1158 1398 non
1181 1345 1357 1409 ordinantur,
1379 1347 1437 1416 scd,
1466 1351 1492 1403 si
1505 1349 1627 1404 ordinati
1646 1352 1762 1418 fuerim,

56 1430 192 1485 Ecclesiae.
213 1431 299 1485 ilem:
320 1428 542 1483 Emendatiarem
560 1430 684 1484 conuenit
704 1443 760 1484 esse
770 1429 884 1499 populo,
939 1428 1129 1497 dejiciuntur:
1150 1434 1282 1501 quomodo
1309 1435 1366 1498 ille,
1393 1437 1443 1504 qui
1464 1437 1632 1494 adalradum
1649 1443 1765 1495 cornmi-

58 1534 139 1589 qucm
154 1533 259 1574 necesse
278 1523 317 1573 cst
331 1532 409 1572 orare
426 1533 478 1588 pro
490 1519 601 1588 populo.
623 1520 691 1574 ltom
708 1518 886 1589 prohibetae
939 1520 1014 1585 serit,
1037 1521 1136 1575 iterum
1149 1521 1187 1575 od
1202 1523 1329 1577 hommem
1352 1525 1442 1580 reduc
1452 1530 1577 1596 poterit?
1598 1529 1659 1584 Non
1673 1534 1764 1586 tamen

58 1607 230 1664 heneficium
255 1621 304 1677 per
318 1606 533 1677 impositionem
557 1619 667 1676 manus,
692 1608 884 1677 quatiamini
940 1608 1239 1679 misericordiamque
1264 1610 1347 1667 dicit:
1366 1633 1379 1664 c
1403 1614 1472 1670 Nolo
1485 1620 1597 1671 morton
1613 1620 1764 1686 peccatoris

58 1710 122 1752 esse
137 1692 247 1771 [divina
262 1693 333 1771 esse]
347 1696 485 1767 creditur,
498 1696 590 1767 pretio
603 1700 801 1766 comparetur:
817 1696 885 1768 qnia
901 1695 927 1757 B
941 1692 1047 1762 (Erech.
1063 1710 1169 1761 xxxin,
1197 1695 1252 1769 ll),
1276 1717 1289 1750 a
1306 1706 1332 1755 et
1343 1700 1401 1756 alio
1420 1701 1588 1772 huiusmodi,
1616 1720 1644 1760 se
1666 1721 1765 1776 ncqare

59 1790 127 1842 anu
145 1785 245 1843 oculos
265 1799 328 1843 esse
340 1785 483 1855 convenit,
496 1799 552 1856 qua
570 1785 667 1841 Simon
681 1786 885 1858 lllaqnsSpiri-
941 1784 1028 1852 dicit,·
1047 1786 1096 1840 sed
1117 1786 1305 1856 definitissime
1319 1791 1438 1854 aedae,
1462 1794 1536 1862 quod
1560 1796 1609 1864 qui
1629 1797 1766 1867 usquead

59 1879 122 1931 tum
137 1880 267 1932 sanctum
288 1874 385 1930 volens
396 1874 588 1945 redemptione
610 1875 740 1945 mercari,
761 1874 884 1945 apostoli
936 1876 1018 1942 linem
1029 1876 1092 1929 cita
1109 1890 1167 1930 susc
1181 1879 1369 1946 penitentiam
1383 1882 1477 1947 eqers’t,
1499 1897 1554 1936 non
1567 1884 1655 1939 solum
1666 1886 1766 1941 indut-

60 1962 151 2022 luerit
169 1963 358 2021 detestatione
387 1970 540 2034 percussus
560 1963 631 2034 (Act.
661 1963 732 2036 viru).
758 1966 826 2020 item
850 1963 885 2020 de
938 1965 1059 2032 pentum
1078 1966 1201 2034 accipiet,
1211 1966 1259 2020 scd
1272 1967 1310 2021 od
1321 1969 1406 2023 citam
1418 1954 1546 2025 alanum
1562 1975 1711 2041 perveniet.
1726 1977 1765 2030 lie

61 2053 126 2118 illo,
135 2053 187 2124 qui
200 2066 256 2110 non
267 2052 375 2122 rendit,
393 2053 440 2109 sed
455 2052 588 2109 vendenti
600 2053 753 2122 consentit,
768 2054 808 2110 ita
821 2052 884 2110 suh
939 2051 996 2106 illis
1011 2056 1101 2107 autem
1115 2054 1230 2117 clericis,
1243 2057 1292 2124 qui
1303 2056 1341 2110 od
1364 2072 1462 2113 scores
1475 2059 1600 2129 redeunt,
1614 2061 1681 2116 dicit
1694 2076 1768 2117 san·

59 2142 174 2214 iungit:
198 2141 271 2208 Quid
284 2143 398 2213 modest
410 2143 455 2197 illi
469 2157 518 2198 suo
539 2158 629 2197 rmore
649 2157 705 2196 non
724 2142 822 2211 pollui,
838 2144 887 2212 qui
940 2144 998 2194 ctus
1019 2142 1137 2197 Faustus
1161 2144 1192 2197 in
1203 2144 1317 2212 epistola
1332 2159 1401 2200 sua:
1422 2147 1548 2203 Perdidit
1560 2152 1680 2216 qratiam
1695 2165 1765 2206 con-

62 2236 342 2302 consensanprastor
355 2235 482 2287 arctati?
496 2231 594 2286 Procul
605 2231 688 2286 dubio
703 2235 798 2286 contra
811 2247 887 2286 man·
940 2231 1048 2296 senari,
1063 2232 1112 2299 qui
1124 2231 1214 2286 adhuc
1232 2233 1292 2287 uult
1304 2235 1424 2304 officium
1438 2251 1560 2293 eaercere
1577 2240 1681 2294 mariti.
1694 2241 1763 2298 Item

61 2320 131 2375 data
152 2322 303 2392 committit,
325 2325 351 2375 ct
371 2322 420 2391 qui
434 2321 514 2376 habet
534 2326 672 2391 peccatum
687 2323 843 2391 proprium,
861 2325 887 2376 ct
941 2317 1096 2387 pradictus
1113 2333 1185 2389 papa
1206 2321 1310 2377 ilerum
1326 2321 1450 2380 inferius
1468 2323 1558 2381 dicit:
1576 2327 1663 2382 Valde
1676 2334 1765 2384 metuo

61 2412 112 2479 qui
147 2413 270 2480 sequitur
302 2411 436 2466 alienum.
476 2411 618 2466 incassum
648 2412 752 2466 resistit
788 2410 886 2466 auidus
941 2411 1152 2465 ctcontrcmisco
1166 2410 1244 2465 illam
1262 2411 1475 2478 damnationem,
1498 2431 1580 2486 quom
1594 2418 1656 2472 Heli
1670 2433 1766 2474 sacer-

60 2497 205 2575 {oaimus],
217 2500 374 2570 cupiditati,
390 2503 415 2555 si
432 2516 487 2555 non
501 2503 603 2556 resistit
622 2506 647 2556 ct
661 2502 761 2556 timori.
941 2495 988 2550 dos
1007 2501 1121 2567 propter
1146 2499 1260 2553 stultam
1281 2499 1482 2569 indulpentiam
1504 2507 1624 2574 accipere
1645 2509 1764 2576 meruit;

99 2588 176 2659 ltem,
191 2588 222 2646 in
233 2588 291 2645 alia
301 2589 433 2661 epistola,
447 2602 532 2661 quam
558 2589 731 2660 preshyteris
744 2593 773 2646 et
784 2589 888 2646 diaco-
941 2586 1107 2657 quipiam,
1124 2587 1198 2656 quod
1220 2589 1291 2658 ilios
1305 2604 1368 2645 suos
1384 2591 1478 2646 nonu
1496 2595 1652 2662 cmdpaoit,
1675 2600 1701 2651 ct
1723 2610 1766 2652 eos

63 2679 150 2736 nibus
163 2684 193 2736 et
206 2678 443 2736 archimandritis
464 2678 624 2749 celesyria
640 2679 760 2750 direxit,
772 2679 808 2735 de
825 2677 888 2734 cle-
940 2689 989 2730 nec
1003 2675 1103 2730 cadem
1128 2691 1177 2731 nec
1200 2680 1431 2734 cacommunicarc
1444 2681 1579 2745 calcant,
1601 2685 1695 2753 stipsi
1714 2686 1767 2755 titii

62 2768 133 2824 ricis
160 2769 190 2823 in
220 2767 364 2825 adulterio
389 2767 585 2839 deprehensis,
623 2768 664 2824 ita
701 2768 791 2823 dicit:
821 2769 887 2823 Ecce
940 2762 1402 2835 cnodacautsunr,atnqimo
1421 2769 1555 2825 miltiade
1564 2773 1768 2842 populointer-

60 2860 283 2927 amnitestissime
303 2861 418 2922 constat,
437 2859 504 2929 quia
522 2858 670 2912 secundum
689 2858 762 2928 quod
776 2864 802 2913 ct
813 2858 888 2913 tituli
940 2853 1012 2920 secta
1031 2860 1107 2917 sunt,
1120 2859 1146 2909 ct
1166 2855 1243 2910 Arca
1268 2859 1421 2912 testamenti
1436 2858 1473 2913 ad
1486 2862 1670 2930 captiuitatem
1684 2862 1768 2919 ducta

60 2949 239 3017 antiquorum
256 2949 370 3003 Petrum
384 2964 402 3002 a
416 2949 448 3003 S.
476 2949 580 3002 loannc
591 2962 667 3018 papa
682 2949 846 3019 transmissi,
863 2953 888 3003 ct
940 2944 990 3004 cst,
1013 2943 1110 3011 etipse
1129 2944 1327 3007 retrocedens,
1346 2948 1446 3012 fractis
1472 2949 1621 3005 ceruicibus
1643 2956 1768 3009 mortuus

61 3042 242 3094 trecentorum
266 3043 291 3093 ct
305 3037 450 3093 octodecim
471 3039 656 3108 episcoporum
678 3038 823 3100 sententia,
840 3037 888 3092 sed
902 3022 926 3085 C
941 3033 990 3091 til,
1017 3034 1043 3084 el
1069 3045 1165 3084 nemen
1184 3032 1273 3101 ipsius
1296 3032 1329 3086 dc
1354 3033 1423 3087 libro
1442 3036 1505 3090 uita
1529 3036 1646 3093 deletum
1667 3045 1716 3095 cst.
1732 3044 1768 3097 dt

62 3131 88 3182 er
110 3141 225 3182 mmm
257 3126 395 3183 naamani
424 3127 720 3190 connumeramur,
745 3127 888 3181 casimiri
941 3122 1050 3173 econtra
1068 3119 1181 3174 Phineus
1203 3120 1258 3173 zelo
1283 3121 1333 3175 lici
1352 3123 1508 3185 commotus,
1535 3123 1603 3180 duos
1628 3127 1767 3183 adulteros
1820 3144 1824 3149 ¹

60 3216 199 3271 adulterio
223 3215 393 3287 depromi,
422 3222 448 3271 et
473 3221 523 3271 aut
543 3217 597 3286 ipsi
624 3217 749 3287 confessi,
774 3221 824 3272 aar
853 3216 888 3271 ab
938 3208 1205 3276 paritcrintertcctt,
1220 3211 1343 3263 ettotam
1361 3210 1495 3278 populum
1510 3213 1570 3275 lici,
1587 3214 1636 3267 liei
1649 3215 1768 3269 iracun-

61 3306 128 3362 aliis
147 3307 251 3378 reond,
274 3305 313 3360 ad
335 3305 462 3361 ionmem
483 3305 574 3360 redire
599 3320 654 3361 non
672 3309 800 3375 possunt,
818 3309 843 3360 er
863 3307 889 3360 ss
942 3294 991 3350 dio
1010 3296 1144 3351 liberauit.
1171 3297 1226 3352 Nec
1240 3295 1294 3353 hoc
1307 3295 1371 3354 ideo
1393 3297 1478 3370 dicit,
1495 3300 1768 3373 utsimilessuprs-

62 3396 112 3466 qui
125 3400 201 3458 suast,
212 3395 310 3465 quibus
324 3396 512 3465 suprascripta
526 3398 682 3450 sanctorum
690 3396 804 3450 Patrium
815 3409 887 3451 seve-
941 3384 1030 3443 dictis
1041 3385 1171 3455 torporis
1193 3389 1310 3442 mollem
1333 3387 1433 3443 melliti
1446 3385 1577 3459 debltam,
1592 3389 1639 3446 Sed
1651 3393 1768 3448 caveant

61 3487 134 3542 nias
155 3485 266 3540 nisime
277 3485 376 3554 placet,
396 3486 486 3539 sciard
507 3499 536 3539 se
561 3499 653 3539 eorum
671 3487 820 3540 sententias
840 3499 896 3559 re·¹
942 3488 978 3532 nc
990 3481 1053 3546 post
1071 3474 1201 3546 corporis
1216 3480 1334 3532 mortem
1346 3475 1381 3532 ad
1396 3476 1541 3547 supplicia
1555 3479 1729 3549 perveniant

60 3573 229 3645 prohaederc
239 3574 282 3629 uel
297 3572 492 3629 condemnare:
508 3588 569 3629 cum
583 3574 797 3641 hocsaccrenon
810 3575 889 3630 sitin
1174 3565 1226 3620 LV«
1249 3594 1284 3604 -
1308 3564 1336 3620 S·
1369 3564 1531 3622 JOANNES·

63 3664 102 3718 cis
115 3663 324 3729 misericordior
348 3662 396 3717 scd
409 3667 448 3718 est
466 3664 521 3718 ista
536 3663 817 3731 heniqnitasjustiltae
830 3664 890 3718 ini·
1198 3650 1289 3724 (Anno
1317 3653 1419 3709 Christi
1443 3651 1518 3728 523.)

62 3753 145 3814 mica,
168 3750 292 3806 videlicet
306 3752 463 3807 criminosos
482 3751 608 3822 palpare,
624 3756 649 3807 et
671 3752 785 3807 vulnera
799 3767 890 3807 corum
982 3744 1114 3813 loannes,
1131 3741 1248 3799 nationi
1267 3742 1388 3814 Tuscus,
1412 3755 1447 3799 01
1471 3750 1551 3814 phire
1568 3745 1766 3821 Constantino,

64 3855 150 3910 usquc
167 3841 198 3894 in
226 3840 297 3895 diem
323 3840 427 3909 judicii
453 3843 581 3895 incurata
604 3855 720 3895 seruarc.
751 3840 782 3895 Si
800 3845 891 3896 autem
945 3832 1020 3890 sedit
1038 3844 1128 3888 annos
1142 3831 1225 3901 duos,
1241 3844 1351 3888 menses
1374 3836 1448 3902 octo,
1470 3832 1533 3889 dies
1553 3834 1686 3892 sedecim.
1702 3837 1769 3895 Fuit

63 3943 106 3984 ecs
133 3928 310 3984 durissimam
325 3930 515 3999 penitentiam
533 3929 693 3999 perplures
709 3944 796 3984 annos
812 3944 892 3997 apae
944 3928 1039 3978 auum
1053 3919 1230 3991 temporibus
1244 3921 1413 3978 Theoderici
1425 3923 1501 3996 regis
1515 3929 1544 3980 et
1554 3924 1662 3980 tustini
1675 3925 1771 3999 liugua-

62 4017 197 4081 suicmus,
211 4019 280 4089 ipsis
299 4023 325 4074 er
342 4019 532 4073 salariensem
546 4019 694 4082 comeare,
714 4024 740 4073 er
759 4034 892 4074 namnum
946 4010 984 4066 sti
1000 4009 1147 4065 catholici.
1161 4009 1416 4066 ordinauitautem
1431 4013 1581 4082 episcopos
1592 4013 1768 4084 quindecim.

63 4111 169 4163 statuta
190 4106 315 4162 debeam
329 4122 447 4162 seruarc.
473 4107 539 4163 Cum
559 4123 621 4162 uero
634 4109 665 4163 in
682 4108 821 4176 aliquibus
835 4123 893 4163 nec·
947 4099 997 4154 Ηῑῦ
1013 4110 1064 4168 pro
1075 4097 1215 4169 lelltlfflle
1228 4099 1382 4169 fflihOlissllr
1395 4105 1424 4155 θῑ
1437 4114 1488 4170 pro
1500 4101 1670 4158 Th00d⁰ll⁰l
1683 4117 1770 4162 causa

64 4197 244 4267 compunctio,
259 4211 308 4252 nec
328 4197 479 4269 humilitas,
500 4213 548 4252 nec
564 4197 664 4251 mandi
683 4212 731 4251 nec
739 4196 894 4267 plangendi
947 4186 1770 4266 negotiiConstantinopolimvenit3uhi,tustinohugusto

64 4287 201 4342 antonio
211 4290 373 4357 appareant,
386 4301 531 4357 poscumus
544 4301 699 4356 conoscere,
714 4288 739 4341 si
752 4287 790 4341 od
804 4287 894 4340 nono-
947 4275 1335 4347 patrocinante-triennum
1348 4275 1484 4333 ecclesias
1496 4278 1655 4337 catholicas
1666 4295 1770 4338 consc-

63 4392 123 4432 rcm
143 4354 293 4447 pristinum
315 4377 457 4440 redierint,
479 4393 539 4432 cum
561 4381 667 4446 quanta
682 4377 847 4445 neptiqentia
867 4380 932 4458 “D
947 4367 1046 4423 cravit.
1064 4368 1121 4423 llos
1141 4363 1263 4421 audiens
1287 4363 1494 4437 Theodericus,
1515 4369 1652 4437 quoniam
1668 4373 1696 4424 et
1709 4370 1770 4439 ipsc

62 4466 180 4521 imma
207 4467 307 4521 animae
339 4468 484 4522 nemean
509 4470 707 4537 pimeniam:
744 4466 891 4530 cretenses,
947 4461 1009 4513 erat
1033 4455 1194 4525 haereticus,
1223 4451 1320 4510 lurore
1344 4464 1492 4526 accensus,
1522 4467 1633 4512 ornnem
1657 4457 1768 4513 ltaliam

63 4555 142 4627 qnos
151 4557 191 4611 sic
204 4558 243 4612 en
256 4571 312 4612 mm
334 4560 396 4611 acra
410 4556 492 4625 diqm
512 4556 674 4626 merentia
688 4555 794 4611 denisii
809 4559 892 4621 psus,
948 4545 1044 4618 gladio
1053 4550 1081 4601 et
1096 4544 1161 4614 igne
1175 4542 1292 4613 perdere
1301 4541 1452 4614 estuabat,
1466 4546 1582 4613 propter
1596 4544 1769 4603 islanorum

63 4645 200 4716 quorsom
219 4645 370 4702 sacerdotes
394 4646 544 4701 indulsisse
564 4645 702 4700 casaur,
721 4646 798 4716 ,Vere
821 4645 893 4712 dico,
947 4634 1227 4703 ecclesiasqnarum
1241 4631 1365 4689 inltalia
1379 4630 1669 4704 multaeeran13quas
1683 4634 1771 4692 etiam

63 4737 135 4806 quia
152 4735 196 4790 illi
209 4736 275 4805 ipsi,
290 4736 451 4804 quibuscum
469 4735 625 4805 periculosa
645 4739 671 4788 ct
689 4735 763 4801 faho
783 4737 894 4791 mesela.
947 4723 1104 4780 catholicas
1129 4733 1335 4792 usquequaque
1364 4721 1527 4778 consecrari
1557 4723 1679 4780 loannes
1699 4722 1776 4817 papa

63 4823 162 4882 cordia
181 4823 326 4892 indulqere
342 4824 477 4886 eidemin
499 4839 561 4879 cun
577 4822 778 4878 matritensi
793 4823 895 4880 cineri·
949 4817 1136 4884 preceperat,
1160 4813 1189 4865 et
1210 4809 1284 4866 duos
1309 4809 1388 4867 uiros
1415 4810 1530 4868 exsules
1556 4815 1585 4869 ct
1601 4813 1769 4890 catholicos,

61 4929 118 4984 pro
133 4914 217 4967 tantis
235 4915 357 4982 peccatis
377 4913 530 4967 damnandi
550 4912 721 4975 advenerint,
739 4916 834 4968 contro
845 4928 894 4969 nos
947 4900 1147 4973 Symmachum
1160 4904 1188 4955 tl
1210 4897 1350 4970 Rutilium,
1365 4904 1431 4955 tute
1446 4900 1569 4957 reditum
1586 4915 1665 4973 pupae
1677 4907 1772 4963 tenuit

65 5005 141 5073 ipsos
160 5017 257 5056 causas
280 5001 383 5056 dicturi
403 5006 478 5065 sunt,
501 5001 630 5064 dicentes,
653 5000 736 5070 quod,
758 5001 823 5056 dum
846 5007 895 5058 aar
949 4997 977 5049 el
996 4986 1262 5059 interlocutorum
1287 4991 1382 5044 autem
1396 4989 1560 5058 pontificem
1579 5005 1724 5052 reversum
1740 4996 1770 5051 in

64 5091 243 5162 asperitatem
255 5091 357 5159 linqua
371 5107 463 5147 eorum
475 5092 644 5161 expavimus,
661 5093 710 5143 out
720 5091 797 5158 salsa
812 5091 896 5146 blan·
948 5078 1080 5139 custodia
1093 5079 1231 5134 Rtiellssae
1246 5075 1385 5148 detinuit,
1400 5077 1768 5154 iurandumiurandumr,

64 5181 190 5238 danem
215 5184 240 5235 et
266 5180 435 5251 periculosas
462 5180 636 5235 adulationes
660 5194 753 5235 eornm
779 5181 894 5238 tinenpr
949 5171 1061 5228 undem
1069 5167 1223 5225 defunctas
1233 5171 1277 5223 est
1286 5179 1323 5222 nu
1337 5166 1455 5224 Kalend.
1466 5169 1771 5229 tannariisednann-

64 5270 227 5341 accipimus,
241 5285 289 5325 nos
301 5284 355 5334 coe,
369 5270 434 5325 dum
448 5270 505 5324 illis
519 5269 655 5325 inutiliter
676 5270 849 5338 induiqemus
863 5274 893 5327 in
947 5262 1056 5337 cesino
1071 5265 1099 5316 et
1117 5262 1215 5314 octavo
1226 5257 1275 5314 die
1289 5261 1352 5327 post
1368 5259 1522 5317 transitum
1536 5259 1664 5331 predicti
1680 5270 1768 5330 papa,

63 5360 184 5432 pcccatis
204 5374 375 5429 permanere,
400 5364 448 5414 out
472 5360 533 5430 ipsa
554 5363 666 5430 peccata
687 5361 770 5414 etiam
794 5376 894 5430 auqere
947 5353 1052 5423 etipse
1067 5346 1767 5419 rexhaereticusdivinitatisiulminepercussus,

62 5451 281 5520 pcrmhaimm,
304 5463 360 5504 non
371 5449 544 5505 recordantes
558 5449 641 5513 illud,
663 5448 779 5518 quodin
802 5451 893 5508 Veteri
948 5443 1045 5503 subito
1056 5444 1144 5498 morte
1158 5435 1333 5497 sualtalism
1354 5437 1497 5495 liberarit.

61 5538 240 5611 ,testamento
259 5539 393 5608 sciptum
406 5542 462 5595 est:
484 5541 561 5611 qicia,
577 5554 633 5594 uno
646 5543 787 5611 peccante,
802 5545 899 5600 ronna
982 5533 1035 5590 llic
1057 5530 1200 5588 zacharia
1223 5527 1360 5600 episcopo
1383 5524 1533 5599 epistolam
1553 5522 1718 5598 destinavit,
1738 5525 1767 5584 ln
