3876 6090
128 109 183 172 563
745 115 924 175 ANASTASiI
946 113 1218 173 affluovnecann
1787 111 1844 172 564

129 243 242 302 Etenim
270 257 383 301 carnem
401 244 542 302 Dominus
563 257 657 302 reram
684 246 811 317 suscepit
833 242 1077 302 erinae-Avitii
1101 245 1189 301 traxit
1209 259 1243 301 ex
1273 244 1506 316 praevaricatione
1530 242 1617 315 primi
1643 240 1785 299 hominis.
1812 242 1843 298 lu

131 325 275 390 merataet
290 332 370 391 beata
384 335 502 407 Virgine
523 334 572 390 lici
590 335 738 407 genitrice,
766 334 959 391 consubstan-
1015 334 1097 391 nohis
1115 335 1202 405 enim,
1228 347 1283 390 non
1304 334 1333 391 in
1350 348 1394 406 co,
1421 337 1571 404 coaptatur
1595 331 1670 404 quod
1700 329 1843 402 scriptum

132 421 214 480 tiaris
226 421 310 479 nobis
323 422 449 479 eiieotns.
462 425 535 496 Ergo
545 423 768 480 similitudinem
784 424 880 480 carnis
891 437 960 494 peo-
1013 429 1073 480 est:
1088 424 1148 479 Scio
1161 427 1231 479 enim
1241 426 1308 495 puio
1322 441 1377 479 nort
1391 425 1498 479 itobr'tot
1510 426 1539 477 in
1558 438 1609 486 me,
1621 422 1652 476 id
1664 427 1707 477 est
1717 423 1747 476 t'n
1763 437 1844 476 corne

132 510 189 570 cati
212 517 328 569 sanctus
352 512 425 568 dicit
439 513 602 584 Apostolus,
627 527 712 585 quam
727 514 851 570 similem
876 512 959 569 nohis
1013 529 1082 578 meo,
1108 515 1205 568 tortum
1221 512 1304 585 (liom.
1329 528 1380 577 vn,
1405 509 1456 586 i8).
1481 514 1516 568 Et
1538 512 1643 567 iterum
1661 529 1669 564 ε
1690 511 1752 566 Νοη
1773 510 1845 580 quod

134 600 333 672 peccatoribus
348 602 410 658 sino
426 608 539 672 peccato
550 617 614 658 curn
625 603 721 659 anima
741 603 874 660 rationali
891 618 959 659 sus·
1013 604 1072 657 volo
1088 603 1185 657 bonum
1199 604 1327 671 occupor
1342 603 1390 658 sed
1402 603 1476 672 quod
1490 601 1675 663 noiomolum,
1693 599 1742 654 icoc
1760 601 1843 667 focio.

134 689 229 761 cepit,
249 694 277 746 et
297 689 405 746 idcirco
430 705 514 747 unam
530 691 704 748 voluntatem
724 692 880 748 secundum
904 692 961 762 pri·
1014 693 1044 747 Si
1064 697 1154 748 autem
1170 692 1247 758 erod
1265 694 1326 747 noio
1340 693 1443 747 molum
1459 691 1531 745 illud
1546 691 1630 759 facio,
1653 704 1709 744 non
1721 688 1786 758 jorn
1800 704 1845 757 epo

135 792 209 835 mam
225 777 423 835 formationem
437 780 503 836 Ade
517 781 674 837 naturalem
691 781 881 838 humanitatis
902 794 960 837 sue
1014 797 1108 852 operor
1121 783 1202 849 illud,
1216 783 1264 836 sed
1274 782 1346 852 quod
1360 781 1466 835 habitat
1490 783 1519 835 in
1539 795 1581 834 me
1596 781 1741 849 peceatum
1752 776 1845 849 (ibid,

134 868 274 926 maninus
284 872 379 925 noster
387 870 468 925 lesus
481 869 614 926 Christus
629 870 731 927 hahere
746 871 882 943 dignatus
896 874 955 926 est:
1017 869 1061 943 le,
1086 868 1138 944 30).
1161 872 1195 926 Et
1217 877 1280 942 post
1305 871 1364 927 inec
1382 889 1388 924 :
1409 871 1493 925 Video
1517 871 1589 924 enim
1612 869 1699 922 oiiom
1715 867 1799 936 tepent
1818 870 1846 922 in

136 971 193 1015 non
207 958 280 1014 duas
294 959 463 1024 contrarias,
479 959 715 1030 quemadmodum
732 974 806 1017 nuno
834 974 885 1016 nos
906 960 962 1015 lia-
1015 960 1140 1016 membris
1153 962 1218 1015 meis
1238 965 1434 1030 repugnantem
1449 959 1502 1027 lepi
1520 959 1617 1013 menas
1629 973 1704 1028 mee,
1725 961 1752 1012 et
1766 960 1848 1028 rapti·

136 1046 202 1103 hero
214 1047 421 1119 dignoscimur,
434 1047 484 1118 qui
495 1048 530 1104 de
541 1052 654 1119 peccato
663 1049 840 1106 sumusAde
850 1049 959 1121 geniti:
1016 1054 1123 1105 pontem
1139 1066 1179 1104 mc
1196 1052 1225 1104 in
1243 1051 1298 1117 lepe
1318 1050 1433 1120 peccori,
1458 1064 1518 1118 poe
1532 1052 1572 1103 est
1587 1050 1617 1102 in
1635 1046 1765 1101 membris
1784 1049 1847 1101 mes

137 1135 283 1208 quoniam,
297 1135 498 1206 corruptibilis
519 1151 568 1208 per
585 1138 838 1210 transgressionem
852 1137 962 1208 primus
1017 1138 1106 1211 (able,
1119 1135 1173 1211 23).
1191 1139 1262 1194 ilinc
1280 1152 1347 1211 ergo
1368 1139 1411 1194 ine
1425 1138 1489 1194 due
1510 1137 1662 1193 contrarie
1682 1135 1848 1194 voluntates

137 1222 362 1295 immodestus,
385 1230 413 1281 et
434 1225 559 1283 Creatori
581 1242 633 1285 suo
658 1228 742 1284 subdi
767 1235 961 1298 contemnens,
1019 1228 1164 1284 mentiset
1180 1226 1286 1299 carnis,
1302 1240 1373 1299 quas
1400 1226 1554 1297 Apostolus
1580 1226 1673 1297 docet,
1696 1225 1727 1281 in
1751 1229 1848 1282 nostro

136 1313 227 1370 sensit
236 1326 359 1386 carnem,
372 1328 435 1386 qne
448 1317 529 1386 prius
544 1324 605 1373 erat
620 1317 677 1372 sibi
705 1317 843 1389 subjecta,
868 1315 965 1372 niiril-
1019 1331 1198 1389 nequaquam
1209 1316 1353 1373 salvatore
1368 1315 1495 1384 luerunt,
1509 1328 1542 1372 eo
1553 1315 1628 1387 quod
1643 1313 1692 1371 iric
1710 1315 1850 1371 luctami-

137 1402 253 1459 ominus
268 1409 482 1476 repugnantem,
510 1411 538 1462 et
553 1413 667 1477 peceato
685 1420 738 1463 sno
762 1412 852 1463 totum
875 1420 964 1479 genus
1019 1407 1066 1464 nis
1079 1406 1216 1464 stimulus
1225 1421 1260 1462 en
1273 1406 1506 1477 prevaricatione
1522 1404 1694 1476 protoplasti
1722 1404 1849 1477 sumpsit

138 1489 294 1548 humanum
314 1490 381 1548 iecit
407 1493 573 1566 obnoxium,
594 1496 671 1552 sicut
691 1496 765 1552 dicit
784 1495 962 1566 Apostolus:
1022 1496 1168 1553 initium:
1198 1497 1333 1568 quoniam
1358 1509 1374 1552 a
1398 1496 1584 1566 liedemptorc
1617 1499 1716 1552 nostro
1748 1499 1849 1551 natura

136 1581 269 1648 &mouit
279 1597 351 1636 mors
363 1583 398 1636 ab
418 1582 510 1638 Adoro
530 1601 615 1655 usque
629 1586 667 1641 od
680 1587 809 1654 Alopscrn,
830 1586 911 1639 etiam
934 1586 964 1638 in
978 1568 1006 1631 Β
1021 1594 1152 1657 suscepta
1167 1592 1219 1655 est,
1237 1600 1292 1642 non
1306 1584 1440 1641 criminis
1451 1584 1544 1656 culpa.
1565 1583 1618 1641 Sed
1636 1597 1672 1640 ne
1691 1583 1761 1656 quis
1776 1597 1851 1641 non-

137 1671 302 1739 eoapto'non
314 1676 493 1740 peccaverunt
516 1674 546 1727 in
568 1674 776 1729 similitudinem
792 1674 965 1744 praevarico-
1020 1689 1167 1747 nunquam
1179 1673 1850 1747 minusintelligensveprehendat,quamobrem

136 1759 219 1813 donis
230 1757 302 1814 Acie
319 1758 401 1830 (Rom.
415 1775 442 1831 v,
460 1758 511 1834 ll).
533 1762 722 1836 Quapropter,
735 1768 763 1818 et
778 1776 830 1818 nos
852 1761 902 1834 qui
916 1775 966 1832 per
1020 1767 1055 1822 de
1070 1765 1193 1821 humana
1208 1767 1319 1820 tantum
1345 1769 1458 1835 natura,
1478 1768 1506 1820 et
1525 1775 1581 1819 non
1599 1762 1687 1818 etiam
1701 1762 1739 1818 de
1752 1762 1851 1818 divina

140 1846 400 1918 prevaricationem
412 1853 440 1905 et
455 1857 599 1921 peccatum
614 1851 696 1908 illius
711 1851 867 1924 nascimur,
892 1851 965 1907 duas
1023 1858 1123 1911 natura
1137 1855 1237 1911 docere
1263 1853 1373 1909 sciatur
1390 1853 1515 1909 :etenim
1534 1851 1668 1909 Christus
1691 1851 1723 1908 in
1740 1851 1851 1909 duabus

144 1936 306 1993 contrarias
318 1936 421 1994 habere
433 1939 594 1996 voluntates
603 1941 802 2015 dignoscimur
816 1959 822 1995 ε
836 1940 909 1996 duas
919 1953 967 1995 au·
1022 1944 1135 2000 naturis
1145 1943 1175 2000 in
1186 1957 1241 2000 una
1255 1956 1375 2014 persona
1389 1943 1481 1999 unitis
1496 1941 1692 2015 cognoscitur,
1700 1942 1849 2012 adoratur,

139 2030 195 2082 tem
220 2025 296 2098 dico,
318 2026 423 2084 mentis
450 2033 478 2084 et
509 2031 605 2087 carnis
638 2032 759 2087 invicem
782 2029 967 2101 reluctantes,
1022 2032 1294 2089 etcoliturlieuset
1315 2029 1562 2101 nomoperiectus.
1582 2030 1671 2087 Debet
1692 2031 1745 2102 qui
1768 2043 1852 2101 super

140 2114 217 2172 sicut
237 2115 310 2171 idem
335 2116 436 2174 beatus
450 2118 532 2175 docet
557 2119 732 2190 Apostolus:
750 2121 818 2175 coro
844 2121 968 2190 concupi·
1023 2123 1076 2177 hoo
1086 2121 1207 2194 ambigit
1219 2121 1303 2192 scire,
1316 2121 1451 2191 quoniam
1462 2121 1496 2177 ad
1511 2120 1564 2176 iroc
1580 2118 1654 2177 iacta
1666 2124 1711 2176 est
1732 2132 1854 2191 respon-

139 2206 192 2259 sct't
210 2205 342 2260 adversus
361 2208 497 2276 spiritum,
514 2211 665 2279 casparour
688 2210 819 2264 adversus
847 2225 966 2263 corncrn.
1023 2211 1067 2266 sio
1081 2210 1184 2279 anjam
1204 2211 1275 2266 dicti
1292 2209 1463 2281 patriarchae
1490 2208 1757 2281 interrogationem.
1775 2209 1853 2265 Pre-

139 2294 203 2348 Hec
223 2298 314 2348 cotom
336 2296 450 2350 invicem
469 2297 661 2363 adversantur,
677 2302 708 2352 ut
729 2314 783 2352 non
803 2312 968 2368 quecunque
1024 2307 1100 2358 terea
1111 2305 1139 2356 et
1149 2299 1203 2356 hoo
1216 2300 1278 2356 ileri
1294 2299 1376 2369 solet,
1394 2302 1425 2356 ut
1449 2298 1561 2354 scilieet
1587 2298 1636 2354 ubi
1663 2302 1709 2354 est
1735 2298 1851 2370 vuinus,

141 2383 235 2444 vultis,
251 2383 301 2436 illo
315 2386 427 2450 sociatis
440 2382 509 2455 (Gal.
534 2401 561 2454 v,
578 2380 628 2456 iii.
645 2388 680 2443 Et
692 2388 745 2444 hoc
768 2402 851 2445 omne
863 2387 969 2444 huma-
1025 2390 1066 2446 ibi
1092 2389 1263 2446 medicinale
1282 2392 1414 2445 occurrat
1436 2387 1588 2445 auxilium.
1609 2389 1679 2443 Nam
1705 2392 1734 2443 et
1754 2385 1854 2443 beatus

118 2506 121 2512 -
142 2485 211 2527 num
224 2471 335 2542 patitur
348 2486 438 2544 genus
459 2473 513 2529 sub
529 2479 643 2544 peccato
664 2476 864 2549 constitutum,
893 2491 969 2548 quo
1022 2478 1176 2552 Apostolus
1187 2479 1240 2534 hoc
1251 2493 1324 2549 sepe
1335 2477 1638 2549 iecissedignoscitur,
1651 2490 1681 2533 se
1694 2477 1852 2533 secundum

143 2559 220 2616 niam
234 2572 316 2615 nemo
328 2564 372 2615 est
391 2562 515 2618 mundus
530 2564 565 2619 ab
581 2565 635 2621 inoc
657 2571 770 2636 peccato
797 2566 969 2637 prevarioa-
1024 2568 1190 2626 auditorum
1205 2568 1442 2624 consuetudinem
1454 2579 1637 2637 preparans3
1653 2570 1681 2622 et
1695 2565 1852 2639 aliquando

144 2648 243 2720 tionis,
255 2650 503 2717 nccinsuns,sicnt
514 2653 655 2724 scriptum
671 2660 723 2726 est,
735 2656 814 2724 crpus
829 2661 868 2710 cst
886 2659 969 2711 unius
1024 2657 1139 2729 quidem
1155 2658 1190 2712 de
1203 2670 1335 2729 suprema
1349 2662 1451 2712 natura
1462 2656 1577 2725 docens,
1599 2654 1635 2710 de
1654 2655 1781 2710 humana
1804 2667 1855 2724 pe-

143 2736 198 2792 dico·
221 2740 278 2792 vito
298 2755 380 2810 super
406 2745 506 2795 terram
532 2739 589 2814 (iob
615 2758 674 2807 nav,
698 2742 725 2807 l,
750 2763 801 2800 sce.
827 2745 914 2818 lilii.
936 2748 970 2802 Et
1025 2746 1104 2802 nitus
1119 2750 1210 2801 tacet:
1227 2744 1384 2816 aliquando
1405 2757 1470 2800 vero
1482 2743 1517 2799 de
1546 2742 1672 2799 humana
1699 2743 1854 2814 dispensa-

144 2827 382 2897 qnemadmodum
393 2829 520 2901 Spiritus
533 2838 649 2890 sanctus
662 2849 712 2905 per
720 2835 809 2892 David
823 2835 865 2890 ait
881 2853 887 2890 :
904 2836 970 2890 Ecce
1024 2835 1275 2906 tionedisputans,
1292 2834 1458 2905 mysterium
1469 2832 1635 2889 divinitatis
1647 2833 1713 2902 ejus
1727 2846 1786 2889 non
1796 2837 1852 2888 tan-
1890 2861 1936 2872 —

143 2916 215 2970 enim
237 2918 268 2971 in
295 2918 488 2988 iniquitatibus
511 2927 652 2994 conceptos
673 2939 744 2986 som,
766 2928 791 2978 ct
809 2926 840 2978 in
865 2923 970 2979 delictis
985 2905 1010 2967 C
1025 2925 1077 2998 git.
1085 2925 1198 2985 Etenim
1216 2924 1276 2994 ipse
1297 2922 1345 2979 irio
1360 2922 1476 2995 quidem
1490 2923 1526 2979 de
1548 2922 1649 2980 divina
1668 2927 1775 2979 natura
1789 2922 1848 2978 ait:

139 3007 247 3076 peperit
266 3023 307 3062 me
325 3013 411 3063 motet·
442 3026 501 3064 mea
522 3009 603 3083 (Psoi.
629 3027 654 3083 n,
670 3009 706 3086 7).
738 3013 814 3068 Sicut
845 3016 915 3068 onim
941 3016 971 3067 in
1027 3016 1325 3077 dicereenervetur,
1350 3015 1440 3069 cilici
1459 3014 1596 3084 sapientia
1614 3010 1640 3084 (l
1661 3011 1723 3067 Gor.
1753 3026 1776 3083 1,
1792 3007 1927 3083 alp...

144 3092 237 3149 Adam
251 3105 539 3167 omnespeccovcrunt,
559 3101 715 3157 secundum
731 3102 909 3173 Apostolum,
932 3105 972 3157 ito
1027 3103 1098 3161 alibi
1124 3108 1217 3159 autem
1241 3103 1276 3158 de
1299 3101 1496 3158 incarnatione
1518 3101 1581 3170 ejus
1605 3100 1646 3156 ita
1667 3099 1768 3157 dixit:
1782 3094 1930 3166 Queri

146 3184 178 3238 in
192 3183 298 3240 Christo
321 3202 411 3241 omncs
428 3189 657 3259 justificabuntur
680 3188 704 3262 (l
715 3191 774 3247 dor.
792 3207 839 3261 xv,
862 3189 916 3263 Ἠ),
939 3193 974 3246 Et
1027 3195 1140 3249 stultum
1158 3197 1197 3247 est
1215 3193 1273 3260 liei,
1300 3193 1450 3261 sapientius
1481 3194 1520 3245 cst
1541 3189 1757 3256 hominibus3et
1785 3181 1927 3259 quot-‘ai

149 3274 220 3328 siout
243 3291 295 3345 per
317 3292 402 3330 unum
419 3277 551 3334 hominem
566 3286 719 3350 peccatores
747 3284 888 3336 constricti
910 3286 975 3336 sunt
1028 3287 1165 3354 infimnum
1184 3282 1291 3342 estliet',
1321 3283 1421 3349 lortius
1446 3284 1485 3335 cst
1507 3279 1660 3334 hominibus
1684 3276 1779 3350 (itin,
1803 3275 1847 3348 25}
1898 3310 1921 3324 -

144 3364 244 3430 muiti3
260 3367 396 3435 itoctpcr
421 3382 506 3421 unum
529 3370 661 3424 lvornt'nem
682 3371 756 3438 justi
777 3373 975 3425 constituentur
1029 3369 1172 3443 Sapientia
1187 3372 1281 3425 autern
1301 3373 1329 3424 et
1357 3367 1494 3436 stultitia,
1519 3368 1613 3425 virius
1638 3372 1667 3424 ei
1689 3366 1845 3424 inormitas
1904 3398 1920 3428 π

145 3451 318 3523 muditliom.
330 3467 358 3523 v,
376 3452 426 3525 19).
438 3456 512 3526 Ergo
527 3470 603 3511 unus
628 3462 655 3512 et
676 3457 756 3513 solus
769 3465 812 3513 est
831 3459 894 3514 sine
908 3472 976 3528 poo-
1030 3460 1182 3519 contrarie
1203 3459 1364 3515 adinvicem
1388 3458 1497 3529 absque
1520 3449 1667 3514 dubietate
1701 3461 1893 3529 ponuntur-
1912 3486 1919 3499 ·

148 3545 211 3597 cato
225 3541 364 3597 mediator
378 3542 427 3597 Dei
441 3548 469 3598 et
481 3543 629 3600 hominum
643 3545 872 3603 homocinristus
883 3547 974 3619 lesus,
1029 3551 1139 3623 Ergone
1154 3548 1298 3605 contraria
1321 3548 1437 3605 sibimet
1452 3548 1534 3604 docet
1556 3546 1657 3603 beatus
1677 3547 1835 3618 Apostolus
1878 3535 1921 3588 Ῥ

149 3629 200 3701 qui
215 3629 245 3684 in
259 3630 381 3685 mortuis
396 3629 469 3686 liber
480 3640 673 3703 conceptuset
692 3639 838 3692 natusest.
865 3639 896 3692 ln
910 3637 976 3694 dis-
1030 3639 1108 3697 absit
1123 3639 1189 3695 :sed
1206 3637 1394 3694 audientibus
1412 3642 1500 3693 semet
1521 3636 1684 3709 configurat
1705 3637 1919 3708 sapienter-’2

151 3716 316 3788 pensatione
327 3717 424 3789 itaque
439 3726 543 3776 sancte
558 3722 655 3779 carnis
669 3726 811 3782 suednas
829 3740 976 3797 nunquam
1032 3729 1188 3787 secundum
1200 3728 1434 3800 tempusdocens,
1448 3732 1479 3783 ut
1490 3726 1608 3797 provida
1619 3726 1722 3783 nutrix
1735 3725 1865 3798 parvan
1888 3726 1920 3767 ⁵

151 3804 253 3862 habuit
267 3807 426 3864 contrarias
437 3809 610 3884 voluntates,
620 3827 671 3869 nec
686 3816 858 3888 repugnavit
872 3819 978 3875 volun·
1032 3819 1147 3891 quidem
1163 3818 1206 3875 lac
1222 3817 1360 3890 prebens,
1378 3815 1512 3887 perlectis
1533 3819 1628 3872 autern
1656 3815 1787 3873 solidum
1812 3814 1877 3872 tri
1904 3831 1919 3841 ·

150 3893 204 3951 tati
218 3895 321 3952 mentis
335 3897 538 3966 ejusroluntas
553 3902 649 3959 carnis
665 3904 767 3975 ipsius.
782 3908 879 3979 Neque
900 3909 976 3964 enim
1032 3909 1122 3967 buens
1136 3909 1242 3965 cibum.
1255 3907 1329 3978 Quid
1345 3921 1411 3979 ergo
1432 3911 1475 3962 est
1492 3906 1567 3978 qnod
1590 3904 1633 3962 ait
1654 3923 1661 3961 ι
1686 3905 1767 3972 Quod
1792 3906 1921 3976 infr*

152 3981 255 4039 habuit
276 3985 466 4059 quodcunque
490 3995 646 4060 peccatum,
664 3994 714 4065 qui
739 3995 817 4051 venit
830 3996 978 4054 dimittere
1031 4015 1104 4054 mum
1113 4003 1153 4054 est
1171 4000 1229 4069 liei,
1245 3999 1345 4066 fortius
1357 4002 1397 4051 cst
1417 3996 1592 4060 hominibusr
1615 3999 1643 4051 et
1655 3995 1732 4065 poco
1752 3995 1921 4051 stuliufl

152 4077 298 4143 peceatum
313 4075 423 4147 mundi,
438 4081 676 4148 quemadmodum
689 4084 787 4154 etipse
801 4084 896 4142 dixit:
914 4087 979 4152 Quis
1033 4091 1140 4150 cernet,
1153 4088 1304 4159 sapientius
1318 4091 1357 4141 cst
1369 4085 1550 4139 hominibus?
1568 4085 1625 4140 lioc
1640 4089 1732 4140 totum
1749 4083 1923 4154 capitu:

152 4176 187 4217 ca
208 4163 283 4219 uobis
305 4171 401 4232 crpuet
421 4182 462 4221 mc
481 4169 514 4223 cte
533 4175 644 4239 peccato
662 4169 769 4241 (locon.
783 4186 835 4243 vu,
859 4171 926 4248 iiiii
947 4177 981 4232 Et
1035 4177 1094 4234 lum
1107 4178 1142 4234 de
1154 4176 1368 4247 dispensatione
1380 4173 1611 4246 Christi,nonde
1623 4186 1751 4244 superna
1764 4170 1923 4230 natuei

153 4250 228 4309 alias
238 4253 335 4310 taliter
350 4254 391 4311 ait
406 4273 413 4309 z
434 4258 513 4312 Venit
521 4261 650 4329 peinceps
659 4262 756 4315 munda
769 4263 839 4331 epus,
854 4267 879 4318 ct
894 4266 924 4318 in
938 4272 1021 4335 mel)
1036 4267 1119 4324 iilius
1129 4267 1231 4323 docere
1250 4265 1364 4321 videtur
1380 4284 1386 4319 :
1403 4264 1500 4321 volens
1524 4262 1674 4321 ostendere
1697 4263 1769 4336 quia
1793 4260 1923 4319 litte)s

153 4343 258 4397 inuenit
280 4343 350 4397 ninii
370 4341 458 4414 (Jocn.
482 4360 541 4416 xvv,
566 4344 618 4419 30).
646 4348 725 4406 Unde
748 4351 880 4425 scientes,
903 4355 979 4426 quod
1036 4353 1363 4410 iromoiactusanimam
1390 4351 1492 4407 inabuit
1516 4356 1544 4407 et
1566 4363 1673 4421 corpus
1696 4347 1923 4408 humauufflr

155 4429 268 4487 nullum
296 4431 325 4488 in
349 4446 392 4503 eo,
419 4448 484 4490 cum
510 4441 674 4494 nasceretur
696 4446 725 4497 et
755 4450 979 4515 conversaretur,
1036 4444 1111 4516 quod
1132 4443 1254 4499 stultum
1269 4443 1373 4499 asserit
1385 4446 1414 4497 et
1429 4441 1586 4496 infirmum.
1616 4439 1768 4512 Sapientia
1792 4440 1838 4497 eni
1874 4435 1922 4480 ¹⁰

155 4524 230 4575 esset
241 4521 359 4577 omnino
369 4524 982 4595 peccatum‚dceenterdicimusetveraciter
1037 4534 1161 4590 humana
1175 4532 1281 4589 divine
1295 4531 1409 4604 collata,
1421 4530 1549 4588 stultitio
1564 4533 1625 4586 est:
1644 4527 1792 4587 tortitudo
1802 4524 1921 4584 veti

156 4607 335 4682 eonfitemur,
349 4625 435 4667 unam
450 4613 623 4673 voluntatem
637 4620 667 4676 in
680 4628 784 4678 sancte
804 4623 898 4694 ipsius
917 4624 983 4680 dis·
1037 4623 1134 4681 carnis
1148 4637 1212 4678 oum
1234 4622 1284 4678 liei
1307 4621 1415 4677 virtute
1441 4623 1615 4691 comparata,
1636 4617 1795 4676 intirmitas
1815 4607 1916 4674 §A

159 4698 336 4766 pausationis
365 4699 552 4777 humanitate,
581 4712 610 4763 et
644 4723 700 4767 non
722 4711 795 4768 duas
822 4714 983 4771 contrarias
1037 4713 1109 4784 Quia
1124 4711 1249 4784 proiecto
1271 4711 1385 4767 condita
1407 4709 1530 4765 bumana
1549 4708 1694 4781 sapientia
1715 4722 1783 4766 cum
1798 4705 1917 4765 com·

158 4785 264 4841 mentis
276 4792 305 4842 et
316 4791 413 4847 carnis
427 4794 625 4869 predicamus,
643 4798 798 4856 secundum
824 4801 898 4871 quod
913 4803 984 4873 qui·
1038 4802 1143 4859 ditrice
1157 4801 1298 4872 sapientia
1310 4805 1483 4870 comparata,
1498 4798 1625 4856 stultitia
1634 4802 1688 4855 est.

158 4872 224 4929 dam
249 4873 375 4934 haeretici
397 4880 475 4938 velut
496 4884 527 4939 in
547 4900 618 4955 puro
643 4887 758 4945 homine
781 4889 905 4946 delirare
929 4906 985 4949 no-
1075 4894 1167 4964 lgttur
1181 4894 1381 4948 connectentes
1392 4887 1724 4961 utraque,etci1ristum
1736 4888 1789 4945 Dei
1807 4884 1853 4944 vi
1867 4886 1907 4931 ¹·

160 4968 290 5020 mutili·
1040 4985 1130 5039 tutem
1142 4986 1170 5037 et
1182 4980 1233 5036 liei
1244 4979 1415 5051 sapientiam
1428 4978 1585 5035 secundum
1597 4977 1797 5050 divinitatem,
1816 4975 1902 5033 1¹²·

199 5053 359 5117 Secundum
385 5059 460 5118 nunc
480 5063 571 5135 igitur
594 5066 708 5123 modum
730 5068 788 5137 jam
814 5069 910 5126 dictus
933 5072 987 5128 de-
1041 5075 1135 5127 turam
1149 5069 1314 5125 divinitatis
1329 5062 1893 5138 ejuscondtemur:etsecundumeius

160 5165 257 5208 ocssor
267 5156 363 5207 noster
383 5154 589 5222 prenominato
609 5156 707 5229 Sergio
730 5158 899 5228 patriarche
919 5176 987 5232 per·
1041 5165 1145 5217 sancte
1159 5158 1516 5229 carnisdispensationem,
1529 5155 1605 5230 quod
1617 5157 1744 5214 stultum
1756 5137 1885 5228 etquoi

161 5240 288 5299 contenti
303 5240 455 5311 scripsisse
466 5243 647 5315 dignoscitur
669 5264 675 5300 :
699 5261 768 5318 quta
788 5248 817 5304 in
843 5249 987 5308 salvatore
1042 5249 1187 5306 inflrmum
1212 5255 1255 5305 est
1274 5249 1335 5311 Dei,
1358 5255 1488 5304 naturam
1518 5247 1713 5304 humanitatis
1733 5241 1878 5302 veraciter

162 5336 260 5387 nostro
270 5330 333 5386 duae
348 5330 509 5387 voluntates
521 5334 682 5404 contrarie,
708 5336 735 5393 id
756 5344 808 5409 cst,
840 5339 870 5396 in
895 5354 987 5396 mem-
1042 5339 1241 5413 predicamus,
1258 5338 1393 5408 quoniam
1408 5337 1460 5394 hoc
1472 5335 1618 5392 indrmum
1629 5336 1804 5406 etstultum,
1816 5328 1869 5387 iot*

164 5417 329 5490 brisipsins
345 5419 459 5491 penitus
480 5435 537 5478 non
554 5424 727 5490 consistunt,
749 5429 883 5499 quoniam
912 5429 987 5485 niinil
1043 5430 1103 5487 tius
1121 5434 1149 5485 et
1163 5426 1325 5497 sapientius
1339 5432 1382 5483 est
1403 5425 1537 5483 omnibus
1562 5425 1743 5482 hominibus.
1769 5423 1862 5482 omnes

1894 5628 1925 5867 i
