3876 6090
54 251 133 316 lotii
384 273 387 277 ’
548 257 697 318 amasim
715 256 842 316 wion.
863 253 909 316 bii
927 254 1044 315 braic.
1066 256 1094 313 B.
1116 255 1272 314 bantini.
1695 252 1767 318 iiae

56 388 93 440 nt
103 383 147 441 ait
156 382 308 458 Dominus,
325 401 387 456 que
397 387 577 458 impossibilia
589 393 654 444 snat
665 389 742 461 opud
754 387 884 450 beminen,
897 383 928 448 A
940 397 997 456 quo
1013 384 1137 457 populns
1151 386 1304 444 universus
1318 387 1368 459 qni
1384 391 1461 444 tuam
1478 393 1594 445 noverat
1615 386 1768 444 insanabi-

53 474 204 544 possibilr'u
222 478 287 530 suot
300 475 377 546 opud
391 477 475 531 ileum
491 475 560 546 (buc
574 491 658 550 xviri,
674 474 731 546 27).
941 472 995 529 lem
1011 475 1222 547 aegritudinem,
1236 476 1299 532 viso
1313 481 1341 532 ie
1355 475 1464 546 sospite
1480 477 1509 532 in
1527 477 1621 534 missae
1640 475 1766 532 celebra-

95 562 226 621 indiens
243 567 338 620 autern
358 563 432 620 idem
454 565 607 636 episcopus
625 566 712 638 quod,
732 569 795 637 post
809 564 885 622 beati
941 562 1029 636 tione,
1042 568 1070 620 et
1082 566 1170 621 Deum
1182 565 1333 639 gloriiicet,
1354 570 1382 623 ct
1396 564 1432 622 de
1444 571 1541 622 nostra
1561 563 1768 622 intercessione

56 650 177 708 biartini
190 650 226 708 ab
238 651 438 710 antisiodoro
450 655 651 716 reversionem.
667 655 727 712 sire
742 659 806 726 post
819 668 888 711 cor·
942 650 1108 709 fiducialius
1123 660 1284 724 prasumat.

58 739 442 814 poriseinsdepositionem,
454 742 490 799 ob
503 743 597 815 ipsius
608 744 709 802 merita
720 743 886 816 iongelate-
978 741 1029 797 liis
1041 742 1130 799 dictis
1148 744 1239 800 morbi
1256 743 1349 802 iocum
1365 742 1462 800 baculi
1478 741 1633 814 pastoralis
1647 739 1769 813 cuspide

58 843 115 902 que
136 829 311 901 propalanda
335 830 524 889 creberrimas
545 832 685 890 Dominus
703 833 738 889 ad
760 832 887 903 eirrsdem
942 827 1023 886 visus
1039 834 1081 886 est
1100 831 1240 904 tetigisse.
1253 833 1294 891 id
1311 834 1395 904 cuius
1411 836 1518 889 motum
1531 837 1560 887 et
1575 829 1651 887 visio
1665 829 1769 900 dispa-

57 917 223 975 renerabiie
241 917 406 989 sepulcrum
426 919 549 977 virtutes
569 921 682 992 operari
703 920 887 993 dignabatur,
943 918 1013 985 ruit,
1031 924 1059 974 et
1073 933 1191 977 somam
1207 921 1334 977 recessit.
1352 921 1501 977 Excitatus
1515 919 1668 990 episcopus
1682 929 1771 987 erpe-

57 1007 137 1078 qnod
150 1007 258 1077 spiritu
271 1005 329 1064 sibi
343 1008 495 1066 intimante
506 1010 665 1068 sentiscens
679 1010 842 1081 episcopus,
853 1008 888 1065 de
943 1007 1056 1064 rientiae
1070 1022 1156 1065 causa
1170 1008 1232 1066 loco
1245 1009 1374 1067 vulneris
1389 1023 1504 1067 manum
1518 1008 1647 1079 apponit.
1662 1006 1699 1062 it
1713 1005 1766 1061 mi·

58 1095 177 1153 iiartini
189 1094 327 1169 sniiragio
337 1109 415 1167 spem
425 1098 502 1155 velut
512 1104 610 1155 contra
621 1113 699 1170 spem
710 1098 885 1168 concipiens,
943 1096 1028 1152 nistri
1049 1098 1121 1169 eius,
1145 1098 1194 1169 qui
1217 1110 1304 1170 prope
1322 1097 1511 1160 excubabant.
1534 1097 1668 1152 timentes
1689 1099 1769 1151 tactu

57 1184 94 1241 ad
112 1185 207 1256 ipsum
223 1190 311 1257 totus,
327 1193 355 1242 et
370 1200 403 1242 es
419 1191 478 1244 toto
496 1188 582 1245 corde
600 1188 789 1258 convertitur,
810 1200 888 1259 prae-
942 1187 1119 1258 pruriginem
1136 1187 1262 1258 irritare,
1278 1187 1469 1259 prohibebant
1482 1200 1556 1244 eum.
1573 1183 1766 1255 Quibusiliet

58 1287 177 1331 sumens
194 1288 244 1345 pcr
258 1288 322 1331 eum
339 1289 421 1345 posse
444 1276 504 1333 lieri
525 1278 600 1348 quod
623 1292 671 1334 ars
690 1278 814 1334 bumana
830 1289 886 1333 non
940 1275 1045 1343 Nolite,
1068 1275 1174 1348 inquit,
1193 1277 1304 1334 timere.
1323 1278 1451 1333 Domnns
1468 1274 1544 1330 enim
1565 1273 1707 1329 biartinus
1722 1283 1767 1328 me

60 1369 180 1435 poterat.
202 1365 271 1421 iloto
289 1364 386 1436 itaque
407 1379 437 1422 se
455 1365 565 1439 obligat
584 1366 699 1423 biartini
721 1365 886 1437 sepulcrum
940 1363 1059 1421 sanitati
1081 1365 1220 1422 restitnit.
1242 1363 1355 1435 Quibus
1372 1362 1567 1420 excitantibus
1580 1374 1614 1417 ne
1629 1359 1702 1417 iorte
1717 1374 1767 1431 per

58 1467 90 1508 se
104 1453 302 1526 visitaturum,
325 1453 408 1512 abeo
427 1455 551 1513 fideliter
569 1469 600 1512 se
620 1455 779 1527 periturum
800 1467 885 1526 quarn
940 1453 1084 1509 somnium
1107 1453 1282 1525 loqueretur.
1305 1452 1470 1522 accendite,
1491 1451 1597 1521 inquit,
1621 1450 1763 1521 lucernas,

59 1545 124 1612 post
137 1542 226 1599 ιιιιιι
241 1541 277 1599 ab
293 1542 356 1614 ipso
371 1543 429 1600 sibi
450 1545 514 1601 dari
533 1545 684 1602 sanitatem
707 1543 886 1601 solummodo
938 1541 1034 1598 venite
1048 1548 1076 1599 et
1090 1543 1184 1600 videte
1199 1543 1294 1600 locum
1310 1541 1360 1599 ubi
1376 1541 1469 1598 iuerat
1484 1538 1611 1596 morbus.
1628 1537 1673 1594 lili
1685 1537 1765 1595 dieto

59 1631 327 1704 praesumebatNec
338 1633 886 1706 mora2piumrotumpiavoluniasex-
939 1629 1030 1687 citius
1041 1629 1116 1704 (nam
1128 1632 1377 1704 moraeimpatiens
1387 1628 1564 1688 desiderium
1574 1625 1766 1700 estiaccensis

57 1722 202 1794 sequitur.
213 1721 365 1793 adiunctis
373 1722 430 1779 sibi
440 1724 531 1796 igitur
542 1723 756 1781 honestissimis
764 1723 884 1780 comiti·
900 1706 926 1769 Β
941 1718 1136 1778 luminaribus
1155 1726 1327 1793 preeuntem
1347 1723 1518 1793 sequnntur,
1535 1716 1623 1789 inque
1636 1714 1766 1785 capitulo

58 1810 124 1882 bus,
134 1810 302 1881 praeparatis
310 1810 423 1869 abunde
431 1827 494 1884 qnae
502 1812 886 1884 erantnecessaria,iterag-
938 1809 1066 1866 ecclesie
1086 1811 1289 1868 substiterunt.
1312 1811 1391 1866 Tune
1410 1821 1476 1865 vero
1495 1805 1642 1864 resolvunt
1660 1802 1766 1860 iascias

58 1899 200 1973 grediiur,
214 1912 393 1970 summopere
406 1915 562 1972 procurans
572 1907 605 1958 ut
616 1902 650 1958 ad
663 1900 767 1959 fesium
778 1901 884 1959 summi
939 1898 1056 1972 quibus,
1076 1904 1109 1956 nt
1126 1912 1187 1956 mos
1200 1902 1254 1968 est,
1270 1898 1424 1971 ligabatur,
1447 1895 1600 1968 pullosque
1614 1904 1687 1963 quos
1699 1904 1763 1948 sero

57 1986 218 2060 Pontificio,
231 1989 305 2060 quod
318 1989 495 2062 imminebit,
508 1994 678 2049 occurreret.
692 1990 773 2060 Quod
784 1987 886 2047 etiae-
940 1987 1038 2045 morbo
1058 1988 1137 2045 reiut
1155 1986 1315 2045 insatiabili
1336 1986 1438 2043 beliue
1456 1983 1618 2054 objecerant
1641 1981 1764 2036 intactos

57 2076 883 2153 tumest.Neclaterepotnitrelaegrotantissublimitasrel
939 2078 1097 2147 reperiunt,
1117 2091 1230 2135 carnem
1250 2076 1428 2134 subcrevisse
1445 2072 1556 2143 reliqua
1573 2069 1603 2126 in
1616 2067 1697 2126 nulio
1713 2068 1764 2124 bn·

57 2164 347 2224 tantaesnbiimiiatis
357 2166 520 2224 inormitas.
534 2167 645 2238 Quanto
655 2168 732 2225 enim
742 2166 885 2241 quisemi-
939 2166 1082 2224 mitiorem
1100 2167 1262 2238 inveniunt,
1281 2178 1332 2222 nec
1344 2164 1380 2220 ab
1392 2176 1425 2220 ea
1437 2159 1554 2218 ditierre
1567 2162 1669 2228 preter
1683 2154 1759 2227 quod

57 2254 184 2323 mentior,
202 2258 282 2311 ιιιιο
305 2255 368 2325 ejus
392 2254 552 2313 infortunia
577 2255 665 2313 latius
685 2256 881 2329 divulgantur.
939 2257 1045 2314 lineola
1071 2257 1199 2328 quedam
1227 2255 1387 2312 rubicunda
1414 2252 1482 2308 binc
1507 2246 1656 2304 cicatricis
1680 2245 1763 2302 alter·

55 2343 170 2414 Quippe
185 2341 258 2398 lama
272 2341 394 2400 iomunae
407 2358 511 2418 comes,
526 2359 609 2416 quem
624 2345 674 2401 ilia
685 2345 811 2418 subruit,
824 2345 884 2402 baec
938 2351 1031 2403 utram
1051 2346 1207 2403 dividebat.
1231 2344 1306 2416 Quid
1328 2356 1423 2400 moror
1433 2341 1448 2396 i
1458 2339 1571 2397 clamor
1592 2335 1761 2394 mirantium

56 2431 198 2490 dilianat.
230 2435 368 2490 intererat
392 2435 484 2507 igitur
515 2434 705 2493 moribundus
730 2435 884 2507 episcopus
938 2436 1025 2494 simul
1040 2441 1069 2492 et
1081 2435 1267 2509 gaudentium
1282 2434 1317 2490 ad
1331 2429 1595 2489 astrasustollitur.
1612 2424 1761 2494 canonici,

53 2523 187 2596 episcopi
203 2523 319 2580 biartini
334 2523 409 2581 viris
429 2524 565 2582 laudibus
579 2531 607 2582 et
623 2524 735 2582 festivis
750 2543 757 2581 ι
775 2525 834 2596 sed,
852 2529 885 2581 ut
938 2527 989 2600 qni
1010 2526 1167 2583 matutinos
1185 2526 1305 2596 hymnos
1325 2536 1375 2594 pro
1396 2521 1517 2579 solemni
1540 2531 1617 2576 more
1633 2517 1765 2573 decanta-

53 2612 179 2682 diciiur,
198 2611 225 2668 ei
246 2611 340 2683 posito
356 2612 385 2668 in
406 2612 487 2670 luctu
507 2615 616 2671 musica
635 2619 696 2671 erat
718 2614 884 2686 importuna
938 2617 1016 2688 bant,
1030 2615 1117 2672 exciti
1129 2613 1423 2682 vocibusaccurrnnt,
1437 2607 1678 2680 remquedignam
1692 2600 1764 2659 satis

55 2701 198 2758 narratio.
230 2686 370 2758 vincebat
394 2706 487 2759 tamen
520 2704 670 2761 devotione
705 2704 883 2776 moesiitiam,
939 2705 1079 2762 miraculo
1093 2702 1188 2761 oculis
1198 2700 1426 2772 comprobantes,
1442 2697 1584 2754 neminem
1597 2695 1761 2752 sanctorum

56 2804 109 2848 nec
132 2802 259 2862 unquam
279 2792 429 2848 nocturnis
452 2792 565 2865 vigiliis
588 2792 686 2850 abesse
710 2793 882 2865 patiebatur.
938 2795 1087 2867 signorum
1107 2791 1231 2849 eiiicaria
1249 2787 1470 2861 comparabilem
1488 2784 1611 2842 biartino
1627 2782 1765 2853 protesta-

54 2878 147 2938 Uuiia
162 2879 366 2938 canonicorum
385 2881 462 2938 circa
476 2895 541 2939 eum
556 2884 726 2954 compassio,
744 2882 816 2940 mira
832 2884 885 2940 be·
938 2883 1053 2940 bantur.
1072 2882 1228 2939 Pulsantur
1248 2879 1340 2952 igitur
1355 2879 1449 2950 signa,
1466 2878 1502 2932 Te
1517 2878 1601 2931 beorn
1616 2870 1762 2927 mudantur

56 2967 222 3026 nescientia
237 2974 308 3026 erat.
328 2970 391 3041 lpse
406 2975 502 3028 antem
520 2977 650 3029 sanctum
670 2973 814 3030 tumulum
836 2973 886 3028 in·
938 2973 1073 3029 alacriter
1090 2972 1269 3028 decantatur.
1288 2970 1368 3024 Mane
1383 2967 1451 3023 dato
1467 2967 1624 3022 conventus
1640 2957 1765 3017 canoni-

55 3057 170 3116 somuis
184 3071 348 3132 pronusque
359 3060 553 3132 pernoctabat,
564 3062 632 3134 quia
646 3063 762 3120 nonnisi
777 3029 922 3134 pronusc
938 3075 1037 3121 corum
1056 3061 1085 3118 in
1101 3059 1261 3130 capitulum
1280 3061 1452 3113 convocatur
1468 3072 1474 3109 :
1491 3053 1625 3110 iussione
1643 3046 1760 3106 biartini

56 3151 180 3220 urgente
193 3147 383 3219 incommodo,
397 3150 509 3207 valebat
522 3151 688 3209 subsistere.
700 3151 885 3209 continuatis
938 3155 1063 3223 accepta,
1087 3149 1254 3219 episcopum
1277 3149 1407 3202 sanatum
1430 3141 1601 3199 canonicum
1626 3135 1760 3235 incincta

55 3234 159 3308 iraque
167 3240 274 3307 septem
283 3236 387 3295 diebus
396 3238 638 3306 solemnitatibus,
649 3240 745 3297 clerus
753 3244 782 3296 et
791 3254 886 3311 popu-
939 3243 988 3314 qui
1000 3247 1028 3297 et
1039 3240 1137 3297 eodem
1153 3236 1211 3307 die,
1226 3241 1257 3292 ut
1272 3234 1329 3291 sibi
1345 3237 1463 3290 sancius
1474 3233 1611 3303 iusserat,
1623 3223 1762 3282 bomini·

56 3323 106 3382 ins
122 3337 202 3383 more
218 3325 317 3383 debito
336 3326 515 3385 latabantur.
534 3331 596 3400 ipse
614 3342 681 3386 vero
697 3343 753 3387 non
769 3329 882 3402 diebus,
937 3345 999 3388 carn
1015 3330 1131 3386 missam
1144 3326 1220 3384 ciero
1238 3323 1409 3396 populisque
1423 3311 1760 3378 astantibusoeiebravit

55 3427 116 3473 non
147 3415 292 3488 noctibus,
320 3429 338 3473 a
363 3417 499 3489 lacrymis
528 3423 556 3475 et
584 3418 714 3476 oratione
744 3418 881 3475 cessabat.
937 3419 1050 3491 Quibus
1067 3418 1122 3474 rite
1143 3413 1285 3487 perlectis,
1308 3413 1389 3468 latus
1405 3415 1434 3466 et
1454 3405 1609 3465 incolumis
1627 3400 1764 3459 remeavit

54 3502 184 3574 Septima
197 3503 313 3562 demum
329 3510 421 3578 nmis,
436 3507 567 3564 oratione
579 3509 718 3564 continua
732 3511 761 3562 et
774 3507 887 3565 doloris
938 3510 972 3567 ad
989 3507 1112 3580 propria.
1135 3504 1187 3562 Sed
1208 3517 1264 3560 non
1286 3502 1428 3574 ingratus.
1447 3497 1491 3554 rel
1510 3494 1602 3552 sancti
1624 3487 1764 3547 beneflcio

56 3588 200 3666 mtigauu
215 3593 384 3664 acerbitate,
396 3601 429 3653 ut
445 3600 507 3654 erat
525 3601 592 3653 ante
607 3601 820 3654 sacrosanctum
834 3600 885 3652 tu·
937 3599 981 3656 rel
993 3596 1195 3655 canonicorum
1207 3605 1325 3650 snornm
1335 3586 1484 3660 obsequio,
1497 3584 1553 3654 ipsi
1564 3586 1663 3640 sancto
1673 3584 1764 3678 restes

55 3680 171 3739 muium
187 3688 358 3757 prostratus,
379 3684 529 3757 paululum
544 3685 729 3756 obdormirit,
746 3699 810 3742 cum
821 3698 886 3742 ecee
939 3687 1047 3745 sericas
1061 3684 1202 3756 pretiosas
1219 3693 1343 3751 rasaque
1357 3689 1443 3734 aurea
1455 3679 1483 3733 et
1497 3674 1642 3745 argentea,
1655 3664 1764 3739 quibus

56 3770 239 3844 signipotens
249 3774 400 3846 ltartlnus,
414 3774 572 3845 pontiioali
582 3776 735 3832 decoratus
746 3773 884 3839 iniuia,ei
941 3776 1084 3846 hodieque
1094 3772 1216 3830 Domino
1226 3776 1254 3827 et
1266 3772 1365 3826 sancto
1376 3764 1450 3822 inibi
1466 3762 1658 3829 ministratur,
1672 3763 1764 3856 trans·

55 3859 141 3918 maus
157 3865 202 3918 esi
214 3862 352 3920 astitisse.
367 3864 457 3934 Quem
470 3868 503 3921 ut
517 3871 624 3935 patrem
642 3864 730 3936 fliius,
747 3871 779 3921 ut
792 3863 881 3920 disci·
941 3862 1213 3936 misitsinguiisque
1222 3853 1495 3926 canonicissinguia
1502 3848 1622 3907 donaria
1631 3847 1764 3946 destina-

57 3949 148 4022 pnius
162 3956 361 4023 preceptorem
379 3957 496 4009 sanctus
512 3953 642 4010 briccius
663 3953 845 4024 sequebatur,
859 3957 888 4009 et
940 3955 991 4012 nit.
1008 3959 1104 4024 Neque
1120 3952 1173 4008 boc
1193 3950 1288 4005 visum
1303 3950 1346 4003 est
1363 3945 1390 4000 ei
1409 3944 1490 4001 satis.
1511 3942 1649 3996 Processu
1666 3939 1763 4004 rtaque

57 4038 123 4110 ipse
145 4043 240 4096 umen
262 4040 467 4112 episcopaliter
488 4042 651 4099 redimitus.
677 4043 718 4098 bd
741 4054 824 4113 quem
847 4041 886 4096 ita
940 4043 1078 4114 temporis
1096 4040 1125 4097 in
1144 4038 1261 4095 dioecesi
1284 4048 1336 4093 sua
1357 4033 1505 4090 ecclesiam
1523 4021 1762 4085 inbonorebeaii
1879 4062 1882 4067 »

57 4127 203 4185 Πιιιιιιι
214 4146 221 4184 r
234 4128 321 4201 Quid,
342 4126 430 4188 irater
450 4130 542 4187 Bricci
555 4131 570 4186 ‘l
581 4132 731 4189 iustumne
743 4129 796 4186 tibi
812 4129 888 4185 ride
940 4132 1056 4189 biartini
1072 4127 1244 4195 construxit,
1257 4137 1340 4197 quam
1356 4117 1616 4180 tantisredditibus
1628 4111 1764 4171 cumula·

58 4219 108 4273 inr
121 4221 155 4274 ni
165 4231 240 4290 aeger
254 4219 303 4276 bic
317 4222 443 4290 optatam
458 4220 581 4291 recipiat
592 4221 754 4291 sanitatem,
766 4218 817 4290 qui
829 4223 885 4275 ιιι
940 4222 983 4279 nit
994 4226 1025 4279 ut
1035 4217 1246 4292 quinquaginta
1256 4212 1387 4270 canonici
1401 4211 1431 4267 in
1441 4223 1473 4266 ea
1484 4203 1764 4264 beoetsanctobiar·

55 4303 887 4381 derotnscxtamlonginquispartibusadnostrumrenit
940 4295 1766 4369 tinodeservientesabundantissimissnmptibussusten·

56 4393 217 4468 tumulum,
238 4402 297 4453 tam
315 4397 496 4470 suppliciter,
519 4402 577 4456 ιιιι
598 4403 811 4470 perseveranter
830 4412 885 4456 no-
898 4381 926 4444 Ῑ)
939 4405 1044 4459 entur.
1637 4470 1644 4484 ·

56 4485 149 4540 ΜΨ
164 4495 246 4556 01)θῦ
260 4486 381 4557 filiun
392 4485 407 4542 7
419 4488 454 4544 Et
469 4487 616 4544 Βῑῑθθῑΰὸῑ
630 4486 760 4560 Domine,
776 4487 885 4559 inquii,
975 4493 1008 4547 li.
1032 4486 1207 4546 biarcbisius
1225 4484 1261 4540 de
1281 4477 1493 4548 monteierrato,
1518 4471 1684 4532 Βοιιιιιιιι
1707 4481 1763 4524 no-

56 4572 85 4629 si
99 4572 193 4644 piacet
207 4582 306 4632 vestre
318 4576 431 4647 pietati,
444 4577 550 4635 bonum
566 4584 609 4636 est
622 4582 653 4637 ut
668 4578 722 4636 iste
733 4578 886 4651 pristinam
942 4580 1028 4650 mine,
1052 4577 1133 4635 bone
1159 4572 1321 4632 devotionis
1346 4566 1581 4626 consuetudinem
1603 4560 1709 4617 iecerat
1731 4559 1764 4614 ut

56 4662 214 4733 ιιιιιιιοιι
229 4664 361 4738 recipiat,
378 4668 535 4738 presertim
551 4668 635 4725 bomo
653 4669 745 4725 nostri
762 4666 886 4739 ordinis,
941 4662 1279 4739 annissiugulisaddiem
1287 4660 1390 4717 iestnm
1399 4656 1474 4714 beati
1483 4648 1762 4723 biartini,tumnium

56 4755 88 4809 et
106 4753 194 4823 cuius
215 4752 275 4811 rita
294 4756 426 4815 ordinem
450 4771 507 4814 non
529 4758 672 4828 deturpat.
698 4759 778 4815 Tunc
797 4757 889 4830 igitur
942 4759 1005 4828 ejus
1016 4758 1228 4813 sacrosanctum
1241 4750 1392 4821 expeteret.
1406 4749 1468 4802 Non
1479 4744 1557 4801 enirn
1573 4740 1688 4798 itineris
1698 4738 1766 4796 lon-

56 4840 206 4900 lartinns
218 4856 375 4903 conversus
389 4847 425 4903 ad
438 4860 557 4920 agrum,
575 4854 603 4903 et
615 4844 759 4904 familiare
771 4845 829 4903 sibi
842 4859 892 4906 no.
945 4847 1046 4921 gitndo
1055 4850 1084 4902 et
1092 4842 1241 4915 asperitas,
1258 4850 1314 4895 non
1328 4834 1559 4907 interiacentium
1574 4831 1701 4888 bostium
1716 4829 1767 4885 in-

57 4943 127 4989 men
149 4933 247 4991 crucis
270 4948 319 4992 ore
340 4949 422 4994 sacro
442 4937 621 5009 depromens,
648 4936 797 5009 ipsamque
819 4951 892 4993 cru·
945 4937 1038 5000 sidia,
1055 4931 1263 4991 nonbeilorum
1276 4926 1410 4997 ireqnens
1423 4922 1562 4992 incursio,
1575 4918 1766 4990 nondenique

56 5033 121 5078 cem
136 5035 225 5094 super
242 5036 307 5081 eum
325 5025 503 5099 depingens:
516 5027 656 5099 iieidrice,
677 5026 785 5100 inquit,
809 5031 891 5085 sanat
945 5027 1005 5085 ulia
1021 5028 1150 5096 poterant
1165 5017 1304 5090 impedire
1317 5014 1431 5087 negotia
1448 5012 1518 5084 quin
1539 5010 1573 5067 ad
1592 5009 1684 5067 sancti
1701 5005 1767 5065 sui-

57 5112 607 5190 tenoninusiesnscbristus.snrge
625 5117 890 5191 sanus,etnocatis
944 5115 1036 5190 tregia
1072 5107 1256 5184 promerenda
1291 5107 1447 5163 ocurreret.
1481 5102 1558 5158 ideo
1592 5099 1670 5156 idoli
1703 5097 1766 5152 viro

57 5198 180 5259 clericis
205 5204 288 5276 meis,
314 5204 459 5262 innotesce
483 5206 545 5263 iilis
571 5207 639 5279 quia
664 5208 798 5278 precibus
817 5206 889 5265 meis
944 5204 1122 5280 propositum
1134 5197 1273 5257 eratiPro
1285 5207 1362 5252 more
1373 5190 1629 5266 igituraiiqnando
1641 5188 1765 5253 venerat,

58 5289 184 5363 adeptus
204 5304 236 5350 es
251 5295 402 5352 sanitatem
414 5315 421 5352 ι
433 5297 517 5354 Dices
530 5297 617 5354 etiam
634 5296 679 5355 eis
691 5311 726 5355 en
749 5301 889 5370 precepto
943 5289 1220 5362 cnmsubitoposito
1232 5283 1402 5343 inoratione
1414 5281 1560 5354 negotium
1573 5274 1764 5348 periculosum

59 5393 125 5439 neo
136 5386 282 5454 quatenns
296 5387 324 5440 te
337 5381 425 5456 buius
437 5386 564 5445 ecciesiae
579 5400 648 5443 mee
659 5386 828 5444 canonicum
843 5385 890 5445 ia·
943 5384 1016 5443 satis
1028 5381 1150 5456 perculit
1159 5379 1223 5449 ejus
1232 5373 1408 5432 memoriam.
1419 5373 1519 5427 Mutuo
1529 5364 1671 5437 siqnidem
1681 5371 1767 5418 sexa·

58 5470 199 5529 clantio
222 5474 421 5531 testimonium
440 5480 536 5533 autem
551 5476 650 5550 gloriae
664 5475 773 5532 coristi
788 5480 817 5532 et
834 5480 890 5532 ina
945 5474 1025 5548 ginta
1038 5472 1198 5530 solidorum
1213 5465 1304 5523 millia
1317 5463 1347 5519 in
1361 5462 1454 5534 patria
1464 5451 1674 5524 snaaquodam
1689 5449 1765 5502 liur-

58 5559 199 5621 sanitatis
213 5562 352 5634 precipio
364 5566 398 5621 ut
407 5563 524 5622 missam
535 5567 670 5638 maiorem
681 5564 767 5625 bodie
780 5569 888 5637 cantes
943 5576 1028 5641 gerse
1041 5562 1196 5633 acceperat,
1212 5557 1266 5615 sub
1280 5552 1345 5611 idei
1364 5562 1423 5607 sue
1442 5546 1619 5604 sacramento
1635 5537 1760 5606 seilicet,
