3876 6090
197 257 249 320 l95
807 248 985 308 nutsinsll
1008 247 1279 304 BIBLIOTIIECARII
1844 238 1895 297 ⁴96

194 404 223 455 et
236 392 414 453 commodum
434 388 518 444 duem
534 399 567 441 ac
586 381 804 454 dispositionem
826 380 1013 450 susceperint.
1028 377 1131 441 Adem
1148 376 1290 447 coaptarit
1316 373 1518 444 substantiam,
1539 376 1568 428 et
1588 369 1724 439 continet,
1744 372 1773 424 et
1793 365 1894 437 salvat,

193 487 330 543 Caeterum
348 481 422 536 dona
442 476 526 533 uobis
538 478 650 530 saneim
669 476 776 528 etcum
795 472 851 527 Deo
868 470 1016 540 loquentes
1071 469 1242 534 persanctas
1257 464 1400 520 orationes
1419 468 1485 519 tuas
1496 459 1627 532 pacificet
1645 457 1736 530 magis
1748 469 1782 511 ac
1793 454 1896 526 magis,

195 574 340 633 orationes
360 574 434 636 tuas,
453 563 634 622 sanctissime
655 569 683 616 et
708 561 836 616 imitator
856 559 906 614 bei
928 559 1016 613 frater
1069 558 1097 609 et
1110 559 1312 610 consonantem
1330 566 1363 609 ac
1378 553 1466 608 unius
1485 549 1632 620 opinionis
1649 561 1665 602 a
1682 545 1792 602 tinibus
1806 556 1898 614 usque

196 667 292 720 noster
302 678 309 714 ε
321 660 407 715 donet
418 655 444 711 is
454 653 537 709 nobis
550 665 600 722 per
614 650 704 706 multa
716 662 856 704 annorum
868 647 1015 703 curricula
1069 642 1104 697 ad
1121 642 1190 698 lines
1209 647 1334 697 sanctam
1349 641 1520 698 catholicam
1541 644 1569 694 et
1587 635 1775 707 apostolicam
1796 631 1899 688 Eccle-

195 750 341 819 utrimque
356 743 521 801 incolumes.
535 739 647 796 indicia
658 751 724 794 vero
735 751 843 809 magnae
853 742 880 792 et
890 749 962 792 carae
974 735 1017 790 di-
1070 732 1142 788 siam
1156 731 1258 787 babere
1267 731 1412 802 dignetur.

185 838 328 897 ‘lectionis
338 839 441 891 nostrae
452 830 585 886 misimus
596 826 742 883 sanctitati
758 831 814 881 tuae
826 826 889 881 ista.
901 826 1017 881 Graeco·
1073 858 1087 889 ,
1105 837 1249 891 Adrianus
1272 839 1421 907 episeopus,
1442 852 1536 891 ,mus
1549 847 1687 890 ,morum
1699 833 1758 895 pei,
1782 830 1901 885 dileetis-

195 929 318 988 latinnm
330 921 507 994 evangelium
524 915 747 989 diligentissime
763 920 932 985 correctum,
949 927 1019 970 ora·
1106 910 1182 962 umis
1207 924 1238 962 oc
1262 908 1452 978 spiritualibus
1468 908 1533 977 filiis
1547 907 1661 967 Basilio,
1681 903 1861 958 Constantino
1876 903 1901 954 et

196 1019 272 1077 rium
282 1016 461 1080 deauratum,
474 1008 600 1065 casulam
615 1005 761 1075 optimam,
777 1003 931 1059 theriacam
948 1017 1019 1072 pro-
1107 981 1199 1041 ii⁰⁷ii
1212 980 1345 1048 piissimis
1360 983 1386 1034 ii
1397 978 1631 1048 tranquillissimis
1641 972 1863 1046 impetimini·

196 1105 384 1168 latissimam.
396 1102 472 1156 bens
483 1101 577 1154 antem
591 1094 641 1165 qui
655 1094 751 1150 omnia
763 1092 903 1163 condidit,
914 1096 943 1147 et
955 1105 1020 1149 con·
1109 1104 1121 1137 u
1145 1085 1237 1147 Lectis
1248 1085 1538 1157 excellentisimperli
1550 1082 1671 1140 vestri...
1684 1099 1697 1132 r
1711 1081 1829 1148 Reliqua
1839 1077 1900 1132 vide

196 1197 350 1257 trariarum
362 1188 534 1262 qualitatum
555 1183 747 1255 operationem
759 1182 787 1237 in
807 1194 892 1237 unam
902 1187 930 1237 et
938 1193 1020 1236 eam-
1072 1182 1233 1249 Patrouqte
1246 1184 1316 1234 tomo
1331 1191 1420 1241 enarr,
1439 1178 1512 1230 inter
1532 1173 1660 1244 epistolas
1673 1169 1798 1225 Admnui
1805 1182 1898 1239 pope.

916 1589 1177 1696 sancus

220 1841 704 1994 SYNODUS
773 1841 1224 1992 SEPTIMA
1290 1831 1872 1986 GENERALIS

839 2118 1008 2191 Nlcmlia
1051 2118 1246 2191 sacbbbt

502 2285 782 2387 Anastasio
824 2283 1237 2386 Bibliothecnrio
1271 2279 1576 2415 interprete.

703 2478 794 2543 (apuu
816 2477 960 2540 anteum,
979 2477 1058 2529 eone.
1075 2481 1138 2528 rom.
1164 2476 1241 2539 viu,
1258 2489 1316 2542 pag.
1332 2475 1386 2539 29).

438 2772 694 2843 indilato
740 2771 998 2843 Ablsllsll
1042 2772 1087 2843 IN
1137 2771 1382 2841 struinam
1436 2769 1669 2842 Sibbbbll

669 2935 715 2991 AD
737 2934 897 2992 IOANNEM
920 2936 979 2992 VIII
1002 2933 1209 2991 PONTIFICEM
1237 2933 1418 2991 MAXIMUM.

229 3224 351 3283 Domino
360 3223 524 3296 coangelico
532 3224 633 3279 loanni
648 3224 776 3294 pontillci
793 3236 904 3280 summo
918 3227 946 3279 et
958 3221 1021 3278 nni·
1036 3220 1062 3282 B
1078 3225 1152 3298 dari,
1164 3240 1228 3282 cum
1245 3226 1355 3282 videam
1368 3224 1531 3298 posteriori,
1548 3224 1577 3280 id
1597 3227 1640 3280 est
1656 3226 1764 3295 octava,
1787 3219 1904 3294 magni-

194 3313 297 3369 rersali
312 3326 389 3384 papae
403 3312 572 3369 Anastasius
586 3313 717 3385 exiguus.
1079 3315 1262 3372 licentissime
1271 3315 1411 3372 decorari.
1429 3314 1589 3371 Praesertim
1605 3327 1669 3370 cum
1685 3325 1773 3369 sacrm
1790 3310 1904 3367 biblio-

227 3404 269 3459 Ex
285 3402 470 3472 interpretata
491 3416 582 3472 nuper
596 3402 738 3459 decessori
752 3406 852 3459 vestrae
869 3400 1023 3458 beatitudi·
1078 3407 1165 3463 rheeae
1192 3413 1301 3475 omrem,
1330 3406 1415 3475 eujus
1440 3403 1571 3460 minister
1602 3407 1695 3459 vestra
1732 3400 1902 3474 dignatione

195 3493 242 3549 nis
254 3492 570 3548 Adriano·rererendre
583 3493 725 3548 memoriae
744 3505 821 3562 papae
837 3496 934 3547 sancta
948 3493 1024 3546 octa·
1076 3494 1212 3564 consisto,
1228 3508 1262 3549 ex
1279 3494 1332 3549 lroc
1352 3493 1426 3564 quod
1440 3494 1563 3563 desuper
1580 3492 1651 3547 mibi
1671 3492 1770 3547 datum
1782 3495 1837 3559 est,
1847 3488 1902 3545 de-

193 3595 227 3637 va
241 3585 269 3637 et
280 3581 437 3637 universali
453 3579 570 3650 synodo,
586 3579 751 3635 indecorum
764 3584 793 3634 et
818 3578 1021 3634 inconveniens
1077 3583 1153 3640 iiior
1172 3597 1234 3638 sum
1256 3582 1437 3638 ministrare:
1457 3583 1482 3637 si
1494 3587 1587 3638 tamon
1604 3579 1755 3636 aemulatus
1771 3577 1901 3649 tlposto-

193 3670 352 3726 arbitratus
370 3683 433 3725 sum
454 3668 603 3738 septimam
631 3668 769 3738 synodum
786 3666 895 3738 b,quae
917 3666 1021 3738 praesi-
1077 3671 1147 3739 lum,
1169 3670 1362 3727 ministerium
1382 3685 1475 3727 meum
1499 3664 1627 3726 studeam
1651 3670 1801 3725 bonorare.
1828 3667 1902 3724 sane

193 3759 278 3816 dente
295 3758 325 3813 in
353 3756 472 3812 vicariis
493 3756 555 3811 suis
572 3755 660 3811 beatae
682 3757 889 3813 recordationis
909 3755 1021 3826 praede-
1075 3760 1231 3817 notandum
1241 3765 1294 3832 est,
1302 3760 1430 3831 quaedam
1442 3761 1471 3816 in
1483 3760 1535 3815 lrac
1545 3759 1652 3829 synodo
1662 3756 1902 3827 exapostolorum

193 3859 304 3902 cessure
315 3850 408 3903 vestro
417 3844 544 3900 Adriano
559 3845 659 3914 capud
674 3845 796 3900 Nicaeam
810 3845 934 3901 secundo
947 3859 1021 3901 con·
1075 3855 1102 3905 et
1112 3856 1196 3905 sextae
1216 3848 1388 3905 universalis
1409 3849 1509 3921 synodi
1527 3847 1686 3904 canonibus
1703 3851 1731 3902 et
1748 3843 1902 3902 sententiIs

193 3935 311 3990 veniens
337 3934 390 3989 sub
412 3936 490 3990 lrene
513 3949 563 3990 seu
583 3934 770 3991 Constantino
796 3934 1019 4004 imperatoribus
1077 3937 1291 4009 invenirique
1311 3952 1396 4008 penes
1415 3951 1466 3994 nos
1484 3937 1668 4008 interpretata
1688 3949 1739 3990 nec
1758 3933 1904 3990 habentur

193 4022 333 4080 celebrata
345 4027 398 4091 est,
410 4036 466 4079 non
478 4022 581 4079 babere
592 4023 716 4080 latinos.
731 4025 800 4079 Nam
813 4023 891 4079 nulla
908 4023 1019 4080 ratione
1074 4040 1125 4083 nec
1134 4027 1337 4083 admittuntur.
1350 4028 1384 4083 Et
1396 4033 1470 4083 certe
1479 4028 1514 4082 de
1524 4024 1718 4096 apostolorum
1738 4022 1902 4079 canonibus

193 4118 291 4170 octava
305 4112 415 4169 dicitnr
437 4111 480 4168 vel
495 4112 584 4169 teneri
608 4113 723 4185 poterit,
749 4113 798 4169 ubi
817 4112 939 4182 septima
961 4125 1018 4169 non
1073 4115 1186 4186 liquido
1196 4111 1752 4188 novimus,quoniamblsquidamlacile
1762 4107 1900 4187 [facilem]

194 4201 331 4258 babetur:
357 4215 412 4258 non
435 4202 509 4272 quod
528 4208 593 4259 ante
613 4215 664 4259 nos
684 4203 802 4258 minime
821 4201 909 4258 fuerit
924 4201 1020 4257 inter-
1071 4202 1129 4260 non
1142 4204 1476 4275 praebuercconsensnm.
1490 4204 1543 4260 Sed
1558 4209 1586 4260 et
1604 4202 1901 4274 praedeoessorvester

193 4295 311 4362 prelata,
330 4292 378 4347 sed
390 4292 464 4363 quod
486 4291 627 4362 interpres
645 4305 715 4362 pene
725 4305 775 4362 per
791 4290 905 4362 singula
916 4291 1016 4348 relicto
1072 4292 1256 4349 beatissimus
1278 4307 1349 4365 papa
1368 4293 1528 4364 Stephanus
1550 4306 1605 4349 non
1624 4306 1658 4348 ex
1679 4290 1725 4347 lris
1744 4289 1899 4361 plusquam

193 4379 346 4450 utriusque
363 4379 469 4453 liuguae
490 4380 633 4453 idiomate,
652 4380 722 4435 adeo
741 4378 830 4436 luerit
847 4379 962 4435 verbum
974 4393 1017 4437 ce
1072 4381 1282 4453 qninquaginta
1315 4381 1494 4452 recipiendos
1523 4380 1657 4451 synodice
1685 4376 1897 4451 promulgavit3

192 4467 277 4525 verbo
296 4475 421 4541 secutus,
443 4474 475 4525 ut
494 4469 564 4540 quid
576 4470 605 4524 ln
623 4469 719 4525 eadem
736 4468 863 4524 editione
875 4468 1016 4542 intelliga-
1072 4468 1276 4540 licetquaedam
1288 4470 1444 4527 constituta
1455 4470 1621 4542 pontificum
1638 4482 1672 4524 ex
1690 4467 1765 4538 ipsis
1774 4466 1900 4523 canoni-

193 4560 250 4627 tur,
267 4563 317 4613 aut
334 4558 381 4613 vix
398 4562 448 4613 aut
466 4570 612 4628 nunquam
631 4556 721 4628 possit
739 4557 858 4629 adverti,
878 4557 908 4613 in
928 4556 1015 4613 lasti·
1029 4545 1054 4608 C
1070 4558 1278 4629 busassumpta
1289 4559 1519 4615 essevideantur.
1541 4558 1621 4615 Unde
1629 4557 1793 4629 apostolatu
1803 4561 1899 4612 vestro

191 4644 420 4716 diumqnesersa
438 4647 603 4718 legentium,
624 4659 694 4717 pene
704 4644 739 4702 ab
750 4646 885 4703 omnibus
896 4646 948 4702 bac
962 4661 1014 4718 pro
1069 4647 1237 4704 decernente
1248 4661 1303 4705 nou
1314 4647 1406 4704 solum
1420 4648 1485 4705 illos
1496 4647 1572 4704 solos
1582 4645 1796 4718 quinquaginta
1817 4657 1900 4701 cano

191 4746 278 4789 causa
306 4741 513 4791 contemnatur.
534 4734 613 4790 Unde
631 4748 647 4791 a
677 4734 849 4806 quibusdam
881 4749 932 4790 nec
952 4735 1015 4806 ipsa
1071 4749 1120 4792 nes
1129 4736 1254 4793 Ecclesia
1274 4737 1386 4808 recipit,
1399 4736 1468 4794 *scd
1480 4744 1507 4794 et
1526 4751 1624 4793 omnes
1638 4749 1737 4793 eorum
1756 4742 1778 4807 ⁰,
1799 4736 1898 4804 utpote

192 4822 323 4893 lectione,
336 4828 433 4879 utnon
443 4823 536 4879 dicam
548 4825 779 4896 transcriptione,
794 4824 881 4896 digna
899 4825 1014 4894 penitus
1069 4824 1196 4894 Spiritus
1209 4827 1299 4883 sanmi
1318 4826 1462 4900 tubarum,
1483 4826 1555 4898 quin
1578 4832 1606 4882 et
1629 4825 1757 4883 omnium
1778 4823 1898 4881 omnino

188 4911 355 4983 indicatur:
376 4911 451 4982 qnod
472 4912 533 4982 ipse
549 4912 673 4984 intuens,
695 4928 746 4970 nec
764 4914 879 4986 proprio
900 4912 1014 4971 inbrmo
1070 4915 1263 4984 probabilium
1278 4917 1404 4988 Puteum,
1416 4921 1443 4972 et
1461 4921 1623 4972 sanctorum
1643 4913 1836 4971 conciliorum
1849 4925 1897 4968 re-

191 5000 303 5071 corpori
315 5014 442 5070 parcens,
458 5001 746 5060 auxillantebomino
766 5003 838 5060 bano
857 5004 939 5059 nisus
950 5017 1014 5062 sunt
1070 5003 1152 5075 gulas
1168 5009 1197 5060 et
1215 5004 1413 5061 institutiones
1431 5004 1568 5073 admittit,
1590 5003 1655 5059 illas
1675 5003 1818 5058 duntaxat
1833 5013 1896 5073 quae

192 5089 373 5159 interpretari
384 5090 503 5160 Latinis,
514 5091 648 5148 indecens
658 5099 686 5148 et
699 5093 1015 5164 incongruumoensens
1070 5106 1120 5148 nec
1131 5100 1213 5148 rectae
1228 5092 1305 5165 fidei,
1317 5108 1368 5149 nec
1378 5092 1476 5164 probis
1493 5093 1623 5149 moribus
1636 5090 1763 5161 obviant,
1776 5092 1826 5149 sed
1844 5104 1895 5148 nec

191 5185 312 5235 vestram
327 5179 592 5235 maximeomnium
611 5181 804 5236 Ecclesiarum
835 5181 1011 5255 magistram,
1069 5181 1147 5237 sedis
1158 5182 1289 5239 Romana
1304 5183 1426 5239 decretis
1442 5183 1476 5239 ad
1490 5183 1632 5239 modicum
1651 5182 1721 5253 quid
1741 5179 1901 5238 resultant·

191 5268 343 5324 Romanam
355 5267 488 5324 videlicet
497 5268 661 5340 Ecclesiam,
678 5271 773 5326 eadem
786 5270 892 5340 synodo
902 5269 1016 5327 defrau·
1069 5273 1120 5344 qui
1144 5273 1240 5344 potius
1259 5274 1447 5346 adversarios,
1471 5274 1500 5330 id
1520 5278 1563 5329 est
1583 5272 1742 5341 haereticos,
1764 5276 1896 5346 potenter

226 5410 563 5468 ·lldrianus11lricerat.
1104 5417 1464 5487 icanonesapostolorum.

226 5480 457 5540 bUniversalem.
1105 5489 1599 5560 uldestpontillcumllomanorum.

231 5555 292 5611 ebe
301 5552 427 5612 Adriano
438 5554 569 5628 loquitur
580 5553 668 5626 binus
677 5555 803 5614 nominis
814 5556 916 5630 primo,
