3876 6090
100 176 165 237 ,Μ
204 169 210 188 ·
376 171 379 179 ·
805 167 974 225 srnrnlm
993 166 1131 226 rnrav
1488 201 1489 205 κ
1765 171 1823 232 eoo

112 300 292 371 consisteret,
314 299 439 368 reperta.
455 298 485 352 et
510 300 608 352 sancta
626 293 790 351 Placentina
803 292 942 363 Ecclesia,
954 293 984 354 A
998 293 1188 362 apostolicum
1203 293 1366 352 subsidium
1376 294 1551 352 visilulmns
1561 294 1723 366 impartiri,-
1737 297 1779 354 ita
1794 305 1826 355 ιιι

114 387 196 444 illins
209 385 488 457 suffraganea,asuo
503 388 615 455 pastore
632 381 775 453 qnondam
788 381 943 450 Panloepi.
998 381 1173 439 bernardum
1196 383 1361 445 diaconum,
1385 388 1526 453 pastorem
1546 389 1684 455 vestrum,
1706 399 1757 455 per
1771 400 1826 443 no-

113 488 199 545 scopo
216 474 329 530 exstitit
348 472 500 529 denudata.
516 471 695 541 Quapropter
710 469 833 526 diversis
848 468 941 524 ltaiici
998 473 1086 525 stram
1106 472 1348 528 consecrationem
1367 472 1599 529 institueremus:
1617 480 1646 529 et
1669 472 1736 531 ideo
1753 474 1826 531 ilde-

113 564 194 637 regni
206 560 412 619 huctnanvihns
428 560 571 631 procellis,
587 559 655 630 quia
671 573 721 629 per
732 558 857 615 eamdem
873 570 945 612 san-
999 555 1075 612 litati
1104 558 1232 615 omniurn
1261 564 1386 616 vestrum
1402 560 1583 632 injungimus
1597 564 1626 617 et
1640 560 1828 620 decernentes

113 657 187 709 ctam
218 650 406 705 Ravennatem
438 647 595 704 Ecclesiam
630 646 746 717 proprio
775 645 942 701 destitutam
999 646 1156 718 sancimus,
1174 652 1207 703 ut
1220 654 1277 704 tam
1303 648 1364 718 ipse
1388 649 1549 705 bernardus
1563 663 1712 720 quamque
1730 663 1840 708 omnes

114 744 238 810 pastore,
262 738 270 792 i
275 750 325 808 psa
345 743 443 793 sancta
463 735 625 792 Placentina
640 734 767 791 Ecclesia
780 733 816 789 de
831 736 944 804 pastore
999 734 1163 791 decessores
1184 735 1229 792 sni
1245 734 1456 807 inperpetuum
1477 734 1531 792 sub
1545 737 1723 794 Ravennatis
1737 739 1860 795 Eccle—

116 827 235 897 proprio
250 824 406 882 remedium
420 822 608 894 recuperandi
622 822 741 878 minime
752 820 875 891 adipisci
891 831 945 874 va-
1000 821 1051 878 sia
1067 822 1234 892 pontidcatu
1245 823 1356 893 plenam
1371 822 1579 880 observantiam
1592 830 1744 896 totamque
1758 825 1857 884 lide-

116 913 257 986 lebat3ad
272 912 458 985 apostolicam
473 912 578 976 sedem
599 915 787 981 nostrumque
801 906 944 979 apostoli·
1001 909 1111 966 litatem
1135 910 1261 967 viriiiter
1287 911 1441 981 custodiat,
1469 916 1499 968 et
1521 926 1599 969 more
1613 917 1855 976 antecessorum

115 1016 191 1074 cum,
207 1007 304 1072 utpote
314 1001 349 1057 ad
365 1002 450 1070 caput
474 998 604 1055 omnium
623 997 826 1066 Ecclesiarum,
841 1001 870 1050 ct
882 1005 946 1048 ma·
1000 998 1073 1068 ejus,
1089 999 1293 1056 devotissimus
1315 1006 1371 1057 iam
1393 1000 1465 1072 ipse,
1486 1013 1571 1073 quam
1584 1015 1772 1059 successores
1786 1005 1850 1066 sui

116 1097 199 1161 trem,
224 1089 367 1160 retugium
382 1087 437 1145 visi
460 1090 527 1143 sunt
529 1126 657 1141 .......
682 1084 783 1140 iecisse
798 1082 946 1140 creantes
1000 1087 1137 1158 existant,
1160 1087 1335 1145 observando
1358 1090 1388 1145 lu
1403 1089 1538 1146 omnibus
1551 1091 1684 1146 omnium
1700 1089 1862 1150 obedien-

116 1179 360 1250 nobisproprium
371 1176 503 1248 electum,
522 1174 696 1232 bernardum
711 1174 837 1245 nomine,
853 1174 948 1233 diaco.
1002 1174 1084 1246 tiam,
1098 1189 1266 1248 omnemque
1281 1177 1517 1233 consuetudinem
1535 1181 1642 1233 sancta
1656 1178 1849 1242 &vennatis

116 1272 202 1325 natus
217 1265 311 1323 cilicio
333 1268 468 1336 utentem,
493 1270 523 1321 et
535 1269 719 1337 suggerentes
744 1276 801 1319 una
813 1277 878 1320 cum
893 1263 948 1319 de-
1002 1263 1146 1335 Ecciesia,
1163 1263 1282 1334 suisque
1295 1264 1532 1335 archiepiscopis,
1548 1265 1659 1336 absque
1673 1266 1756 1323 omni
1770 1281 1846 1325 con-

117 1361 195 1414 creto
206 1355 242 1412 ab
263 1355 307 1411 eis
321 1355 352 1410 in
366 1367 429 1411 eum
446 1351 531 1421 lacto,
547 1353 624 1410 hunc
644 1365 661 1408 a
674 1351 760 1408 nobis
773 1351 830 1408 sibi
843 1364 948 1409 conse-
1003 1351 1186 1423 tradictione,
1198 1351 1242 1408 vel
1259 1352 1398 1422 molestia,
1416 1359 1501 1423 prout
1515 1352 1764 1426 irrefragabiliter
1779 1355 1842 1427 pol.

116 1445 193 1503 erari
213 1443 384 1515 antistitem,
409 1456 444 1499 ne
468 1443 529 1513 ipsa
541 1441 668 1499 Ecclesia
684 1441 736 1498 diu
752 1440 814 1497 sine
835 1446 948 1510 pastore
1005 1438 1106 1496 licitus
1119 1444 1171 1496 est.
1199 1442 1269 1496 Nam
1287 1442 1312 1496 si
1337 1441 1407 1512 ipse,
1431 1441 1474 1498 vel
1489 1441 1598 1512 aliquis
1610 1442 1749 1500 decessor
1759 1445 1832 1518 ejus,

116 1534 340 1602 annihilaretur,
358 1538 386 1589 et
407 1533 554 1605 eligentes,
571 1536 656 1602 atque
678 1534 804 1601 petentes
817 1528 946 1599 acephali
1003 1534 1054 1584 aut
1065 1528 1175 1600 aliquis
1184 1535 1322 1600 vestrum,
1338 1534 1395 1585 tam
1408 1530 1622 1587 desacerdotaii
1632 1531 1739 1588 ordine
1749 1546 1830 1604 quam

117 1628 146 1681 et
161 1621 323 1695 vagabundi
346 1621 518 1678 incederent.
540 1621 598 1676 Nos
620 1624 726 1690 antem,
751 1624 782 1675 ut
805 1617 946 1697 diximus,
962 1615 988 1676 B
1003 1617 1039 1674 de
1051 1617 1146 1674 laicali
1159 1625 1245 1688 coetu,
1265 1625 1452 1690 contemptor,
1468 1619 1510 1676 vei
1533 1623 1733 1692 transgressor
1753 1635 1827 1694 appa-

118 1726 183 1770 cnm
205 1710 340 1782 proprlus
364 1708 602 1779 metropolitanus
619 1709 739 1779 deesset,
760 1707 832 1764 satis
854 1707 949 1771 abeis
1005 1706 1097 1763 ruerit
1111 1719 1161 1776 per
1172 1706 1550 1776 inobedientiamsacerdos
1562 1708 1613 1779 qui
1625 1709 1786 1778 exstiterit,
1799 1724 1826 1768 ex

118 1799 221 1874 rogati,
243 1799 411 1870 pradictum
425 1797 599 1854 bernardum
620 1797 650 1853 in
664 1796 761 1853 eadem
780 1796 948 1853 Placentina
1003 1795 1054 1851 Dei
1069 1796 1285 1866 omnipotentis,
1308 1799 1531 1868 sanctorumque
1543 1797 1744 1868 apostolorum
1758 1799 1824 1856 Petri

119 1888 249 1946 Ecclesia
272 1887 458 1959 previdimus
471 1899 637 1944 consecrare
657 1885 833 1957 episcopum,
847 1885 948 1942 dantes
1002 1884 1134 1941 eti’auii.
1158 1889 1186 1940 et
1211 1889 1308 1940 nostra
1330 1884 1488 1955 apostolica
1509 1886 1696 1959 auctoritate,
1723 1893 1825 1944 maneat

118 1977 165 2034 ilii
188 1977 219 2034 in
246 1977 389 2035 mandatis
414 1981 502 2047 atque
530 1975 663 2047 jubentes
695 1987 836 2045 expresse,
862 1978 895 2031 nt
917 1974 947 2031 in
1003 1973 1825 2048 suspensusaproprioministerio,quousquesolutionis

118 2066 196 2123 omni
219 2065 395 2136 subjectione
417 2063 595 2121 ethdeiitate
618 2078 648 2121 se
673 2063 727 2121 sub
748 2065 814 2134 jure
844 2067 948 2120 sanctae
1003 2063 1154 2137 gratiama
1175 2062 1565 2134 Ravennatearchiepiscopo
1579 2065 1752 2136 perceperit.
1767 2065 1825 2122 iai-

118 2155 291 2213 Ravennatis
305 2155 438 2213 Ecclesia
454 2155 624 2222 observaret,
649 2155 718 2226 quia
729 2154 772 2210 sic
789 2153 873 2211 nobis
884 2153 950 2225 pla·
1004 2166 1057 2208 cus
1066 2165 1141 2223 vero,
1153 2152 1203 2223 dui
1213 2151 1409 2208 contradictor
1422 2152 1598 2223 apparueris
1609 2152 1707 2210 avino
1716 2157 1746 2209 et
1753 2160 1825 2210 cocto

118 2245 200 2318 cuit3
216 2245 255 2302 ita
275 2246 398 2318 scilicet,
418 2249 450 2303 ut
474 2258 585 2303 omnem
607 2244 798 2301 obedientiam
820 2256 951 2300 omnem·
1006 2255 1164 2312 suspensus
1177 2242 1293 2311 existat,
1303 2256 1454 2313 quousque
1465 2241 1500 2297 ad
1517 2242 1664 2313 pradicta
1678 2243 1827 2300 solutionis

120 2349 176 2409 que
190 2335 369 2393 devotionem
382 2339 468 2406 atque
479 2335 715 2393 consuetudinem
738 2339 766 2390 et
784 2349 879 2404 usum,
896 2349 952 2391 an·
1007 2333 1128 2405 gratiam
1155 2332 1322 2403 pervenerit.
1340 2331 1461 2402 insuper
1474 2336 1575 2388 noscat
1587 2345 1618 2388 se
1634 2335 1738 2388 nostro
1752 2333 1826 2388 iate-

119 2428 275 2480 tecessores
295 2421 398 2479 iecisse
421 2422 588 2495 probantur,
612 2425 640 2478 et
663 2422 725 2492 ipse
741 2423 840 2479 devote
855 2423 952 2479 adim·
1008 2421 1122 2478 ranensi
1137 2421 1244 2492 palatio
1258 2419 1486 2493 quinquelibras
1497 2421 1562 2477 auri
1579 2419 1674 2478 obrizi
1685 2434 1750 2478 esse
1763 2435 1827 2477 com

122 2511 200 2582 plere
221 2517 330 2585 satagat
356 2512 386 2568 in
408 2519 505 2569 sancta
527 2512 687 2568 Ravennate
709 2501 845 2568 Ecclesia.
870 2511 950 2568 Unde
1004 2512 1178 2581 positurum,
1203 2515 1231 2566 et
1252 2509 1442 2566 anathematis
1465 2509 1583 2566 vinculo
1609 2509 1778 2578 innodatus,
1798 2509 1822 2564 in

120 2598 254 2655 volumus
261 2607 315 2656 eta
331 2599 463 2670 prasenti
476 2607 574 2656 octava
586 2599 745 2657 indictione
756 2599 946 2674 decernimus,
1002 2612 1094 2655 avum
1108 2600 1280 2669 permaneat.
1291 2598 1368 2654 lianc
1382 2601 1506 2654 nostram
1519 2596 1674 2668 epistolam
1688 2596 1734 2653 vei
1748 2596 1825 2654 terti-

121 2686 251 2744 eumdem
279 2690 406 2744 sanctam
436 2687 623 2743 Ravennatem
650 2688 804 2745 Ecclesiam
839 2688 946 2745 nuliam
1002 2688 1163 2745 licationem
1184 2692 1312 2743 sanctam
1335 2687 1525 2744 Ravennatem
1548 2686 1709 2743 Ecclesiam
1730 2685 1826 2742 habore

120 2773 256 2845 deinceps
286 2788 337 2845 pro
355 2774 451 2831 eadem
479 2789 495 2831 a
519 2775 604 2833 nobis
633 2776 848 2834 consecratione
876 2790 950 2833 con-
1001 2776 1193 2837 decernimus.

121 2877 210 2922 cessa.
224 2905 230 2919 .
244 2904 269 2919 ..
287 2865 414 2937 perpeti;
434 2865 481 2922 sed
498 2864 620 2939 anobis,
644 2866 810 2938 nostrisque
830 2879 948 2923 succes-
1381 2845 1443 2904 ΧΠ·

122 2949 238 3008 soribus
259 2951 446 3022 pontificibus
458 2953 498 3009 sit
500 2992 585 3009 .....
602 2944 986 3026 omnimodis3quinimoC
1055 2968 1183 3012 nrrsroca
1202 2968 1567 3013 soarrscorosrnovnvcrn
1584 2968 1775 3012 concursusrs.

122 3038 219 3096 eadem
241 3039 377 3110 pradicta
398 3047 496 3100 sancta
510 3041 674 3101 Placentina
695 3041 822 3100 Ecclesia
836 3043 866 3101 in
885 3044 945 3116 ius,
1320 3062 1414 3134 (pm,
1427 3059 1504 3135 890.)

121 3133 151 3184 et
199 3141 217 3184 n
313 3128 361 3184 in
580 3131 586 3144 ·
734 3133 740 3146 ·
795 3133 802 3145 ·
893 3133 899 3146 ·

122 3130 949 3293 r.istiltiathitliiiidiiiiiiil?
1035 3178 1130 3254 [nn
1144 3177 1335 3252 avaram
1356 3180 1586 3322 pappam
1601 3177 1828 3239 armam

122 3304 275 3361 admodum
288 3305 452 3377 antiquitus
466 3303 557 3364 luisse
572 3308 720 3380 recolitur,
735 3309 871 3367 omnibns
884 3323 949 3367 con-

123 3392 209 3449 sistat
229 3393 425 3466 temporibus:
456 3395 583 3453 volentes
605 3397 836 3470 uniuscujusque
849 3399 899 3469 jus
921 3403 949 3456 et

124 3480 308 3557 privilegium
332 3482 466 3542 Ecclesia
481 3484 690 3542 indiminutum
705 3486 813 3558 haberi,
830 3492 858 3543 et
872 3488 950 3544 irre-

123 3567 303 3642 fragabiliter
325 3571 477 3628 custodiri.
493 3573 597 3644 script.
613 3587 662 3644 per
676 3588 791 3631 manum
804 3575 948 3632 Benedicti

123 3657 234 3715 Notarii
260 3662 289 3713 et
309 3657 457 3714 scriniarii
494 3665 598 3716 sancta
625 3660 891 3732 sedisapostolicae
918 3665 948 3721 in

124 3759 221 3802 mense
228 3743 347 3815 Martio,
365 3745 523 3802 indictione
533 3761 620 3817 supra
635 3749 742 3819 scripta
755 3756 860 3806 octava.
877 3752 949 3808 Bene

125 3833 224 3890 valete.
237 3833 299 3888 Dat.
312 3840 400 3890 octav.
418 3834 479 3890 Kal.
496 3834 600 3907 bprii,
613 3850 663 3906 per
677 3851 790 3894 manum
809 3840 951 3898 lacharia

124 3921 176 3977 Dei
213 3921 317 3991 pietate
354 3921 513 3991 primicerii
551 3930 655 3981 sancta
690 3927 767 3984 sedis
788 3930 952 3999 apostolica

125 4021 210 4080 anno,
234 4010 291 4066 lieo
310 4010 446 4081 propitio,
470 4012 653 4082 pontificatus
677 4016 792 4072 Domini
817 4018 953 4094 Stephnnp

126 4098 231 4156 summi
248 4099 394 4169 pontilicis
407 4105 435 4157 et
451 4100 623 4159 universalis
638 4118 725 4177 papa,
750 4121 801 4176 pro
816 4111 955 4166 sacratis-

126 4189 199 4246 sima
220 4189 296 4246 beati
314 4189 388 4247 Petri
411 4189 533 4261 apostoli
556 4193 643 4263 scde3
660 4195 772 4267 quinto,
794 4196 853 4252 ind.
869 4195 888 4253 8
902 4213 956 4256 su-

127 4279 296 4351 prascripta.

1039 3349 1201 3405 Srnrurrvus
1218 3348 1380 3419 episcopus,
1399 3360 1498 3406 servus
1514 3362 1661 3406 servorum
1681 3348 1745 3417 Dei,
1761 3360 1831 3404 rere·

1005 3439 1170 3495 rentissimo
1193 3442 1220 3495 et
1244 3436 1426 3494 sanctissimo
1457 3435 1595 3494 confratri
1621 3442 1722 3494 nostro
1744 3437 1831 3492 iissr-

1003 3541 1106 3597 usnuo,
1131 3525 1351 3600 Agrippinensis
1379 3525 1504 3582 Colonia
1523 3525 1754 3596 archiepiscopo,
1783 3537 1830 3580 seu

1004 3615 1217 3673 venerabilibus
1240 3616 1376 3671 mauman
1399 3614 1570 3688 Tungrensi,
1593 3614 1736 3671 Oovomoo
1762 3614 1831 3670 Tra-

1000 3705 1133 3775 iectensi,
1161 3704 1321 3760 Wocrncuo
1346 3702 1654 3775 iiimigeruaiardensi,
1686 3703 1829 3759 Dnoocoru

1004 3792 1218 3863 iliimidonensi,
1233 3793 1375 3849 Ειιιιιιιιο
1386 3790 1618 3864 osnabruggensi
1628 3791 1829 3862 episcopis....·

1005 3885 1045 3940 De
1074 3887 1176 3939 catere
1205 3879 1366 3936 bremensis
1386 3878 1520 3936 Ecclesia
1543 3879 1638 3936 sedern
1667 3878 1832 3952 Agrippina

1006 3971 1130 4029 Colonia
1145 3967 1301 4038 subjectam
1315 3966 1346 4023 in
1357 3966 1557 4023 ecclesiastice
1567 3966 1734 4038 disciplina
1743 3965 1833 4024 oilicio

1009 4059 1099 4117 inisse
1131 4057 1301 4129 scripsistis,
1332 4057 1416 4126 qu'us
1441 4055 1511 4113 hnes
1534 4055 1666 4112 barbaris
1685 4057 1833 4129 contiguas

1010 4147 1143 4221 gentibus
1158 4145 1354 4221 significastis.
1371 4145 1460 4215 Quam
1473 4145 1509 4202 ob
1523 4158 1583 4203 rem
1597 4144 1735 4203 Guntarii
1749 4159 1835 4217 quon

1010 4239 1075 4297 dam
1100 4236 1354 4295 benevolentiama
1381 4235 1447 4292 sede
1462 4235 1620 4305 apostolica
1645 4248 1732 4291 usum
1756 4233 1833 4306 palili

515 4354 563 4409 XL
969 4301 1177 4397 Dpromereri,
1202 4331 1235 4382 ut
1252 4324 1369 4380 verbum
1383 4323 1433 4380 liei
1457 4323 1836 4393 honoratinspradimreet

1011 4429 1063 4472 suo
1082 4414 1299 4485 archiepiscopo
1328 4427 1436 4484 parere,
1460 4428 1510 4469 vos
1524 4412 1688 4482 scripsisse,
1714 4411 1835 4484 legentes

1011 4504 1140 4574 risimus,
1157 4503 1254 4558 mirati
1270 4502 1449 4573 prudentiam
1468 4505 1589 4557 vestram
1609 4499 1761 4572 arbitrari,
1782 4512 1835 4556 non

320 4572 520 4638 mmmmm·
531 4568 670 4640 'im
683 4568 760 4643 ⁸9⁰)
1008 4594 1044 4651 ad
1058 4592 1214 4649 ministerii
1231 4590 1431 4661 sacratissimi,
1446 4592 1494 4648 sed
1510 4590 1545 4647 ad
1555 4589 1706 4647 sauciaris
1714 4589 1836 4662 dignita-

126 4675 181 4730 Dat
197 4675 255 4730 iilis
263 4676 415 4746 pontificem
427 4676 609 4760 bernardum,
626 4679 956 4736 commendotsabmissio-
1009 4683 1048 4739 tis
1061 4681 1307 4739 honorificentiam
1326 4680 1408 4751 pallii
1432 4693 1515 4737 usum
1540 4694 1591 4750 pro
1613 4678 1702 4735 libitu
1717 4675 1837 4735 cuilibet

304 4762 366 4802 Μ
387 4748 592 4818 mmmm
614 4750 775 4807 nasama.
1009 4770 1111 4828 tribui.
1127 4770 1243 4826 Scilicet
1266 4769 1291 4826 si
1309 4768 1456 4840 provincia
1477 4773 1505 4824 et
1519 4766 1704 4840 suffraganei,
1731 4764 1836 4838 quibus

162 4850 323 4908 &sumnus
342 4854 494 4925 episcopus
512 4868 611 4913 servus
624 4870 770 4915 servornm
784 4860 846 4932 liei,
867 4860 957 4917 omni·
1011 4860 1118 4930 praeit,
1133 4859 1221 4928 deest,
1231 4857 1356 4930 qualiter
1370 4870 1453 4914 usum
1469 4854 1550 4927 palili
1566 4854 1737 4927 promeruit,
1751 4854 1838 4910 ambi·

128 4937 183 4995 hus
206 4942 413 5016 sacerdotibus,
426 4944 679 5018 atqneludicibus,
696 4948 782 5020 clero,
797 4953 826 5004 et
839 4949 956 5027 populo,
1010 4963 1096 5023 guum
1111 4947 1244 5004 habetur.
1268 4949 1466 5003 Verumtamen
1480 4950 1512 5002 ut
1526 4944 1676 5001 adteratur
1687 4942 1838 5017 ambigui-

128 5042 179 5090 seu
195 5032 334 5090 universa
345 5033 525 5107 generalitati
540 5034 691 5092 Placentia
701 5037 955 5123 commorantibus,
1011 5042 1054 5093 tas
1066 5041 1094 5092 et
1105 5037 1185 5105 justo
1195 5034 1325 5091 examine
1340 5033 1483 5090 rectitudo
1498 5032 1632 5103 libretur,
1649 5037 1838 5102 utrarumque

128 5121 260 5179 salutem.
986 5125 1137 5204 ,partium
1158 5123 1364 5192 disceptatores
1385 5122 1416 5179 in
1436 5126 1561 5178 nostram
1585 5122 1770 5192 prasentiam
1798 5132 1836 5176 re

164 5211 294 5282 Qualiter
314 5216 412 5268 sancta
437 5211 584 5269 Ravennas
596 5212 723 5269 Ecclesia
751 5215 862 5283 privata
883 5231 955 5285 pro·
1012 5216 1074 5272 nire
1093 5225 1313 5279 commonemus,
1340 5216 1373 5266 ut
1397 5210 1518 5267 liberius
1545 5224 1608 5282 qua
1637 5211 1714 5266 ratio
1738 5210 1836 5274 dictat

129 5301 194 5373 prio
209 5306 330 5371 pastore,
347 5299 377 5355 in
392 5299 502 5357 obitum
518 5302 604 5357 vestri
619 5302 757 5373 episcopi,
773 5302 889 5360 viduata
902 5306 959 5360 exi·
1012 5303 1110 5376 agnita
1131 5301 1259 5369 veritate,
1282 5299 1440 5369 apostolica
1454 5313 1574 5355 censura
1592 5300 1749 5370 decernat3
1772 5297 1838 5369 quia

129 5395 226 5460 steret,
240 5402 289 5446 vos
309 5402 391 5445 nosse
406 5403 456 5460 per
470 5390 565 5445 omnia
580 5389 705 5462 scimus;
721 5391 768 5446 sed
782 5391 816 5447 ad
840 5393 960 5463 supple-
1013 5391 1086 5449 etad
1100 5404 1165 5446 eum
1184 5388 1321 5444 similiter
1342 5388 1522 5459 scripsimus.
1544 5386 1630 5444 Nulla
1655 5388 1754 5460 itaque
1766 5386 1839 5442 ratio

129 5483 265 5552 mentum,
282 5483 310 5536 et
324 5478 547 5537 sublevationem
563 5484 662 5537 vestra
680 5480 814 5537 Ecclesia
830 5489 958 5540 nostrum
1011 5481 1094 5552 sinit,
1109 5480 1231 5537 duorum
1243 5476 1289 5533 liti
1296 5477 1330 5533 ad
1341 5476 1429 5534 unius
1437 5489 1531 5533 vocem
1541 5477 1688 5548 imponere
1696 5476 1780 5533 linem
1784 5515 1836 5531 .....

250 4464 285 4507 itii
303 4464 410 4509 ababli
432 4465 465 4509 Er
487 4464 611 4508 conuiuii
632 4465 829 4512 instabilitati.
