3876 6090
31 231 114 298 729
356 231 608 289 colluctantia.
629 262 666 273 -
683 226 784 288 snitu.
810 233 837 288 S.
858 230 982 290 Tribola.
1003 233 1133 290 sinum.
1156 237 1200 290 DE
1218 237 1245 292 S.
1269 238 1484 296 athiliomtl.
1718 241 1773 304 730

33 365 153 420 Passa
168 360 215 411 est
229 354 310 410 beata
329 353 462 423 Crispina
481 354 556 423 apud
575 352 721 409 Coloniam
741 353 894 409 Thebesti·
908 355 936 414 A
950 353 1065 410 Christo
1081 355 1111 410 in
1123 357 1234 412 unimte
1247 357 1374 426 Spiritus
1390 360 1482 415 sancti
1497 362 1525 416 in
1542 363 1645 418 saecula
1661 366 1775 422 sacculo

35 456 142 513 nam,
162 442 213 497 die
240 442 384 497 Nonarum
405 440 612 512 Decembrium,
638 441 794 510 imperante
812 441 896 497 hnu—
952 458 1026 499 rum.
1050 445 1146 500 Arnen.

35 534 125 592 lino
162 529 343 600 proconsule,
377 533 514 600 regnante
545 529 666 584 Domino
699 533 796 585 nostro
830 530 896 585 Jesu

32 703 1769 744 Q

411 847 610 950 SERMO
664 847 717 950 S.
780 850 1096 955 inconditi
1142 853 1438 962 siUbiiAE

624 1030 670 1086 DE
694 1030 1008 1090 scandiopolim
1034 1033 1221 1099 apostolo,

366 1151 653 1282 Interprete
713 1155 997 1256 Anastasio
1058 1157 1490 1267 Bibliotlrecnrr'o.

659 1386 756 1448 (Apud
772 1387 925 1451 Acherlum,
951 1389 1086 1452 Spieilegii
1100 1391 1118 1440 l.
1144 1392 1189 1454 ΙΙ.)

500 1607 702 1679 inrisioni
748 1611 968 1682 anastasii
1007 1614 1351 1687 humanationis.

822 1753 1023 1764 -———

97 1830 210 1886 Sancto
227 1843 261 1886 ac
282 1829 437 1886 venerabili
456 1829 537 1885 hrosi
560 1830 686 1885 antistiti
707 1831 896 1887 beneventino
913 1831 939 1891 B
953 1833 1063 1902 utilem,
1078 1833 1209 1889 obscuris
1223 1835 1402 1891 dictionibus
1417 1833 1510 1907 (quem
1525 1836 1707 1906 interpretari
1722 1836 1778 1893 tibi

52 1916 247 1974 Auusrnsius
260 1924 364 1975 sanctae
377 1918 454 1974 sedis
467 1918 631 1988 apostolicae
645 1918 895 1990 bibliothecarius,
953 1921 1081 1991 voluisti)
1097 1923 1196 1977 Graeco
1210 1922 1302 1978 edidit
1322 1921 1437 1992 lamine,
1454 1923 1503 1993 qui
1522 1924 1620 1980 Graeco
1638 1923 1777 1981 vocabulo

55 2005 94 2063 in
119 2008 248 2063 Domino
268 2007 398 2063 salutem.
953 1998 1232 2081 'Erxdproadicituu
1246 2011 1320 2080 quod
1337 2011 1436 2066 Latine
1445 2013 1622 2081 praeconium,
1639 2012 1698 2067 sive
1714 2013 1775 2066 tous

98 2098 231 2153 Ferreus
258 2097 448 2153 sanctimonia
475 2101 523 2152 tua
550 2098 626 2152 circa
655 2098 894 2155 bartholomaeum
953 2097 1134 2166 exprimitur.
1163 2097 1217 2166 Qui
1240 2099 1274 2153 ad
1297 2099 1462 2154 Latinitatis
1491 2099 1622 2154 notitiam
1650 2099 1775 2155 fideliter

55 2183 234 2256 apostolum
257 2185 339 2241 multi
361 2186 468 2241 amoris
488 2184 590 2241 aliectu
612 2200 655 2240 me
674 2198 765 2256 nuper
787 2188 897 2243 hortata
952 2186 1121 2254 translatus,
1150 2193 1182 2243 ut
1209 2188 1377 2256 scrupulum
1408 2201 1519 2243 omnem
1546 2188 1581 2243 de
1610 2188 1774 2244 nutantium

56 2279 119 2346 est,
150 2274 303 2345 quiajam
329 2276 392 2344 eius
420 2288 504 2344 penes
530 2289 559 2331 se
584 2275 707 2331 celebris
740 2276 898 2332 habebatur
953 2273 1116 2344 pectoribus
1134 2274 1254 2345 auferat,
1275 2282 1302 2330 et
1322 2276 1466 2344 improbas
1488 2276 1649 2332 invidorum
1669 2289 1702 2332 ac
1723 2277 1777 2332 de-

57 2365 223 2432 memoria,
246 2364 270 2420 si
295 2364 366 2435 quid
391 2363 420 2418 in
445 2363 529 2419 laude
559 2364 652 2432 ipsius
676 2364 776 2421 saltem
801 2364 905 2422 Graece.
953 2363 1127 2419 trabentium
1148 2364 1262 2434 linguas
1280 2365 1458 2433 comprimat,
1475 2369 1560 2434 atque
1584 2365 1774 2436 ignorantiam

58 2453 264 2521 inveniretur,
285 2453 360 2523 quod
380 2452 422 2508 rel
443 2453 541 2508 Latine
564 2452 607 2507 vel
628 2454 725 2509 Graece
742 2454 782 2509 sit
805 2455 898 2510 inter·
954 2453 1079 2508 instruat
1099 2452 1267 2512 insciorum.
1288 2458 1494 2522 consequenter
1515 2443 1653 2524 legendus
1671 2459 1723 2508 est.
1742 2455 1777 2509 Et

58 2544 229 2612 pretatum,
248 2540 305 2597 sibi
326 2541 478 2597 misissem.
502 2542 604 2597 Verum
624 2541 754 2611 quamvis
767 2543 797 2598 in
815 2543 898 2599 laude
954 2553 1059 2610 revera,
1083 2541 1151 2609 quia
1173 2540 1305 2596 Salomon
1326 2540 1391 2594 ait:
1413 2542 1541 2594 Mcnorro
1556 2541 1696 2609 justorum
1717 2556 1777 2596 cum

58 2630 170 2700 ipsius
185 2629 276 2685 multa
290 2629 474 2686 inveniantur
493 2644 556 2701 quae
569 2630 610 2685 vel
628 2631 728 2685 Latine
740 2630 783 2686 vel
803 2632 899 2687 Graece
954 2630 1093 2697 laudibus,
1110 2629 1170 2683 scio
1186 2629 1322 2699 quosdam
1334 2642 1390 2683 non
1403 2629 1526 2684 scientes
1542 2630 1694 2700 utriusque
1708 2629 1778 2686 idio

56 2717 219 2787 descripta
231 2708 310 2786 sunt,
326 2731 402 2773 unus
414 2723 506 2773 umen
523 2731 615 2774 sermo
629 2732 719 2788 nuper
733 2718 830 2775 editus
844 2725 897 2789 est,
956 2723 1028 2772 mata
1055 2717 1160 2786 linguae
1185 2717 1415 2786 interpretationi
1442 2731 1508 2773 meae
1528 2717 1725 2789 derogaturos,
1750 2722 1778 2773 et

58 2806 120 2876 qni
138 2809 238 2861 utrum
253 2805 352 2861 Latine
370 2806 529 2875 reperiatur
552 2805 633 2861 nullo
649 2807 787 2862 hactenus
800 2808 900 2863 decla·
955 2819 998 2860 me
1013 2819 1045 2861 ea
1060 2820 1211 2875 passurum
1229 2821 1290 2876 quaa
1306 2806 1447 2876 quondam
1464 2805 1513 2861 ille
1528 2806 1653 2862 caelestis
1667 2805 1778 2863 biblio-

59 2900 156 2951 ratur
171 2893 292 2949 indicio.
310 2894 390 2949 Hunc
405 2907 472 2966 ergo
488 2894 671 2963 interpretari
685 2901 713 2950 ot
729 2896 895 2964 paternitati
954 2895 1043 2949 thecae
1053 2894 1171 2949 cultora
1183 2894 1245 2950 suis
1257 2895 1370 2949 aemulis
1383 2894 1510 2963 pertulit.
1525 2893 1628 2950 Verum
1642 2893 1777 2965 quisquis
1797 2886 1800 2893 ⁴

60 2988 129 3039 tuae
151 2981 294 3038 destinari
313 2981 435 3038 decrevi.
456 2982 484 3038 Si
505 2989 600 3039 autem
624 2984 730 3053 qnaeris
744 2984 811 3053 quis
827 2983 899 3038 tanti
955 2983 1006 3038 ille
1018 2980 1084 3050 luit,
1095 2983 1158 3049 ejus
1171 2980 1337 3037 salubribus
1351 2982 1470 3037 monitis
1484 2981 1683 3038 eruditusnon
1699 2995 1729 3037 sc
1741 2981 1776 3037 ad
1831 3034 1838 3044 ,

62 3068 219 3127 sermonis
251 3068 388 3127 habeatur
419 3070 575 3140 expositor,
612 3069 735 3126 libenter
761 3071 896 3140 aperiam.
954 3070 1160 3128 detrahendum
1180 3070 1258 3125 velut
1271 3070 1419 3139 improbus
1433 3070 1668 3140 ingerat,sedad
1682 3070 1779 3125 corri-

63 3157 243 3214 Theodorus
260 3156 395 3213 videlicet
422 3158 540 3228 quidam
566 3159 702 3214 sacerdos
723 3160 797 3228 apud
820 3159 899 3214 Con·
917 3132 1077 3230 Cgendum
1100 3158 1182 3227 quasi
1205 3157 1313 3226 probus
1336 3158 1450 3213 accedat
1469 3176 1477 3225 3
1498 3171 1549 3213 nec
1572 3162 1636 3228 post
1659 3157 1777 3214 dorsum

64 3245 361 3314 stantinopolitanam
383 3245 480 3301 urbem
500 3245 679 3316 temporibus
700 3245 757 3302 luit
776 3247 898 3301 Adriani
955 3246 1054 3301 iratris
1066 3258 1165 3300 carnes
1179 3245 1344 3300 invidentiae
1358 3246 1441 3300 dente
1452 3246 1593 3315 decerpat,
1610 3244 1657 3300 sed
1674 3245 1776 3315 palam,

65 3332 220 3390 eticonis
240 3333 431 3388 Romanorum
453 3334 632 3405 pontillcum,
652 3334 697 3389 vir
711 3334 792 3389 valde
806 3334 899 3389 mira·
955 3335 980 3390 si
1000 3338 1100 3403 potest,
1124 3333 1227 3402 quoda
1242 3346 1308 3388 vero
1326 3332 1480 3402 discrepat,
1502 3331 1604 3387 affectu
1625 3332 1778 3388 charitatis

68 3420 155 3483 bilis,
172 3421 224 3491 qui
239 3435 294 3477 non
311 3421 402 3477 solum
424 3421 491 3477 ildei
510 3423 683 3490 constantia,
700 3422 899 3478 verumetiam
955 3422 1092 3478 emendet.
1114 3423 1174 3474 Non
1197 3420 1272 3475 enim
1295 3421 1428 3487 majorem
1449 3419 1569 3490 gratiam
1592 3425 1777 3475 consecutum

68 3508 205 3565 scientiae
229 3509 321 3580 gratia
344 3513 372 3564 et
394 3509 543 3581 signorum
571 3510 690 3579 polleret
713 3511 897 3581 virtutibus,
957 3510 1080 3580 invideo,
1097 3509 1144 3565 sed
1166 3514 1259 3580 grates
1280 3507 1391 3563 auctori
1416 3508 1547 3577 rependo,
1569 3508 1630 3578 qui,
1647 3508 1701 3563 etsi
1720 3520 1777 3562 nou

70 3597 199 3654 duorum
231 3597 411 3667 imperalium
444 3598 662 3670 insigniumque
691 3599 897 3670 coenobiorum,
955 3613 1004 3670 per
1025 3612 1077 3668 rue,
1100 3611 1149 3668 per
1167 3610 1353 3668 quoscunque
1375 3602 1468 3651 tamen
1491 3596 1617 3658 Latinos,
1633 3597 1668 3652 de
1683 3596 1731 3652 die
1747 3596 1776 3651 in

70 3685 170 3743 Stadii
192 3685 304 3741 seilicet
318 3690 346 3741 et
359 3686 575 3758 saccudiorum,
593 3687 770 3743 constitutus
788 3694 831 3743 est
844 3688 900 3743 ab-
953 3688 1029 3743 diem
1052 3687 1138 3742 donis
1163 3686 1260 3756 replet,
1290 3684 1398 3754 quibus
1419 3698 1449 3739 se
1472 3685 1563 3740 Graeci
1587 3684 1695 3739 ditatos
1716 3696 1778 3739 esse

73 3775 134 3830 bas.
157 3773 213 3843 Qui
235 3789 346 3844 semper
366 3775 394 3830 in
416 3775 579 3845 apostolicae
601 3776 678 3832 sedis
699 3778 900 3833 communione
956 3788 1124 3846 magnopere
1138 3773 1341 3845 gloriarentur.
1358 3774 1399 3828 Tu
1417 3778 1519 3839 tamen,
1535 3772 1662 3842 obsecro,
1679 3770 1704 3826 si
1719 3772 1777 3827 haec

75 3865 243 3935 persistens,
277 3864 475 3920 haereticorum
505 3866 613 3920 naenias
637 3870 665 3920 et
695 3866 899 3934 imperatorum
955 3851 1105 3918 translatio
1135 3876 1231 3931 parva,
1250 3862 1351 3931 placet,
1380 3874 1441 3916 eam
1469 3861 1613 3932 legendam
1644 3858 1777 3916 Ecclesiae

77 3951 220 4007 vesaniam
236 3951 301 4007 lidei
317 3953 488 4021 constantia,
503 3953 588 4007 etiam
603 3953 755 4008 tormentis
769 3953 897 4025 allectus,
955 3952 1044 4021 trade,
1068 3957 1096 4006 et
1118 3965 1169 4020 pro
1194 3964 1236 4006 me
1257 3953 1314 4005 lieo
1338 3951 1411 4004 hanc
1437 3949 1541 4021 legenti
1568 3949 1667 4005 saltem
1691 3947 1776 4005 semel

80 4039 182 4095 mentis
200 4039 307 4094 virtute
327 4041 481 4110 repressit,
497 4054 607 4097 necnon
622 4046 650 4096 et
663 4042 755 4096 sancti
772 4041 899 4110 Spiritus
953 4042 1037 4108 lipric
1065 4041 1171 4107 clepson
1199 4040 1294 4094 dicere
1322 4037 1399 4107 J'ube.
1429 4037 1519 4108 Salve,
1553 4037 1657 4107 praesul
1685 4042 1783 4119 amam!
1810 4092 1815 4097 .

84 4128 169 4198 gratia
192 4127 293 4198 plenus
314 4127 452 4197 opuscula
476 4128 615 4184 nonnulla
639 4129 802 4198 composuit
825 4129 899 4184 inter
953 4128 1018 4184 Deo.
1034 4128 1100 4184 Sine
1123 4127 1271 4199 margine⁸
1286 4126 1362 4183 salve
1375 4132 1404 4182 et
1419 4131 1597 4183 memoresto
1615 4125 1714 4181 fratris
1732 4126 1774 4182 tui

87 4230 140 4286 que
158 4223 186 4273 et
204 4229 362 4272 sermonem
390 4218 465 4274 huno
484 4217 519 4273 de
537 4218 566 4272 b.
595 4218 801 4274 bartholomeo
828 4217 899 4273 satis
953 4216 1110 4273 anastasii.

116 4324 165 4380 ·id
179 4327 223 4380 est
238 4322 302 4379 bne.

753 4549 1098 4612 PRAEFATINOULA.

120 4680 186 4739 luti
197 4683 395 4739 bartholomaei
407 4684 528 4753 apostoli
538 4684 698 4740 venerabile
708 4685 895 4754 omniumque
909 4680 935 4741 D
953 4680 1009 4737 imo
1022 4680 1127 4735 divinae
1142 4680 1368 4750 dispensationis
1385 4686 1497 4751 nutum,
1513 4681 1669 4751 lippareos
1684 4679 1777 4735 mira-

93 4762 191 4828 laudum
204 4772 325 4828 solemni
339 4772 527 4828 attollendum
539 4787 644 4842 corpus
656 4773 807 4842 preconio,
820 4785 896 4842 qua·
952 4770 1050 4826 biliter
1069 4769 1109 4825 sit
1128 4775 1254 4824 evectum
1268 4770 1297 4824 in
1310 4770 1446 4840 insulam,
1466 4770 1542 4826 unde
1565 4770 1703 4826 hodierna
1723 4783 1775 4826 so-

94 4848 147 4911 liter
156 4859 189 4914 de
201 4861 336 4915 Armenia
351 4861 485 4916 indorum
502 4861 649 4930 provincia
670 4867 734 4931 post
747 4861 895 4916 decessum
952 4859 1085 4915 lemnitas
1099 4857 1269 4927 celebratur,
1286 4858 1434 4926 cujusdam
1447 4859 1586 4915 Theodori
1604 4859 1777 4915 reverendis·

92 4938 188 5003 Polimii
199 4949 368 5021 regisatque
380 4948 535 5017 pontilicis,
547 4949 706 5019 aliquantis
716 4948 897 5004 elabentibus
952 4948 1018 5003 simi
1039 4947 1196 5002 sacerdotis
1221 4947 1345 5001 veridica
1368 4952 1411 5001 est
1437 4947 1575 5003 relatione
1597 4953 1774 5016 reseratum3

92 5034 160 5089 anuis
180 5050 229 5106 per
253 5037 420 5108 iniquorum
443 5043 529 5108 atque
554 5037 713 5093 infidelium
736 5038 894 5116 perfidiam,
953 5036 1036 5092 habet
1055 5036 1130 5090 enim
1152 5036 1195 5090 sic
1213 5036 1377 5105 hujusmodi
1400 5036 1526 5091 narratio
1546 5036 1637 5092 illius.

667 5253 808 5322 SERMO
846 5253 886 5321 S.
927 5251 1165 5321 hunebold.

119 5387 249 5450 liaximus
268 5395 383 5465 quidem
404 5395 494 5465 labor,
509 5402 546 5464 et,
563 5404 595 5451 ut
613 5396 726 5466 addam,
747 5396 896 5467 gloriaest
949 5398 997 5452 sed
1013 5397 1112 5467 majori
1133 5398 1283 5454 devotione
1303 5401 1409 5469 martyr
1426 5399 1549 5468 quisque
1567 5396 1651 5452 debet
1666 5393 1772 5460 attolli,

91 5480 233 5536 hunorum
259 5481 358 5537 laudes
381 5488 539 5554 conarere,
565 5484 687 5539 virtutes
710 5484 891 5553 predicare,
950 5485 980 5540 iu
1001 5486 1086 5555 cuius
1108 5485 1319 5543 beatificatione
1346 5489 1440 5542 omnis
1463 5497 1557 5540 sermo
1578 5498 1634 5540 non
1655 5479 1772 5552 subicit,
