3892 6090
742 239 920 297 ANASTASII
938 238 1207 294 utuntu'rnncaurr

539 526 715 637 uuit
771 524 1044 634 suintiAE
1094 516 1425 631 CRISPINAE

768 727 920 786 tintinnis
941 728 985 784 El*
1009 723 1192 793 mimis,

621 874 787 932 AUCTORE
806 873 1015 931 ANASTASIO
1031 861 1339 930 efflnofflucanto.

882 1057 1052 1069 ..ι-.-

159 1175 164 1186 ·
271 1161 366 1224 (Apud
380 1160 489 1220 Mabttt„
508 1160 567 1211 Vct.
580 1159 708 1219 Anaieot„
720 1172 752 1210 ox
766 1156 941 1219 manuscripto
955 1154 1045 1204 codice
1060 1151 1172 1203 caenobii
1188 1150 1269 1200 cancii
1287 1147 1444 1199 Theoderici
1458 1158 1539 1209 prope
1556 1142 1696 1202 iibemos.)

888 1303 1058 1316 ...--—-

167 1438 347 1497 Diocletiano
359 1440 424 1496 liet
437 1439 610 1496 Maximiano
623 1439 753 1510 Augusto
773 1434 954 1506 oonsulibus,
969 1433 995 1493 A
1009 1432 1062 1488 Sed
1078 1429 1132 1502 iac,
1143 1430 1169 1486 si
1179 1429 1254 1485 visa
1271 1427 1365 1500 legum
1380 1425 1530 1483 severitate
1543 1422 1682 1479 immunis
1706 1421 1823 1477 evadere
1913 1440 1927 1448 ·

133 1528 182 1586 die
199 1529 344 1585 Nonarum
366 1527 574 1599 Decembrium,
596 1523 957 1597 apudcoloniameebe-
1010 1507 1899 1587 Beatacrispinarespondit:Quoddicisnontimeo,boc:›
1927 1527 1946 1554 ι

132 1615 249 1686 stiuam,
259 1615 290 1671 in
298 1615 451 1671 secretario
461 1629 512 1685 pro
523 1614 662 1672 tribunali
677 1614 820 1670 assidente
829 1611 956 1668 Anuiino
1011 1606 1086 1663 nibil
1101 1609 1152 1662 est.
1176 1607 1263 1661 Deum
1281 1608 1376 1659 autem
1396 1601 1446 1673 qui
1466 1601 1495 1656 in
1510 1600 1646 1657 coelisest
1666 1598 1693 1654 si
1708 1601 1910 1653 conum—

132 1702 311 1774 proconsule,
329 1702 588 1760 commentariense
609 1700 734 1758 odicium
745 1700 837 1756 dixit:
850 1700 958 1771 Thaga-
1012 1708 1102 1766 psero,
1124 1693 1263 1764 sacrilega
1276 1705 1335 1763 ero,
1352 1696 1380 1747 et
1392 1690 1478 1746 semei
1491 1703 1535 1745 me
1547 1688 1654 1759 perdet,
1669 1690 1703 1743 ut
1719 1699 1778 1743 non
1791 1685 1909 1739 in-
1938 1704 1946 1728 ι

133 1790 226 1847 rensis
246 1789 389 1858 crispina,
407 1803 470 1860 quac
488 1790 577 1862 legem
592 1789 775 1846 dominorum
793 1787 955 1858 principum
1011 1781 1146 1840 veniarin
1158 1782 1209 1837 ilio
1220 1780 1268 1836 die
1279 1784 1409 1836 venturo.
1421 1778 1568 1834 anulinus
1584 1773 1866 1846 proconsnidixitzz

131 1876 313 1947 contempsit,
325 1877 350 1931 si
359 1876 482 1946 jusseris
491 1877 636 1933 audiatur.
650 1875 796 1932 Anulinus
805 1872 956 1944 proconsul
1010 1870 1153 1942 eacriiega
1163 1884 1218 1926 non
1231 1869 1299 1938 eris,
1314 1869 1340 1924 si
1356 1867 1446 1924 sacris
1458 1867 1634 1935 obtemperes
1644 1863 1869 1934 jussionibus.
1900 1882 1945 1908 ιι

132 1962 228 2020 dixit:
244 1965 408 2022 inducatur.
427 1964 461 2020 Et
483 1963 600 2020 inducta
616 1965 697 2020 beatu
717 1963 859 2032 crispina,
875 1961 959 2017 Anu·
1012 1958 1234 2028 Beatacrispina
1246 1956 1408 2027 respondit:
1420 1955 1494 2025 Quid
1515 1953 1582 2010 visi
1594 1957 1627 2009 nt
1636 1953 1691 2008 sim
1700 1951 1798 2008 sarrit
1812 1974 1830 2014 ·‚.
1859 1989 1870 1996 -
1931 2002 1942 2009 ,

134 2050 483 2122 linusprocunsnidixit:
497 2053 632 2122 Praecepti
643 2052 718 2108 sacri
731 2048 957 2122 jamoognuvisti
1012 2047 1088 2117 apud
1109 2048 1208 2115 Deum,
1229 2050 1257 2101 et
1279 2045 1353 2115 apud
1380 2044 1565 2113 imperatores
1580 2054 1637 2097 nun
1652 2038 1867 2096 simibbsit-
1943 2058 1946 2075 ι

30 2152 33 2157 ·
133 2139 427 2197 seutentiamiiieata
441 2141 574 2210 crispina
583 2139 747 2209 respondit:
763 2138 837 2208 Quid
851 2150 959 2207 praeue-
1012 2138 1087 2191 Deus
1109 2147 1237 2206 magnus.
1254 2133 1304 2204 qni
1327 2131 1397 2188 iecit
1414 2144 1500 2200 mare,
1516 2135 1545 2186 et
1563 2128 1667 2185 herbas
1678 2128 1799 2197 virides,
1812 2132 1943 2182 ete

134 2226 801 2298 ptumsitnescionnutinusprooonsutdixit:
814 2227 850 2281 Ut
861 2224 960 2282 omni-
1013 2223 1122 2279 aridam
1138 2228 1260 2294 terrain:
1277 2220 1407 2276 homines
1425 2226 1520 2276 autem
1542 2216 1610 2274 tacti
1626 2216 1753 2287 abipso,
1770 2214 1946 2286 quib

44 2347 48 2351 -
134 2313 550 2385 buediisnustrisprosalute
566 2315 728 2386 principum
741 2313 894 2380 sacrifices,
910 2325 960 2367 se-
1014 2307 1388 2380 mibipossuntpraestare‘i
1406 2307 1552 2364 Anniiuus
1571 2305 1725 2376 proconsul
1743 2303 1868 2361 dixit:
1935 2322 1942 2357 ε

135 2401 261 2458 eundum
276 2400 364 2472 legem
380 2403 502 2458 damma
519 2403 646 2459 dominis
661 2402 768 2458 nostris
782 2400 959 2457 Diociioiano
1012 2399 1079 2455 cute
1097 2398 1265 2470 religionem
1289 2399 1454 2464 Romanam,
1470 2400 1594 2467 quamet
1613 2395 1725 2452 domini
1748 2393 1866 2450 nostri
1879 2390 1938 2445 -i

135 2487 959 2560 etttaxtmianopiisnngustis,etconstantionobiiissimo
1015 2487 1200 2543 invictissimi
1213 2486 1337 2542 caesares
1357 2491 1385 2540 et
1406 2485 1527 2554 nosipsi
1547 2483 1741 2540 observamus.
1758 2483 1935 2537 ΜΕ

134 2571 253 2630 Cesum.
284 2575 367 2630 Beata
389 2575 521 2644 crispina
544 2575 704 2645 respondit:
732 2576 883 2645 Nunquam
907 2589 958 2646 eqo
1012 2574 1146 2643 crispina
1172 2573 1335 2643 respondit:
1362 2573 1450 2629 Deum
1471 2572 1536 2628 novi
1560 2576 1689 2628 tantum:
1714 2566 1872 2626 mamilli
1923 2561 1931 2616 i

135 2659 306 2732 sacrificavi,
337 2674 387 2717 nec
410 2662 537 2731 scarico,
563 2663 619 2718 nisi
644 2663 695 2719 nni
712 2663 769 2718 Deo
790 2667 818 2718 et
838 2662 957 2718 Domino
1013 2661 1122 2732 lapides
1143 2666 1220 2731 sunt,
1241 2665 1268 2716 et
1291 2661 1423 2733 figmenta
1437 2671 1573 2716 manuum
1589 2658 1740 2715 bominum
1755 2656 1855 2713 iacta.
1922 2691 1928 2704 ·

135 2752 235 2807 nostro
244 2749 309 2805 iesu
318 2748 594 2818 christuFilioejus,
606 2750 656 2820 qni
666 2754 749 2806 natus
759 2754 801 2806 est
811 2755 955 2819 etpassus.
972 2736 1157 2806 anuiinus
1180 2749 1330 2818 proconsul
1352 2749 1446 2805 dixit:
1471 2747 1679 2818 Biaspbemiam
1699 2745 1851 2816 loqueris·
1919 2774 1926 2801 ι

135 2834 281 2894 Anulinus
303 2836 563 2904 proconsuldixit:
580 2835 957 2910 Amputasuperstitionem,
1014 2837 1416 2908 namnonprosequerisquae
1431 2836 1519 2893 saluti
1533 2841 1591 2891 tum
1605 2833 1792 2891 conveniunt
1809 2832 1871 2887 Er
1914 2832 1927 2879 t

135 2926 166 2981 et
179 2922 302 2994 subjuga
316 2926 402 2993 caput
415 2928 497 2980 tuum
509 2925 544 2980 ad
560 2937 640 2980 sacra
654 2925 771 2981 deorum
785 2932 957 2982 nostrorum.
1014 2923 1119 2994 adjecit
1132 2923 1277 2980 Anniinus
1289 2923 1452 2995 proconsul,
1463 2929 1492 2979 et
1502 2921 1765 2979 commentariense
1779 2918 1926 2977 odi-

135 3009 221 3067 Beata
241 3008 375 3079 Crispina
396 3011 562 3081 respondit:
587 3012 711 3068 cottidie
733 3026 859 3069 veneror
872 3016 960 3070 Deum
1015 3010 1925 3078 ciodixit:Adornnemdeformitionemdeducta‚anova--···

137 3108 243 3169 meum,
258 3101 360 3166 praeter
372 3111 455 3168 quem
467 3098 556 3155 aliurn
572 3112 629 3156 non
643 3100 718 3156 novi.
735 3099 879 3157 anulinus
892 3116 962 3171 pro-
1015 3099 1081 3155 cuia
1103 3098 1209 3154 ablatis
1227 3098 1360 3154 crinibus
1380 3099 1553 3163 decalvetur,
1577 3103 1611 3153 ut
1625 3098 1689 3166 ejus
1716 3094 1925 3166 primunt:

136 3184 238 3242 consul
260 3185 353 3241 dixit:
383 3186 460 3242 Dura
480 3200 511 3242 es
529 3191 557 3242 et
577 3189 776 3257 contemptrix,
792 3196 821 3244 et
839 3190 962 3259 incipies
1016 3186 1104 3257 facies
1115 3187 1150 3242 ad
1166 3199 1296 3256 pompam
1310 3186 1464 3255 perveniat.
1482 3187 1564 3242 Beata
1576 3184 1712 3253 crispina
1723 3196 1928 3253 respon-‘⁶

135 3271 195 3329 vim
207 3271 787 3347 tegumvnvttasusttnerebeatacrispina
798 3278 959 3348 respondit:
1015 3274 1077 3330 dit:
1101 3276 1267 3345 toquentur
1280 3274 1336 3343 ip'si
1349 3273 1404 3343 dii,
1419 3278 1448 3330 et
1466 3274 1596 3330 credam:
1618 3285 1670 3344 ego
1683 3273 1709 3327 si
1722 3268 1928 3328 minuam

136 3358 283 3432 Quidquid
293 3362 442 3419 emerserit
457 3376 507 3432 pro
522 3362 577 3419 ilde
587 3377 647 3420 mea
660 3378 744 3434 quam
755 3367 847 3436 teneo,
865 3366 962 3422 iiben-
1017 3375 1072 3418 non
1088 3374 1242 3433 quaererem
1265 3361 1447 3430 audiendam,
1462 3365 1528 3417 ante
1542 3358 1670 3416 tribunal
1686 3365 1770 3416 tuum
1788 3364 1886 3414 nor(
1898 3355 1931 3398 ¹¹

135 3456 181 3509 ter
193 3449 296 3521 patiar.
322 3450 468 3506 Anulinus
493 3452 644 3520 proconsul
668 3452 761 3508 dixit:
788 3453 905 3509 vanitas
918 3459 962 3510 est
1015 3462 1116 3506 essem.
1135 3449 1281 3505 anulinus
1300 3448 1453 3518 proconsul
1468 3449 1560 3504 dixit:
1583 3448 1640 3504 Diu
1653 3447 1749 3504 vivere
1763 3447 1833 3504 deei-
1872 3459 1927 3477 ’-

136 3537 227 3595 animi
241 3537 297 3608 tui,
318 3543 351 3593 ut
368 3539 427 3607 jam
443 3550 498 3592 non
522 3538 642 3594 dimissa
662 3539 867 3608 superstitione
881 3554 961 3596 sacra
1015 3538 1108 3607 denas,
1123 3540 1174 3592 aut
1187 3537 1259 3593 mori
1276 3537 1306 3592 in
1318 3537 1419 3607 poenis,
1435 3537 1512 3593 sicut
1526 3541 1555 3593 et
1567 3541 1677 3592 oaeterae
1694 3533 1937 3592 consortcraei

137 3621 254 3681 nomina
267 3623 420 3680 venereris.
442 3623 525 3677 Beata
538 3623 671 3694 crispina
687 3626 851 3694 respondit:
867 3627 963 3683 Cotti-
1016 3630 1072 3679 tua:
1083 3623 1215 3693 Maxima,
1235 3624 1388 3690 Donatilla
1402 3628 1430 3680 et
1452 3624 1589 3681 secumda.
1606 3624 1691 3679 Beata
1711 3614 1941 3693 (inopinati

64 3778 68 3785 ¹
135 3710 185 3767 die
208 3723 337 3780 veneror,
365 3709 412 3765 sed
441 3709 594 3765 Dominum
621 3724 724 3781 meum,
753 3718 854 3782 praeter
877 3728 960 3784 quem
1015 3712 1177 3781 respondit:
1195 3712 1225 3767 Si
1243 3713 1315 3768 mori
1326 3712 1437 3781 veliem,
1451 3718 1479 3768 et
1501 3713 1531 3768 in
1547 3712 1699 3768 interitum
1717 3711 1885 3767 animans
1911 3702 1944 3743 ¹¹

135 3796 227 3853 aliurn
247 3809 303 3852 non
319 3795 395 3850 novi.
410 3793 555 3852 Anulinus
573 3797 725 3865 proconsul
738 3798 829 3854 dixit:
843 3801 901 3872 Ego
911 3815 962 3857 sa-
1015 3800 1136 3870 tradere,
1152 3801 1218 3856 etin
1234 3800 1327 3872 ignem
1347 3806 1493 3871 aternum,
1508 3801 1568 3858 tuis
1581 3800 1735 3857 daemoniis
1746 3800 1892 3857 damna
1905 3788 1941 3831 ¹

136 3895 218 3940 erum
233 3886 402 3952 preceptum
416 3879 530 3937 offeram
549 3883 626 3952 quod
641 3882 781 3941 observes.
798 3887 880 3943 Beata
894 3888 962 3943 cri·
1015 3887 1188 3944 voluntatem
1207 3901 1304 3943 meam.
1319 3887 1629 3958 Anulinusproconsui
1644 3887 1738 3944 dixit:
1753 3876 1910 3955 caput!
1933 3873 1944 3911 ¹

136 3968 221 4039 spina
244 3967 408 4037 respondit:
428 3968 602 4039 Praeceptum
623 3971 751 4043 observo,
777 3976 825 4030 sed
844 3977 959 4032 Domini
1016 3975 1069 4031 tibi
1086 3976 1221 4045 incidam,
1231 3977 1255 4032 si
1271 3976 1339 4032 deos
1353 3976 1529 4033 venerabiies
1540 3974 1831 4046 adoraredispexeris
1885 4005 1894 4010 ,
1935 3971 1942 3976 ”

137 4054 193 4112 mei
206 4055 273 4113 iau
286 4054 404 4111 christi.
424 4055 569 4113 Anniinus
584 4062 734 4127 proconsul
749 4040 1096 4121 dixit:PerdesCBeata
1122 4063 1255 4134 crispina
1276 4065 1442 4134 respondit:
1461 4064 1576 4121 Gratias
1600 4076 1653 4136 ago
1684 4065 1743 4121 Deo
1771 4075 1840 4127 mee.
1877 4085 1910 4113 e

136 4148 233 4215 caput,
258 4145 283 4201 si
305 4159 361 4202 non
380 4145 516 4203 obediens
534 4146 626 4205 fueris
643 4149 736 4219 jussis
756 4150 959 4220 imperatorum
1014 4152 1039 4207 si
1059 4152 1111 4208 boc
1134 4149 1214 4208 fuero
1228 4157 1388 4208 consecuta.
1404 4153 1496 4222 Caput
1510 4165 1603 4208 meum
1626 4151 1715 4223 perdo
1736 4150 1837 4208 mmet:
1899 4147 1919 4183 ἲ

136 4230 319 4291 dominorum
345 4239 520 4304 nostrorum,
549 4236 655 4308 quibus
681 4237 824 4293 deservire
849 4239 960 4310 cogeris
1014 4240 1062 4295 sed
1078 4240 1103 4297 si
1128 4239 1329 4296 thurificavero
1359 4241 1490 4297 idoliis...
1514 4239 1658 4297 anulinus
1687 4238 1839 4311 proconsni

136 4320 400 4394 subjugata:quod
415 4327 442 4379 et
459 4324 554 4380 omnis
566 4324 663 4380 Africa
677 4322 755 4392 iecit,
770 4338 820 4381 nec
832 4325 887 4381 tibi
901 4328 961 4384 du·
1013 4328 1395 4387 dixit:iitomninoinisto
1410 4334 1560 4386 sensutuo
1581 4329 1671 4385 stulto
1687 4326 1841 4399 persistis?
1921 4386 1942 4401 ,

137 4408 217 4467 bium
235 4413 288 4466 est.
309 4411 392 4467 Beata
409 4411 542 4482 crispina
557 4412 720 4481 respondit:
745 4414 896 4484 Nunquam
920 4415 959 4471 sit
1014 4417 1097 4472 beata
1105 4417 1239 4488 crispina
1253 4419 1417 4489 respondit:
1431 4421 1507 4475 Deus
1521 4431 1602 4474 meus
1615 4417 1666 4488 qui
1676 4424 1733 4491 est,
1752 4415 1839 4488 etqui

137 4497 200 4556 iliis
213 4496 294 4569 bene,
311 4503 343 4556 ut
362 4512 405 4555 me
423 4499 574 4556 demoniis
593 4497 700 4556 iaciant
718 4501 896 4558 sacriticare:
910 4505 958 4560 sed
1013 4503 1080 4576 tuit,
1101 4504 1162 4575 ipse
1188 4518 1232 4560 me
1243 4505 1333 4574 lussit
1345 4505 1440 4576 nasci:
1456 4506 1518 4576 ipse
1537 4505 1618 4562 dedit
1632 4504 1707 4561 mibi
1720 4505 1839 4562 saluum

135 4586 266 4643 sacrifico
281 4588 415 4658 Domino,
440 4589 490 4658 qui
506 4587 574 4644 iecit
587 4588 689 4646 coelum
705 4596 733 4646 et
752 4595 866 4662 terram,
883 4605 959 4647 mare
1013 4604 1063 4662 per
1072 4605 1174 4663 aquam
1183 4591 1338 4663 baptismi:
1354 4595 1533 4664 ipsemecum
1544 4598 1597 4662 est,
1611 4596 1644 4649 ut
1656 4593 1757 4650 anima
1770 4606 1839 4663 mea,

136 4674 343 4745 etomniuquae
357 4675 388 4731 in
403 4674 446 4731 eis
458 4679 535 4731 sunt.
546 4676 690 4734 Anulinus
702 4679 853 4748 proconsul
863 4679 955 4737 dixit:
1012 4681 1089 4737 sicut
1102 4686 1134 4737 tu
1146 4681 1200 4754 vis,
1217 4695 1273 4738 non
1294 4680 1382 4738 iaciat
1396 4682 1589 4754 sacrilegium.
1604 4681 1755 4738 Anniinus
1774 4694 1841 4751 pro-

135 4760 270 4832 iirqoisti
284 4761 327 4816 dii
343 4774 399 4817 non
415 4768 511 4819 sunta
528 4769 555 4820 te
569 4767 686 4836 accepti¹
704 4767 810 4838 quibus
824 4768 958 4824 exhibere
1012 4769 1111 4825 consui
1141 4770 1230 4826 dixit:
1261 4770 1335 4839 Quid
1361 4771 1494 4840 pluribus
1530 4769 1699 4827 sufferimus
1723 4769 1840 4841 impiam

134 4849 315 4921 cognosceris
330 4849 366 4920 [t.
387 4849 512 4927 cogeris]
528 4851 707 4926 famulatum,
724 4860 755 4912 ut
768 4856 843 4913 saiva
858 4871 959 4926 perve-
1010 4856 1194 4926 crispinam?
1214 4856 1281 4912 nota
1291 4871 1326 4912 ex
1344 4857 1442 4913 codice
1452 4871 1515 4928 quae
1535 4857 1613 4913 diota
1625 4861 1695 4913 sunt
1708 4857 1841 4930 relegan-

135 4938 199 4996 niae
226 4939 261 4995 ad
295 4938 482 4995 devotionem.
517 4942 598 4997 Beata
625 4944 757 5013 crispina
792 4946 953 5014 respondit:
1011 4948 1067 4999 tur.
1086 4946 1198 5000 Etcum
1212 4944 1413 5016 relegerentur,
1433 4946 1579 5002 Anulinus
1596 4945 1754 5014 proconsul
1771 4958 1839 5002 sen-

133 5025 219 5083 Nnila
239 5026 352 5082 devotio
367 5031 410 5082 est
423 5042 485 5098 quae
504 5031 627 5099 opprimi
649 5033 726 5103 cogit
744 5034 859 5090 invitos.
874 5033 958 5091 Anu·
1011 5033 1129 5089 tentiam
1141 5032 1176 5087 de
1200 5032 1297 5088 libello
1316 5033 1399 5105 legit:
1425 5033 1558 5104 crispina
1576 5034 1606 5089 in
1630 5034 1839 5104 superstitione

135 5115 216 5172 linus
235 5114 385 5184 proconsul
400 5115 491 5171 dixit:
507 5117 559 5173 Sed
577 5117 686 5174 utinam
701 5121 800 5176 devota
815 5123 954 5192 sequaris,
1012 5119 1129 5191 indigna
1137 5120 1303 5190 perdurans,
1311 5121 1722 5191 quadiisnostrissaoriueare
1735 5123 1836 5183 uoluit,

135 5205 168 5259 ut
181 5201 212 5257 iu
234 5200 350 5271 templis
372 5201 463 5258 sacris
483 5203 555 5260 deno
573 5206 665 5274 eapite
687 5206 747 5262 diis
767 5208 955 5267 Romanorum
1012 5208 1167 5264 secundum
1183 5208 1304 5280 Augusti
1316 5208 1388 5280 legis
1401 5209 1561 5265 mundatae
1580 5209 1729 5268 coelesti...
1745 5210 1836 5267 locum

135 5288 221 5346 :bara
236 5288 374 5345 immoles.
397 5289 480 5345 Βοιιιι
499 5291 631 5361 crispina
647 5294 808 5363 respondit:
828 5297 884 5352 Hoc
899 5311 955 5354 non
968 5341 996 5403 D
1010 5296 1112 5366 tendit,
1124 5308 1185 5351 eam
1196 5295 1291 5366 gladio
1301 5296 1487 5354 animadverti
1497 5296 1594 5367 lussit.
1610 5297 1837 5368 Beatacrispina

133 5374 188 5433 ieci
198 5374 353 5446 aliquando
367 5390 401 5432 ex
414 5390 471 5447 quo
489 5383 643 5448 naucum,
659 5394 710 5435 uec
729 5383 804 5453 novi,
822 5397 871 5439 nec
882 5383 956 5442 inuio
1012 5384 1175 5455 respondit:
1195 5384 1309 5440 Christo
1324 5385 1423 5441 laudes
1436 5399 1499 5458 ago,
1518 5385 1657 5444 benedico
1670 5387 1835 5454 Dominum,

134 5476 286 5536 usquequo
305 5465 364 5520 vita
385 5463 492 5519 vixero.
518 5464 664 5523 Anulinus
685 5471 837 5536 proconsul
858 5472 951 5529 dixit:
1009 5473 1059 5544 qui
1083 5472 1126 5529 sic
1150 5486 1194 5529 me
1207 5473 1242 5529 de
1254 5472 1387 5531 manibus
1407 5473 1467 5531 tuis
1488 5474 1626 5546 dignatus
1648 5482 1694 5534 est
1717 5477 1843 5557 liberare·
