3876 6090
40 213 92 271 32⁴

443 224 714 280 INTERPREFATIO
732 225 855 281 SYNODI
875 222 920 277 vn
940 224 1140 284 GENERALIS.
1156 259 1193 268 -
1210 230 1310 286 ACTIO
1330 231 1372 287 lv.

1701 229 1756 288 322

42 352 111 408 ergo
126 340 164 409 ei,
190 342 265 420 qnod
291 350 491 416 et.antequam
515 348 740 417 suscepissemus
760 345 913 404 litterasA
931 361 1085 418 humanum
1113 365 1176 433 ejus
1204 366 1415 436 characterem,
1439 375 1468 423 eg
1490 368 1620 424 pumanae
1646 370 1752 440 speciei

44 430 145 482 vestra
160 430 218 486 Deo
238 432 439 502 amabilitatis,
455 449 520 489 cum
537 436 592 492 huc
605 437 779 505 pervenisset
797 435 871 490 idem

45 513 105 582 ipse
121 518 179 572 Deo
195 519 331 575 amabilis
345 522 506 594 epliscopns,
521 524 555 578 ad
571 537 727 579 sermonem
742 524 872 580 venimus

45 617 108 658 cum
122 619 166 674 eo,
183 606 380 675 dijudicantes
394 623 508 667 sensum
524 613 597 682 ejus,
611 612 707 682 qualis
720 611 872 668 haberetur

46 693 209 750 sentientia
217 710 303 766 super
315 698 362 753 his
371 713 433 769 qua
447 700 632 756 audieramus
641 701 675 755 de
685 700 736 755 illo
746 720 751 754 :
762 707 790 756 et
800 702 872 757 hanc

47 781 290 854 nobisproposnit
305 788 487 843 traditionem
498 789 507 858 l
517 788 576 858 Gr,
587 789 736 858 rationem,
749 803 799 845 sen
808 804 873 860 apo·

48 871 170 943 logiam:
195 874 336 931 rationem
351 877 431 930 lrobet
447 894 496 932 ms.
514 878 587 947 lod]
604 875 812 947 (opportunum
829 881 873 934 est

49 960 129 1030 euim,
145 965 179 1016 ut
206 964 303 1018 omnia
326 965 474 1020 subtiliter
500 966 696 1038 significemus
714 968 772 1022 Deo
790 981 873 1022 ama-

49 1047 152 1104 bilitati
167 1050 244 1123 tua)
258 1052 335 1121 quod
351 1053 615 1109 audissctdivinam
632 1054 808 1123 scripturam
821 1055 873 1109 di-

51 1142 170 1193 centem:
190 1140 251 1192 Non
272 1142 358 1206 tricies
379 1157 480 1196 omnem
495 1142 711 1211 similitudinem,
740 1143 778 1196 aad
800 1143 872 1197 strio-

51 1227 160 1280 raadum
183 1243 252 1298 com,
286 1245 378 1283 coram
401 1246 460 1299 qaae
480 1246 589 1285 sarsrtm
607 1234 636 1284 ia
658 1233 723 1288 coelo
745 1237 770 1285 ct
791 1248 872 1300 sopor

51 1319 142 1369 ιεπαιη
161 1321 228 1370 suat
252 1315 357 1386 (Euod.
380 1317 447 1391 xxi.
472 1319 574 1375 Contra
592 1320 669 1389 ldis,
692 1320 796 1389 iuxta]
819 1320 871 1375 hoc

52 1403 118 1459 dixit
145 1406 216 1475 quia
238 1419 294 1461 non
310 1413 421 1477 oportet
440 1409 558 1463 adorare
573 1407 743 1479 manufacta,
764 1409 790 1463 id
816 1413 868 1478 est,

53 1505 106 1561 quae
127 1491 165 1547 ab
193 1492 362 1550 hominihus
397 1502 464 1552 sunt
500 1495 636 1553 confecta.
662 1499 730 1551 Nam
757 1503 871 1551 sanctos

51 1580 147 1636 christi
165 1587 315 1653 martyres,
332 1597 412 1640 veras
425 1584 490 1640 fidei
508 1585 684 1657 margaritas,
710 1585 788 1640 omni
814 1585 870 1639 ho-

930 464 1014 517 quam
1026 465 1075 519 per
1086 465 1198 508 carnem
1212 454 1347 522 suscepit,
1363 454 1527 524 imaginem,
1540 461 1569 509 ει
1579 469 1634 510 uon
1647 456 1752 511 incom-

931 538 1133 606 prehensibilis
1143 542 1214 610 ejus,
1227 548 1255 596 ει
1266 541 1426 597 invisibilis
1439 543 1567 610 deitatis,
1585 542 1749 614 formantes,

928 625 995 680 hinc
1010 635 1155 696 quaesunt
1176 629 1240 685 lldei
1262 635 1463 699 representare
1485 644 1620 702 urgemur
1640 627 1755 705 [satagi-

928 712 1013 787 musl.
1030 718 1210 772 ostendentes
1225 718 1300 788 qnod
1317 732 1373 774 uon
1390 732 1439 788 per
1455 719 1633 788 phantasiam
1649 725 1677 775 et
1692 732 1751 774 um-

927 800 1035 858 bratice
1049 809 1179 860 naturam
1195 813 1319 861 nostram
1336 807 1392 862 sibi
1410 808 1545 878 univerit,
1563 808 1752 877 quemadmo-

926 891 994 946 dum
1023 893 1140 962 quidam
1165 895 1352 965 antiquorum
1389 896 1588 952 hereticorum
1620 901 1749 953 errantes

925 978 1205 1050 dogmatizaverunt:
1219 984 1268 1038 sed
1279 983 1354 1053 quod
1367 984 1428 1053 ipsa
1439 998 1469 1038 re
1479 998 1512 1039 ac
1525 984 1643 1040 veritate
1667 984 1751 1041 homo

925 1066 965 1121 sil
981 1067 1121 1137 perfectus
1136 1084 1185 1139 per
1200 1071 1306 1140 omnia,
1322 1076 1439 1142 excepto
1453 1072 1515 1128 solo
1530 1078 1655 1142 peccato,
1673 1072 1748 1144 quod

926 1156 1095 1212 seminatum
1109 1166 1152 1213 εει
1167 1159 1292 1215 nobises
1305 1159 1434 1216 inimico.
1449 1162 1499 1217 Est
1512 1161 1565 1216 hoc
1577 1175 1663 1217 sensu
1680 1165 1749 1218 tutae

926 1243 991 1298 fidei
1011 1259 1093 1315 quam
1111 1246 1140 1301 in
1157 1247 1240 1302 illum
1259 1247 1405 1318 habemus,
1422 1254 1526 1304 sanctae
1543 1249 1637 1319 ipsius
1652 1250 1750 1305 carnis

924 1332 1114 1388 characterem
1130 1335 1158 1389 ln
1173 1335 1350 1406 imaginibus
1363 1334 1527 1403 formantes,
1539 1343 1567 1392 ει
1577 1337 1747 1408 salutamus,

924 1423 952 1473 et
962 1421 1089 1477 omnium
1105 1421 1185 1477 cultu
1199 1436 1231 1477 ac
1246 1423 1351 1478 bonore
1366 1424 1476 1479 decenti
1491 1424 1611 1495 dignum
1624 1425 1751 1480 decerni·

925 1521 997 1576 mus,
1014 1509 1041 1563 in
1059 1510 1283 1566 recordationem
1300 1511 1367 1567 hinc
1386 1512 1531 1568 venientes
1547 1512 1653 1568 diviuae
1664 1512 1748 1569 illius

923 1600 950 1650 et
960 1596 1079 1652 vivillcae
1093 1611 1125 1653 ac
1141 1598 1296 1654 ineffabilis
1310 1600 1528 1656 incarnationis.
1549 1600 1692 1656 Similiter
1701 1614 1750 1655 an-

53 1683 110 1724 nore
122 1668 229 1741 dignos
241 1671 428 1741 arbitramur,
445 1679 473 1728 et
486 1673 705 1729 intercessiones
717 1687 814 1729 eorum
828 1674 867 1727 in·
881 1676 908 1737 Β
923 1687 978 1738 tem
1002 1689 1030 1739 er
1052 1685 1226 1741 intemeratae
1251 1687 1407 1743 secundum
1427 1701 1540 1743 capnon
1562 1689 1664 1744 matris
1684 1689 1747 1758 ejrrs

53 1770 185 1814 vocamus.
210 1758 253 1814 ad
271 1759 330 1815 hac
347 1761 439 1833 igitur
453 1775 505 1817 nos
527 1762 727 1831 respondimus
739 1762 783 1817 ei:
800 1762 868 1833 quia

54 1844 272 1903 Christianorum
286 1849 356 1905 fides
364 1854 392 1904 et
400 1850 496 1906 cultus
509 1856 536 1905 et
544 1850 674 1906 adoratio
689 1851 717 1906 in
728 1854 868 1906 unumest

55 1935 170 1991 etsolum
185 1937 286 2007 Deum,
307 1938 384 1994 sicut
401 1940 540 2008 scriptum
553 1944 613 1995 est:
626 1942 768 1994 Dominum
782 1941 867 1992 Deum

10 2032 12 2051 ¹
56 2024 268 2084 monamachia
285 2032 310 2079 ει
322 2029 377 2095 ipsi
386 2027 437 2080 soli
452 2029 550 2082 seruies
560 2025 654 2098 (Dect.
669 2041 697 2082 vi
707 2028 731 2097 );
745 2032 772 2082 ει
783 2027 867 2098 glori·

57 2111 136 2168 ltalia
146 2119 257 2184 nostra,
269 2118 298 2169 ει
308 2114 477 2185 obsequium
496 2121 622 2172 nostrum
638 2117 693 2186 ipsi
710 2116 764 2171 soli
780 2115 868 2171 offer-

58 2205 93 2255 tur
103 2206 179 2257 uma
190 2203 301 2258 sanctis
314 2204 362 2273 qui
374 2203 403 2258 ln
415 2204 496 2259 culis
505 2211 581 2274 sunl,
591 2210 618 2260 et
631 2203 867 2276 intelligibilibus

58 2288 332 2363 incorporalibusque
350 2292 519 2364 virtutibus,
537 2308 621 2364 quam
641 2293 676 2349 ab
694 2294 747 2364 eis,
770 2293 819 2363 qui
837 2293 865 2347 in

59 2382 116 2432 terra
125 2394 191 2434 curu
203 2377 417 2455 essentlsintl,
430 2382 503 2436 viam
515 2389 708 2452 cognoverunt
718 2383 864 2437 veritatis:

60 2469 279 2535 quenadmodum
299 2475 326 2524 et
343 2471 372 2525 in
394 2471 524 2526 ecclesiis
542 2471 661 2543 Christi,
684 2487 745 2543 qua
760 2472 883 2541 ubique,

61 2556 140 2622 posita
154 2563 234 2628 sunt,
248 2563 346 2614 sancta
360 2558 494 2615 laudatur
509 2564 536 2615 et
546 2559 725 2630 glorificatur
739 2560 867 2616 Trinitas

62 2642 83 2697 in
94 2644 229 2714 singulari
238 2646 436 2701 dominatione
446 2660 478 2702 ac
486 2647 609 2702 deitate:
625 2649 779 2704 secundum
791 2649 863 2719 quod

62 2736 189 2790 dunusa
209 2734 381 2792 nobisDeus
404 2736 575 2805 praedicatur
589 2741 617 2792 et
632 2750 686 2792 non
707 2744 750 2793 est
766 2744 866 2808 praeter

63 2833 110 2877 tun
125 2823 172 2893 qui
185 2823 353 2880 dominetur
369 2825 397 2879 in
418 2830 564 2894 potentatu
587 2840 639 2881 suo
659 2827 773 2897 seculo,
790 2833 818 2882 et
832 2842 865 2883 ox

63 2921 103 2965 noa
115 2913 294 2968 exstantibus
313 2913 419 2981 omnia,
444 2918 475 2969 ut
488 2918 592 2984 essent,
615 2915 760 2984 produxit,
787 2922 866 2987 qnot-

922 1776 1026 1826 sancta
1034 1772 1083 1827 Dei
1093 1773 1334 1843 genitricisjnxta
1345 1774 1473 1831 eumdem
1489 1776 1602 1831 modum
1617 1776 1750 1848 depingi·

922 1872 986 1913 mus
1003 1859 1237 1929 similitudinem,
1259 1863 1449 1932 ostendentes,
1470 1863 1538 1932 quin
1558 1877 1623 1918 cum
1643 1863 1748 1918 mulier

921 1951 995 2001 esset
1010 1953 1121 2015 natura,
1138 1955 1165 2003 et
1180 1956 1313 2004 extranea
1331 1963 1429 2005 massae
1444 1956 1548 2006 nostrae
1564 1951 1684 2006 minime
1701 1949 1748 2005 fa-

921 2035 1077 2103 cta,1)eum
1098 2035 1274 2091 invisibilem
1288 2042 1316 2091 et
1327 2043 1430 2093 cuncta
1449 2039 1640 2094 moderantem
1659 2053 1747 2108 super

921 2134 1030 2177 omnem
1053 2137 1167 2178 sensum
1187 2129 1216 2179 et
1237 2124 1384 2180 hominnm
1405 2129 1433 2179 ει
1452 2125 1618 2196 angelorum
1644 2126 1672 2180 iu
1693 2140 1746 2182 suo

921 2210 1052 2280 concepit
1067 2216 1157 2279 utero,
1169 2217 1197 2267 et
1209 2225 1243 2267 ex
1255 2227 1285 2268 se
1301 2212 1480 2268 incarnatum
1497 2214 1616 2283 peperit.
1633 2214 1745 2270 Etenim

922 2304 954 2352 ut
973 2299 1086 2368 proprie
1107 2312 1139 2354 ac
1166 2299 1304 2355 veraciter
1324 2307 1441 2355 matrem
1465 2301 1515 2355 Dei
1540 2301 1599 2356 veri
1622 2301 1746 2358 colimus

920 2399 992 2457 eam,
1006 2391 1034 2440 et
1050 2387 1277 2458 magnificamus,
1293 2393 1322 2442 ει
1336 2389 1413 2444 omni
1428 2388 1539 2443 visibili
1553 2402 1585 2444 ac
1601 2389 1745 2445 invisibili

920 2480 1049 2530 creatura
1067 2476 1243 2545 superiorem
1258 2475 1443 2532 arbitramur.
1458 2479 1493 2531 Et
1504 2481 1618 2532 sanctos
1631 2491 1746 2547 quoque

921 2568 1058 2633 martyres
1073 2564 1193 2634 Christi,
1209 2564 1353 2633 apostolos
1365 2567 1393 2619 ει
1408 2565 1571 2636 prophetas,
1594 2578 1746 2621 conservos

921 2651 1036 2721 quidem
1064 2658 1177 2707 nostros
1202 2657 1230 2706 et
1255 2666 1336 2707 veros
1358 2650 1481 2708 famulos
1499 2653 1549 2708 Dei
1575 2651 1675 2724 faciae,
1702 2667 1747 2709 ac-

920 2738 1055 2809 tibusque
1083 2739 1167 2795 bonis
1188 2744 1216 2794 ει
1241 2741 1443 2811 praedicatione
1469 2740 1609 2811 veritatis,
1637 2746 1665 2797 et
1690 2756 1746 2811 pa-

920 2827 1021 2882 tientia
1048 2827 1078 2882 in
1107 2828 1298 2897 passionibus,
1330 2843 1400 2898 quas
1426 2843 1477 2899 pro
1504 2829 1566 2899 ipso
1591 2830 1647 2885 Deo
1678 2844 1746 2899 per-

920 2915 1058 2982 tulerunt,
1079 2915 1212 2984 probatos
1226 2921 1254 2971 et
1268 2916 1376 2972 amicos
1396 2917 1446 2971 Dei
1462 2922 1601 2987 ostensos,
1623 2921 1652 2971 et
1666 2917 1745 2974 mul-

63 3011 90 3065 qn
105 3005 115 3051 ι
128 3000 257 3055 visibilia
282 3001 443 3056 invisibilia
462 3008 548 3071 sunt,
570 3002 662 3068 idest,
680 3004 800 3058 Pateret
815 2993 902 3059 Fi-i}
920 3006 976 3056 tam
1000 3003 1133 3059 fiduciam
1154 3005 1227 3072 apud
1250 3019 1314 3059 eum
1334 3010 1503 3060 consecutos
1525 3005 1702 3061 admiramur
1717 3010 1746 3061 et

64 3083 138 3142 liuset
150 3089 278 3158 Spiritus
294 3095 419 3158 sanctus,
434 3096 533 3146 sancta
545 3090 657 3146 scilicet
673 3090 866 3147 consubstan-

63 3174 124 3232 tialis
133 3180 161 3232 et
173 3177 287 3233 vivifica
306 3178 440 3234 Trinitas.
455 3181 486 3232 ln
506 3192 590 3249 quam
608 3179 694 3234 etiam
708 3180 864 3252 credentes,

63 3270 162 3334 dquam
177 3266 356 3324 confitentes.
370 3266 505 3337 baptizati
523 3281 622 3323 sumus
642 3268 671 3323 iu
693 3269 807 3325 nomine
819 3271 867 3326 Pa·

63 3353 102 3409 lris
112 3354 212 3410 abilii
225 3361 253 3411 et
263 3355 390 3425 Spiritus
401 3356 491 3411 sancti
505 3355 616 3426 (hlotth.
631 3371 721 3413 nxvur
733 3358 750 3428 l,
764 3373 867 3428 quem-

64 3442 195 3500 admodum
210 3444 332 3499 tradidit
351 3444 411 3513 ipse
432 3446 508 3500 Deus
525 3445 656 3515 l'erbum,
672 3446 721 3516 qni
739 3446 867 3503 incarna-

64 3533 97 3585 lus
106 3533 443 3599 est,liominusvidelieet
464 3540 560 3588 noster
568 3536 649 3589 lesus
658 3535 800 3603 Christus,
815 3537 865 3606 qui

65 3633 120 3676 uuus
129 3628 171 3677 est
190 3622 317 3692 ejusdem
339 3626 443 3677 sanctae
459 3627 490 3676 et
502 3623 804 3692 incomprehensibilis
816 3625 868 3680 di-

65 3707 118 3763 vina
126 3709 292 3766 Trinitatis:
308 3715 337 3765 et
350 3724 405 3766 non
420 3715 566 3765 creaturas
590 3711 743 3766 adoramus
763 3711 865 3785 (absit)

67 3807 134 3866 nque
153 3798 296 3854 culturam
320 3813 383 3869 quae
397 3798 505 3853 deifica
515 3798 708 3855 dominationi
734 3800 863 3873 debetur,

10 3886 12 3890 ’
68 3883 250 3944 drouservos
276 3888 458 3942 inflectimus.
485 3887 582 3957 Neque
607 3888 683 3942 enlm
713 3902 794 3960 reges
821 3891 864 3946 vel

70 3973 185 4045 rnrripes
199 3977 230 4031 in
243 3981 321 4031 terra
335 3976 496 4046 adoranteS,
513 3976 651 4045 aequalem
667 3976 864 4033 adorationem

10 4057 16 4068 '
71 4059 88 4111 tf
100 4076 169 4131 quam
186 4066 244 4119 Deo
262 4063 440 4135 exhibemus,
458 4064 550 4119 facere
573 4065 729 4120 noscimur.
751 4067 863 4121 Etenim

10 4138 17 4170 ³
72 4145 151 4206 hilm
170 4152 336 4222 prophetam
364 4155 475 4206 constat
497 4155 708 4221 superterram
731 4153 864 4209 adorasse

10 4232 20 4245 '
72 4232 130 4292 liavid
141 4239 282 4295 hominem
296 4239 463 4294 existentem
473 4246 501 4294 ει
512 4238 674 4312 regem(lll
684 4243 747 4307 ileo.
762 4241 802 4311 1),
814 4241 862 4296 sed
876 4263 878 4267 ε

920 3088 1126 3162 beatificamus,
1141 3097 1168 3146 et
1181 3092 1215 3146 ad
1228 3093 1451 3147 recordationem
1467 3092 1620 3148 virilitatis
1634 3107 1743 3163 eorum,

920 3191 952 3232 ac
972 3192 1111 3248 germana
1136 3180 1212 3234 circa
1233 3182 1322 3236 Deum
1350 3180 1509 3250 servitutis,
1533 3180 1745 3238 similitudines

920 3279 1018 3320 eorum
1030 3267 1214 3337 depingimus
1226 3286 1233 3320 :
1246 3281 1301 3322 non
1317 3281 1365 3323 eos
1382 3274 1413 3323 ut
1425 3268 1531 3323 divina
1545 3273 1656 3324 naturae
1671 3283 1745 3325 com·

921 3354 1113 3409 manicatores
1129 3355 1356 3424 pronuntiantes,
1373 3355 1501 3411 debitum
1522 3356 1630 3411 deilicae
1646 3356 1745 3428 gloriae

920 3447 1006 3510 atque
1016 3442 1148 3511 potestati
1165 3442 1300 3497 honorem
1311 3448 1339 3497 et
1353 3442 1548 3497 adorationem
1563 3442 1624 3497 illis
1639 3444 1745 3513 impen-

920 3529 1033 3598 dimus,
1048 3531 1095 3585 sed
1106 3544 1229 3586 amorem
1245 3535 1386 3601 nostrum,
1403 3544 1485 3600 quem
1501 3530 1577 3585 circa
1590 3543 1638 3585 eos
1654 3530 1745 3586 hahe-

921 3632 995 3689 mus,
1012 3633 1060 3688 per
1073 3619 1126 3674 hoc
1140 3619 1376 3683 demonstrantes,
1394 3632 1457 3689 quae
1470 3632 1519 3688 per
1533 3618 1665 3675 auditum
1678 3632 1743 3674 vera

919 3721 980 3764 esse
997 3708 1150 3780 credimus,
1173 3708 1231 3763 haec
1244 3713 1272 3763 ει
1292 3722 1341 3777 per
1361 3708 1480 3778 picture
1499 3708 1688 3764 imitationem
1707 3707 1742 3764 ad

920 3799 1074 3853 firmiorem
1086 3798 1289 3855 certitudinem
1307 3804 1432 3853 nostram
1448 3800 1613 3854 statuimus.
1630 3798 1741 3853 Etenim

919 3898 1003 3941 carne
1015 3899 1048 3940 ac
1063 3887 1203 3957 sanguine
1220 3887 1351 3955 connexi,
1368 3892 1396 3941 ει
1412 3900 1460 3955 per
1477 3886 1617 3941 visionem
1631 3899 1664 3941 ea
1680 3899 1743 3955 quae

919 3975 1021 4029 animae
1036 3973 1200 4030 satisfacere
1220 3979 1349 4044 possunt,
1366 3975 1527 4030 certissime
1542 3988 1657 4030 noscere
1671 3988 1744 4030 com-

919 4062 1054 4132 pellimur
1070 4058 1137 4135 ldis,
1153 4063 1239 4117 etiam
1253 4077 1302 4132 per
1317 4063 1369 4117 vis.
1388 4063 1498 4132 plenam
1514 4064 1618 4118 anlmae
1636 4067 1741 4118 nostrae

918 4151 1120 4206 certitudinem
1147 4150 1315 4206 consumare
1341 4147 1512 4223 studemusl.
1539 4152 1609 4205 Nam
1631 4155 1659 4205 et
1685 4150 1741 4220 ipsi

918 4240 1009 4295 sancti
1024 4240 1074 4294 Dei
1088 4240 1116 4294 in
1127 4253 1215 4294 unum
1227 4244 1254 4293 ει
1267 4239 1359 4294 solum
1373 4240 1460 4294 Deum
1476 4238 1641 4294 servitutem
1656 4243 1742 4308 atque

72 4333 107 4379 non
119 4328 176 4384 ideo
183 4327 379 4398 accusabitur,
391 4329 475 4396 quasi
493 4329 542 4398 qui
558 4328 702 4384 hominem
713 4334 863 4385 veneratus
876 4335 903 4395 1]
918 4328 1154 4399 glorificationem
1171 4332 1200 4382 et
1213 4327 1407 4383 adorationem
1429 4332 1637 4395 conservantes,
1661 4331 1688 4381 et
1704 4326 1738 4382 ad

72 4409 95 4464 lii
108 4423 199 4483 preter
213 4417 313 4472 Deum.
338 4417 432 4487 Neque
449 4416 608 4488 imaginum
635 4416 783 4489 facturam,
800 4432 863 4487 qua

10 4496 17 4517 ¹
71 4511 194 4565 mmmm
222 4511 251 4560 et
270 4504 381 4560 colores
401 4504 571 4576 formantur,
597 4505 626 4560 in
648 4504 862 4562 subversionem

69 4589 224 4654 adectiouls
238 4607 302 4664 qua
312 4593 389 4648 circa
405 4593 537 4649 divinum
547 4591 671 4650 efficitur
683 4593 805 4662 cultum,
816 4596 863 4651 ad·

67 4677 191 4738 nittimus.
202 4684 300 4751 Neque
309 4682 385 4737 enirn
400 4681 559 4737 invisibilis
572 4681 694 4737 deitatis
706 4682 861 4754 imaginem

10 4772 13 4777 ’
64 4768 309 4840 elslmilitudinem,
337 4770 379 4825 vel
395 4770 508 4825 schema
523 4769 565 4825 vel
583 4769 704 4841 figuram
731 4770 860 4841 aliquam

61 4848 204 4928 irruamus,
216 4872 302 4928 quam
318 4872 352 4914 ne
368 4859 496 4928 ipsorum
512 4863 677 4914 sanctorum
691 4858 859 4931 angelorum

59 4944 177 5003 sublimes
190 4948 308 5004 ordines
322 4948 504 5004 considerare
518 4953 545 5003 ει
559 4947 731 5019 investigare
745 4948 860 5017 penitus

57 5033 136 5091 nicet.
151 5035 205 5091 Sed
232 5036 367 5106 quoniam
388 5035 556 5107 unigenitus
580 5036 685 5106 Filius,
704 5036 814 5107 quiesi
830 5037 859 5091 in

10 5108 13 5123 '
54 5121 106 5179 anu
118 5125 221 5194 Patris,
238 5137 372 5179 revocans
385 5124 534 5193 proprium
550 5124 715 5196 figmentum
730 5138 746 5178 a
759 5125 859 5180 mortis

52 5209 228 5283 dannatione,
250 5212 429 5282 beneplacito
449 5213 542 5267 Patris
563 5212 711 5283 sanctique
733 5213 860 5281 Spiritus

49 5296 120 5357 homo
130 5302 234 5373 dignat
256 5306 326 5356 sest
339 5300 411 5371 lieri,
426 5300 563 5356 similiter
576 5299 656 5356 nobis
671 5300 861 5369 participatus

46 5391 130 5446 caruis
141 5396 171 5446 et
183 5388 348 5462 sanguinis,
359 5389 401 5443 uti
412 5401 531 5459 magnus
540 5387 582 5443 ait
595 5387 750 5458 Apostolus
760 5386 767 5458 (
776 5389 858 5443 llcbr.

44 5490 69 5531 rr
77 5477 94 5549 l,
107 5494 157 5550 per
170 5479 270 5537 omnia
285 5476 394 5534 similis
404 5476 487 5533 nobis
502 5475 595 5532 lactus
609 5475 718 5548 absque
728 5482 860 5546 peccato:

919 4417 971 4473 hoc
982 4430 1080 4472 omnes
1090 4418 1258 4472 advocantes
1273 4420 1358 4486 atque
1372 4415 1514 4486 docentes,
1531 4428 1616 4471 suurn
1631 4413 1741 4470 effude-

918 4510 986 4560 runt
1001 4506 1178 4575 sanguinem,
1196 4509 1224 4559 et
1238 4518 1309 4559 verae
1328 4502 1518 4559 confessionis
1536 4515 1640 4558 corona
1660 4500 1741 4556 redi-

918 4592 982 4647 miti
1002 4592 1145 4647 subtilia
1163 4597 1206 4648 est
1226 4592 1326 4648 modus
1344 4590 1538 4646 faciendarum
1560 4589 1737 4661 imaginum:

916 4694 973 4736 non
985 4694 1041 4751 quo
1052 4680 1196 4736 decentem
1208 4678 1492 4749 incomprebensibili
1505 4683 1533 4734 et
1543 4677 1738 4735 inaccessibili

915 4768 1016 4824 deitati
1035 4769 1064 4823 in
1080 4768 1187 4837 spiritu
1203 4773 1231 4823 et
1245 4768 1364 4823 veritate
1378 4767 1574 4823 adorationem
1590 4764 1741 4823 transfera-

917 4871 980 4912 mus
994 4857 1022 4910 in
1040 4853 1215 4911 manufactas
1232 4856 1381 4926 imagines,
1399 4855 1441 4910 vel
1455 4855 1528 4910 artis
1542 4868 1627 4924 opera
1643 4853 1741 4910 homi-

915 4959 993 5015 num,
1010 4944 1052 4999 vel
1069 4943 1186 4998 omnino
1203 4944 1232 4997 in
1248 4956 1294 4998 eas
1309 4958 1371 5012 qna
1386 4956 1403 4997 a
1418 4944 1473 4998 Deo
1489 4941 1568 4998 lacta
1584 4947 1651 4998 sunt
1666 4956 1740 4998 crea·

915 5038 986 5088 turae
1002 5032 1061 5087 sive
1080 5031 1109 5086 in
1130 5029 1308 5097 visibilibus,
1330 5030 1432 5085 sivein
1454 5029 1673 5086 invisibilibus:
1689 5030 1738 5087 sed

915 5134 971 5191 quo
983 5120 1178 5189 dilectionem,
1191 5132 1275 5189 quam
1285 5120 1361 5187 juste
1375 5118 1555 5188 possidemus
1568 5119 1645 5174 circa
1658 5132 1739 5174 veros

914 5223 1011 5265 servos
1031 5209 1080 5263 Dei
1102 5208 1204 5278 nostri,
1227 5222 1275 5277 per
1295 5206 1379 5263 talem
1400 5208 1514 5263 modum
1537 5211 1737 5275 monstrantes,

915 5312 965 5368 per
978 5297 1094 5352 illorum
1114 5297 1248 5351 honorem
1263 5297 1292 5351 in
1304 5297 1392 5351 Deum
1412 5296 1461 5366 qui
1477 5295 1512 5351 ab
1526 5296 1572 5351 his
1592 5293 1739 5367 glorilica-

915 5391 962 5441 tus
972 5391 1015 5442 est
1029 5390 1056 5440 et
1069 5385 1135 5440 illos
1150 5384 1322 5454 glorificavit
1334 5386 1362 5440 in
1376 5383 1554 5441 confessione
1568 5382 1738 5438 dominatio·

916 5475 963 5530 nis
984 5475 1056 5543 ejus,
1078 5473 1314 5545 glorificationem
1336 5477 1364 5528 et
1379 5473 1489 5529 cultum
1512 5469 1687 5526 referamus:
1706 5473 1737 5522 ut
