3876 6090
46 229 99 289 ist
458 234 734 295 INTERPIIE‘IAIIO
751 233 876 293 SINODI
894 231 1143 294 einhartus-
1160 235 1261 296 auno
1287 239 1356 297 vm.
1704 236 1759 298 itit

48 356 147 415 tribus
163 357 215 430 qui
229 357 306 430 apud
319 358 442 417 Nlcaeam
455 362 704 434 corroborantia
718 361 817 436 regula
831 360 878 418 de
890 357 921 420 A
932 374 948 417 a
959 362 1076 434 proprlo
1091 363 1267 436 resipuerint
1276 363 1397 422 tortasse
1407 378 1535 422 excessu.
1551 364 1669 438 Oportet
1683 366 1761 423 enim

49 447 166 504 Initum
182 451 238 520 est,
259 462 323 519 quae
336 448 410 506 dicit
421 447 498 522 (den.
519 449 576 524 iul:
593 452 766 524 Episcopum
780 463 878 508 conre-
932 463 981 506 eos
996 452 1088 524 magis
1103 454 1235 509 accedere
1249 453 1284 509 ad
1300 454 1400 525 Deum,
1414 458 1442 509 et
1454 467 1519 510 cura
1535 455 1660 510 contrito
1675 455 1760 511 corde

50 536 94 591 uit
104 536 231 593 maxime
243 537 359 608 quidem
372 538 408 594 ab
420 539 566 611 omnihus,
578 540 629 611 qui
642 546 709 597 sunt
723 540 753 596 in
767 539 878 610 provin·
934 540 1131 598 remissionem
1149 543 1236 613 hujrrs
1254 542 1362 612 peccati
1378 547 1407 599 et
1422 542 1633 615 indulgentiam
1655 549 1759 616 petere,

50 626 104 696 cia,
118 626 267 697 episcopis
281 627 421 684 ordinari.
439 627 467 683 Si
484 633 578 685 autem
592 630 646 686 hoc
658 629 776 687 dilllcile
790 628 879 685 luerit
933 634 961 685 et
980 643 1036 686 non
1055 631 1173 702 gloriari
1193 631 1223 687 in
1242 631 1347 688 illicito
1363 631 1441 688 dato.
1460 633 1545 685 lueto
1563 630 1639 687 euim
1657 637 1696 686 est
1713 634 1763 686 Do

50 722 98 772 aut
126 720 247 786 propter
274 716 428 773 instantem
454 718 662 785 necessitatem,
688 723 738 775 aut
764 722 880 789 propter
933 720 1024 772 miuus
1039 719 1081 773 luis
1094 722 1144 789 qui
1155 721 1286 775 tribulato
1298 726 1363 776 sunt
1377 722 1456 777 corde
1472 721 1557 790 (Psul.
1573 723 1689 793 uranu).
1708 722 1764 778 lios

52 804 168 861 itineris
186 804 410 879 longitudinem,
432 806 529 863 tribus
545 815 640 865 tamen
660 807 835 865 omnimodis
849 806 879 863 in
935 805 1027 878 Igitur
1039 808 1089 878 qui
1101 809 1264 881 gloriantur
1276 824 1306 867 se
1319 825 1368 882 per
1377 811 1521 868 dationem
1533 811 1598 868 auri
1612 811 1764 868 ordinatos

51 893 179 964 idipsum
192 894 444 968 conuenientibus,
458 900 487 952 et
499 897 568 954 allis
578 897 752 969 perlitteras
764 910 881 953 consen·
936 894 966 950 in
988 896 1119 968 ecclesia,
1144 903 1173 954 et
1195 899 1225 955 iu
1249 898 1301 955 hae
1324 899 1449 972 maligna
1468 900 1677 957 consuetudine
1700 914 1764 973 quae

53 981 206 1055 bentibus,
239 987 309 1039 tunc
335 986 512 1042 consecratio
540 986 597 1043 dat.
622 987 758 1043 Firmitas
784 990 879 1042 autem
936 985 1044 1042 alienat
1066 1000 1083 1044 a
1102 989 1159 1045 Deo
1182 993 1211 1044 et
1233 989 1312 1046 omni
1336 989 1505 1061 sacerdotio,
1530 994 1656 1063 sperant,
1679 995 1708 1047 et
1728 1004 1762 1047 ex

50 1086 148 1129 eurum
161 1086 226 1143 quae
236 1076 388 1146 geruntur,
399 1088 449 1145 per
459 1088 692 1147 unamquamque
702 1074 880 1146 prouinciam
937 1072 991 1131 hoc
1013 1075 1175 1147 impudenti
1191 1076 1264 1134 lucie
1280 1082 1309 1134 et
1324 1091 1380 1135 non
1394 1083 1492 1150 operto
1507 1092 1556 1136 ore
1574 1078 1766 1150 exprobabili-

52 1160 276 1232 metropolitano
289 1161 437 1219 tribuatur
455 1164 594 1221 autistiti.
938 1163 992 1221 bus
1012 1165 1107 1222 uerbis
1123 1180 1172 1224 eos
1188 1167 1239 1238 qui
1258 1167 1295 1224 ob
1312 1168 1448 1224 uirtutem
1466 1168 1532 1225 vitae
1550 1182 1566 1224 a
1586 1174 1684 1226 sancto
1702 1168 1765 1240 Spi-

444 1287 488 1343 W·
939 1252 999 1309 ritu
1011 1253 1093 1310 electi
1107 1259 1135 1311 et
1144 1256 1295 1312 constituti
1309 1257 1372 1312 sine
1384 1256 1501 1313 datione
1512 1257 1577 1314 auri
1592 1261 1669 1328 sunt,
1683 1257 1766 1314 inho-

941 1345 1059 1412 noraut3
1074 1342 1168 1413 primo
1178 1343 1294 1414 quidem
1305 1344 1494 1402 norissImum
1505 1346 1625 1418 gradum
1635 1345 1765 1416 accipere

54 1409 129 1479 ΟΜ
151 1409 349 1466 alimmum
371 1411 408 1466 ⁸²3
427 1412 559 1482 &dimitis
581 1413 710 1468 alumni
732 1412 793 1468 ‘¹0²²'
814 1427 885 1468 ⁰⁶⁶⁶·
940 1429 987 1485 sui
1011 1429 1125 1488 ordinis
1142 1431 1315 1489 dednimus:
1333 1434 1408 1504 quod
1428 1433 1454 1490 sl
1477 1433 1696 1504 permanserint,
1715 1446 1765 1504 per

415 1485 521 1553 mm·
940 1518 1104 1588 epitimium
1118 1520 1311 1594 eorrlgantur.
1326 1521 1355 1578 Si
1371 1536 1438 1580 uero
1450 1523 1516 1595 quis
1528 1521 1667 1580 claruerit
1680 1537 1766 1594 super

88 1605 265 1670 Praedicator
281 1604 414 1663 Ecclesia
432 1607 540 1665 Paulus
556 1607 675 1666 divinus
687 1606 836 1679 apostolus
852 1620 885 1663 ac
940 1607 1154 1665 consecratione
1174 1609 1227 1666 hoc
1246 1609 1404 1681 aliquando
1425 1609 1544 1685 loclens,
1564 1610 1706 1668 efficiatur
1725 1625 1767 1668 se

56 1695 81 1753 si
102 1709 243 1754 canonem
269 1709 375 1766 ponens
397 1696 587 1768 Ephesiorum
615 1696 800 1770 presbyteris,
825 1696 884 1753 imo
939 1696 1065 1752 cundum
1078 1697 1263 1768 apostolicam
1279 1698 1406 1772 regulam
1420 1715 1483 1772 quau
1495 1701 1571 1758 dixit
1585 1699 1663 1770 (dun.
1679 1701 1764 1774 niul:

56 1799 119 1842 rero
139 1789 170 1841 et
188 1785 270 1842 omui
294 1789 410 1842 sacratu
432 1786 626 1860 multitudini,
649 1787 689 1843 ita
708 1786 885 1845 fiducialiter
939 1785 968 1841 Si
993 1786 1061 1857 quis
1082 1787 1235 1859 episcopus
1259 1803 1308 1859 per
1330 1791 1480 1860 pecuniam
1502 1791 1672 1865 dignitatern
1694 1793 1767 1848 hanc

59 1873 206 1946 perhibuit
219 1873 339 1931 dicens:
356 1874 518 1944 Argentum,
534 1881 584 1932 cut
598 1893 708 1941 comm,
724 1881 773 1931 cut
786 1881 885 1933 uestem
940 1872 1110 1945 obtinuerit,
1133 1875 1176 1931 uel
1198 1876 1345 1948 presbyter
1367 1871 1418 1934 aut
1435 1880 1586 1952 diaconus,
1607 1880 1769 1952 deponatur

59 1963 160 2018 rullius
179 1965 340 2034 concupiui:
361 1966 452 2019 omnia
471 1966 578 2020 ostendi
596 1967 681 2029 uobis,
702 1967 831 2036 quonium
847 1968 887 2021 sic
940 1962 1044 2033 etipse
1060 1966 1087 2018 et
1102 1963 1153 2035 qui
1169 1978 1233 2021 euru
1256 1967 1442 2040 consecravit,
1464 1972 1491 2024 et
1509 1968 1661 2025 excidatur
1679 1967 1768 2025 omni-

60 2051 213 2108 lcborcntes
233 2057 337 2124 oportet
356 2055 492 2124 suscipere
508 2056 628 2125 infirmos
647 2054 721 2125 (Act.
741 2057 808 2127 xil:
825 2054 888 2113 bea·
942 2050 1035 2107 modis
1051 2050 1138 2107 etiam
1156 2066 1172 2108 a
1188 2054 1398 2127 communione,
1415 2056 1654 2127 quemadmodum
1669 2055 1768 2112 Simon

60 2141 116 2198 tius
129 2141 304 2198 existimans
318 2141 394 2198 dare.
408 2143 615 2215 propterquod
632 2147 660 2200 et
675 2158 727 2200 uos
742 2144 835 2201 edocti
851 2144 887 2201 ab
942 2141 1040 2212 Magus
1055 2153 1070 2195 a
1088 2154 1132 2197 me
1149 2143 1241 2199 Petro.
1259 2143 1401 2199 Simillter
1415 2149 1443 2200 et
1454 2145 1537 2214 Juxta
1554 2146 1708 2202 secundam
1728 2157 1770 2200 re·

61 2244 91 2287 eo
100 2230 268 2301 debuimus,
281 2230 446 2289 nullatenus
456 2232 620 2304 episcopum
634 2232 729 2304 turpis
741 2232 814 2290 lucri
827 2247 888 2306 gra.
943 2227 1039 2299 gulam
1063 2234 1227 2287 sanctorum
1252 2231 1368 2287 Petrum
1390 2233 1441 2303 qui
1465 2234 1540 2304 apud
1562 2233 1769 2289 chalcedonem

62 2321 99 2378 tia
117 2321 285 2395 excogitare
303 2321 337 2377 ad
358 2321 536 2378 excusandas
555 2323 756 2380 excusationes
778 2323 807 2379 iu
828 2337 889 2394 pec·
942 2323 1144 2390 convenerunt,
1168 2334 1231 2391 quau
1244 2320 1303 2375 ait:
1321 2319 1350 2376 si
1366 2320 1433 2391 quis
1450 2321 1602 2393 episcopus
1618 2335 1668 2394 per
1688 2335 1771 2393 pecu·

63 2411 141 2482 caiis,
161 2413 191 2466 el
210 2414 342 2482 expetere
360 2424 463 2467 aurum
487 2411 530 2467 vel
552 2416 701 2485 argentum
726 2417 777 2468 aut
800 2413 888 2469 aliam
943 2405 1008 2462 llius
1023 2409 1265 2466 consecrationem
1282 2407 1391 2478 lecerit,
1408 2415 1436 2466 et
1451 2410 1505 2466 sub
1520 2411 1612 2481 pretio
1628 2411 1771 2484 redegerit

64 2499 183 2570 speciem
196 2499 400 2573 coepiscopis,
414 2500 456 2558 rel
472 2501 598 2574 elericIs,
612 2506 662 2558 aut
676 2501 824 2558 monachis
838 2501 887 2574 qui
944 2495 1063 2567 gratiam
1080 2511 1144 2567 quc
1170 2511 1226 2553 uun
1253 2501 1345 2568 potest
1358 2497 1453 2570 rendi,
1470 2498 1704 2571 ordinaveritque
1721 2512 1772 2571 per

64 2589 113 2646 sub
128 2589 194 2661 ipso
209 2592 288 2646 suut.
309 2588 358 2647 hit
376 2590 452 2647 enim
471 2590 645 2661 Apostolus:
668 2592 763 2661 Iniqui
776 2607 890 2660 requam
945 2585 1081 2654 pecunias
1100 2586 1276 2657 episcopum,
1297 2585 1341 2643 rel
1363 2587 1611 2659 chorepiscopum,
1632 2588 1692 2644 sive
1712 2601 1775 2659 pre-

64 2679 108 2733 llei
130 2693 188 2733 uon
212 2678 394 2749 possidebunt
419 2678 446 2749 (l
467 2678 518 2735 dor
543 2680 604 2750 ur);
629 2680 683 2736 Et:
709 2680 770 2736 Non
794 2679 891 2734 debent
945 2672 1138 2744 sbyterosaut
1156 2673 1537 2748 diaconos,autquemdam
1559 2676 1773 2749 eorumquiin

65 2768 111 2838 plia·
131 2767 300 2839 parentibus
324 2768 517 2832 thesaurizure,
544 2768 592 2823 sed
611 2773 740 2839 parentes
763 2768 827 2838 filiis
851 2767 892 2838 (ll
945 2761 1022 2818 clero
1034 2770 1294 2821 connumerantur:
1309 2769 1360 2821 aut
1373 2766 1561 2836 praeposuerit
1573 2780 1624 2837 per
1637 2766 1775 2838 pecunias

66 2857 119 2912 t’or.
146 2856 213 2929 xil).
234 2855 377 2927 Quisquis
397 2869 464 2929 ergo
485 2860 602 2927 propter
623 2856 800 2913 exactionem
825 2855 890 2912 auri
945 2864 1123 2908 oecouomum
1136 2854 1179 2910 rel
1194 2852 1383 2927 defensorem,
1398 2853 1458 2912 sive
1471 2855 1709 2926 mansionarium,
1724 2858 1775 2913 aut

66 2945 239 3004 relaltcrius
250 2945 408 3017 cujuslibet
419 2945 537 3017 speciei,
549 2949 599 3002 aut
611 2948 727 3017 propter
742 2945 891 3017 proprium
947 2944 1773 3018 prorsusqucmquamqulsubregulumest,turpislucri

67 3035 166 3093 uitium
186 3031 343 3111 [allectum]
361 3036 495 3093 inventus
516 3034 604 3093 luerit
619 3049 753 3092 coercens
771 3050 788 3092 a
808 3036 891 3092 miul-
905 3038 933 3108 α
948 3030 1055 3103 gratia:
1076 3031 1127 3103 qui
1147 3033 1201 3089 hoc
1219 3038 1340 3090 conatus
1361 3033 1450 3091 tuerit
1466 3048 1558 3107 agere,
1579 3035 1605 3091 si
1625 3034 1777 3092 conuictus

67 3125 162 3198 ebrio,
180 3123 225 3181 uel
238 3129 425 3196 sequestrans
436 3125 563 3197 aliquem
578 3125 750 3182 clericorum
769 3125 819 3196 qui
838 3124 893 3182 sub
948 3118 1045 3192 inerit,
1072 3121 1183 3193 proprii
1206 3123 1313 3195 gradus
1337 3124 1498 3194 perieulum
1520 3123 1642 3180 subeat:
1669 3130 1696 3180 et
1724 3124 1776 3196 qul

69 3214 221 3286 sedegunt,
232 3216 283 3270 aut
291 3213 453 3270 venerabile
463 3213 601 3285 templum
612 3212 760 3285 claudens,
772 3227 808 3270 ne
818 3214 848 3270 in
860 3227 893 3270 eo
948 3217 1132 3267 consecratus
1146 3216 1198 3280 est,
1215 3212 1290 3268 nihil
1307 3213 1439 3283 proiciat
1453 3228 1488 3270 ex
1502 3214 1716 3271 consecratione
1730 3211 1775 3271 uel

70 3303 112 3359 bei
126 3303 294 3361 ministeria
305 3302 495 3375 celebrentur,
507 3303 542 3359 ad
554 3303 700 3360 insensata
710 3317 792 3361 suam
803 3309 894 3361 trans·
949 3299 1130 3370 promotione
1145 3315 1208 3372 qua
1222 3315 1273 3372 per
1289 3302 1510 3374 negotiationem
1526 3301 1624 3359 edecta
1643 3308 1704 3359 est:
1726 3301 1775 3359 sed

72 3392 183 3451 mittens
201 3393 356 3464 insaniam,
375 3392 539 3449 insensatus
555 3393 694 3449 ueraciter
713 3396 775 3464 εει,
791 3407 824 3450 ac
845 3406 895 3464 per
949 3387 990 3445 sit
1005 3388 1118 3445 alienus
1134 3403 1151 3446 a
1169 3389 1311 3462 dignitate
1331 3394 1359 3446 et
1380 3387 1452 3465 [seu]
1472 3391 1672 3448 sollicitudine
1691 3405 1776 3463 quam

74 3479 129 3554 boc,
151 3481 247 3540 simili
273 3494 362 3552 poenae
383 3494 417 3538 eo
443 3481 582 3553 subjecto,
610 3485 793 3538 convertatur
812 3480 895 3538 dolor
953 3493 1002 3552 per
1014 3478 1152 3550 pecunias
1165 3483 1337 3536 consecutus
1352 3484 1405 3536 est.
1422 3480 1452 3536 Si
1468 3494 1534 3537 vero
1555 3480 1621 3551 quis
1637 3481 1778 3536 mediator

73 3570 129 3640 ejus
149 3570 184 3627 iu
204 3574 295 3642 caput
313 3570 387 3642 ejus,
408 3573 440 3627 ut
464 3570 495 3626 ln
515 3574 738 3642 trangressorem
767 3569 895 3626 mandati
950 3568 1117 3640 apparuerit
1131 3568 1161 3624 in
1177 3567 1344 3639 huiusmodi
1360 3569 1496 3641 turpibus
1515 3573 1544 3626 ct
1563 3569 1679 3626 illicitis
1700 3569 1778 3628 datis

10 3650 15 3665 '
74 3659 115 3716 bei
133 3665 164 3719 et
185 3659 386 3718 mandatorum
409 3659 645 3731 apostolicorum.
666 3658 801 3730 Praecipit
818 3660 895 3717 euim
952 3654 1083 3733 [luerislz
1105 3657 1130 3714 si
1151 3657 1267 3730 quidem
1285 3657 1409 3715 clericus
1428 3657 1527 3728 tuerit,
1548 3659 1666 3730 proprio
1686 3659 1778 3731 gradu

77 3751 220 3809 etl'etm
238 3749 412 3822 principalIs
434 3748 645 3820 apostolorum·
656 3749 825 3806 summitas:
846 3750 898 3806 Pu
951 3748 1082 3805 decidat:
1100 3747 1126 3804 si
1143 3760 1208 3805 roro
1227 3747 1320 3805 laicus
1339 3747 1383 3804 rel
1399 3747 1566 3820 monachus,
1585 3747 1779 3805 excommuni-

79 3841 144 3905 coe,
163 3841 215 3912 qui
238 3841 270 3894 ia
289 3840 365 3894 uobis
384 3843 433 3903 ert,
454 3854 561 3907 gregem
581 3840 629 3893 Ilei
648 3854 704 3893 uon
729 3844 827 3903 coacte,
849 3839 897 3895 sed
951 3842 1042 3896 cetur.

81 3933 215 3998 pomaeo
236 3928 386 3984 secundum
401 3929 504 3982 Deum:
521 3942 576 3982 uon
592 3928 682 3997 turpis
703 3927 774 3982 lucri
793 3929 896 3996 pretim
1340 3927 1384 3984 VI.

82 4016 118 4072 “d
141 4022 269 4090 immitti
281 4036 288 4074 ²
305 4033 392 4088 ΜΨ
420 4022 452 4072 ²⁴⁸
479 4017 651 4073 mimmii
683 4020 714 4073 5⁷¹
742 4018 822 4083 derb
851 4018 899 4074 Sed
1062 4035 1096 4090 Ut
1108 4035 1246 4104 efficietur
1259 4033 1353 4089 brulis
1366 4033 1487 4104 synodus
1494 4049 1546 4105 per
1557 4050 1670 4090 annum.

84 4105 159 4173 Im
175 4110 248 4179 simii
264 4109 373 4178 qreqm:
390 4111 416 4211 i*
432 4123 493 4163 Μ
516 4109 678 4210 “RP‘JWW
692 4110 833 4210 &imm
848 4123 899 4179 pu
988 4140 1129 4211 Quoniam
1145 4141 1259 4214 quidem
1272 4141 1371 4214 regula
1383 4146 1436 4214 est,
1449 4157 1512 4214 quae
1522 4143 1596 4201 dicit
1610 4142 1700 4213 (donc.
1716 4143 1777 4201 Nlo.

86 4199 183 4263 dorum,
203 4202 364 4270 impilm
387 4197 637 4253 immar⁶⁰⁸⁸²⁶²lm¹
658 4197 752 4266 ΨΜ
772 4212 899 4253 ⁶⁰r⁰m²m
953 4245 1015 4302 cap.
1031 4229 1074 4306 bl:
1089 4231 1138 4288 Bis
1151 4230 1182 4288 in
1194 4245 1270 4288 anuo
1286 4245 1336 4302 per
1349 4231 1480 4304 singulas
1493 4233 1656 4303 provincias
1669 4235 1781 4304 oportet

88 4283 179 4353 m·
192 4287 233 4361 ἢ·
954 4320 1781 4395 beripercensentumepiscoporumregularesiuquisitlo·

468 4377 500 4435 V·
913 4368 942 4433 D
955 4425 1020 4468 nes:
1035 4416 1151 4483 propter
1164 4409 1361 4483 latigationem
1372 4414 1440 4467 etat
1450 4415 1611 4482 opportuno
1622 4412 1782 4468 habeantur

91 4496 152 4562 duod
168 4503 218 4573 qm·
234 4501 403 4572 exprobrant
418 4501 535 4564 cloiols,
556 4513 585 4554 eo
603 4499 677 4570 quod
694 4500 818 4555 mdiucti
834 4505 899 4557 eunt
952 4500 987 4557 ad
1003 4500 1059 4557 iter
1072 4497 1143 4575 [Gr„
1161 4500 1236 4573 quod
1251 4498 1350 4571 iuopia
1365 4498 1495 4556 laborent
1508 4500 1543 4556 ad
1559 4497 1623 4575 iter]
1639 4501 1781 4574 agendum

114 4576 141 4628 1'11
151 4575 262 4630 ecclesia
274 4576 333 4628 sine
345 4573 429 4637 datii,
441 4574 561 4643 epitimii)
572 4568 699 4647 [militie]
710 4572 861 4642 iubjalmi·
955 4590 984 4646 hi
997 4590 1048 4662 qui
1064 4589 1256 4663 congregandi
1268 4593 1346 4663 suut,
1356 4605 1367 4632 ι
1376 4589 1551 4646 definierunt
1565 4589 1643 4659 (tan.
1657 4588 1685 4660 8)
1695 4593 1782 4649 sextu

116 4695 258 4754 pmqqm
279 4695 314 4752 qq
340 4699 458 4753 mortem
479 4699 533 4764 εει,
560 4695 674 4767 quanm,
698 4695 814 4767 qupqaffl
839 4709 901 4767 pec„
953 4679 1055 4753 synodi
1071 4679 1164 4736 sancti
1179 4679 1286 4751 Patres,
1303 4679 1381 4736 omui
1399 4679 1584 4736 excusatione
1602 4683 1709 4737 remota
1726 4693 1783 4738 mo·

93 4789 171 4843 anm
183 4783 339 4843 incorrecti
356 4785 527 4856 persistunt.
546 4785 604 4841 lloc
618 4797 684 4841 roro
698 4784 828 4841 deterius
845 4792 897 4857 est,
954 4769 1001 4828 ‘¹¹⁵
1020 4768 1157 4825 ⁰¹¹¹¹¹5bl¹⁸
1175 4768 1261 4825 semel
1279 4768 1308 4824 ¹¹¹
1323 4781 1399 4826 assss⁰
1418 4769 1494 4843 fillis
1512 4777 1541 4827 et
1554 4770 1706 4842 deblaim
1723 4785 1785 4828 ⁰01·

93 4869 110 4924 ri
119 4877 146 4930 et
157 4878 326 4948 arroganter
341 4873 409 4930 elati
432 4873 588 4946 insurgunt
606 4873 744 4930 aduersus
765 4873 900 4945 pietatem
956 4859 1023 4932 ligi·
1043 4860 1124 4915 Hunc
1143 4871 1210 4929 0li⁰
1233 4870 1369 4913 &⁰⁰⁰⁰OE
1389 4866 1693 4918 021108l0110l³fflu⁸²
1715 4865 1743 4917 el
1757 4860 1782 4918 εἱ

94 4965 294 5035 compagem
322 4969 350 5022 eq
375 4963 558 5037 ppaefgpgnqeg
581 4978 741 5021 mammona
764 4965 813 5021 pei
838 4965 902 5022 opp„
957 4949 1109 5023 quisquam
1129 4947 1264 5019 princeps
1280 4947 1413 5004 inventus
1433 4947 1524 5005 luerIt
1543 4950 1597 5007 hoc
1619 4951 1782 5024 prohibere,

93 5048 203 5126 liertiae,
213 5055 381 5112 nullatenus
392 5054 802 5127 regularibusejuspraeceptis
812 5054 903 5112 iuterr-
954 5036 1783 5111 ⁰0mffl¹¹¹¹i⁰¹¹⁰lllil0ffll=Si(illisvefflfflelffllllllltassfflssffl

93 5138 157 5202 lunt
174 5148 206 5203 In
222 5145 271 5202 his
286 5158 343 5201 non
362 5150 405 5201 est
418 5145 558 5202 Dominus
571 5146 658 5217 Deus,
678 5143 737 5201 uisi
753 5145 901 5203 humiliati
957 5131 1011 5187 h⁰⁰
1025 5127 1183 5202 ssedlffissfil
1195 5140 1288 5200 adello
1302 5125 1410 5198 absbue
1425 5129 1604 5202 necessitate,
1619 5132 1663 5189 iel
1679 5131 1717 5205 ll,
1733 5144 1785 5189 ⁸0¹¹

10 5276 14 5287 '
114 5269 277 5328 'Anastasli
295 5268 396 5325 uerba:
411 5269 452 5326 Ne
466 5273 491 5324 te
508 5274 622 5333 moueat,
639 5270 664 5324 si
680 5269 751 5324 hunc
769 5270 904 5341 delinitio·
956 5272 1062 5328 vincias
1084 5271 1115 5324 in
1140 5269 1340 5324 obseruauitque
1363 5270 1571 5328 ecclesiasticam
1595 5277 1783 5337 assumuntur,

94 5352 138 5399 lun
156 5359 208 5399 nos
226 5344 339 5398 minime
353 5341 511 5404 habeamus,
529 5356 589 5396 cum
606 5345 632 5395 et
645 5356 739 5396 eurum
755 5345 902 5400 nonnullas
957 5348 1028 5400 swut
1042 5341 1373 5397 santheodlcensr'sconc.
1386 5341 1568 5412 requisites
1581 5340 1624 5407 ti,
1637 5343 1784 5415 quaecpud
1832 5367 1834 5372 ·

94 5419 355 5480 mccintmcnones
369 5413 509 5476 hebemus,
525 5415 556 5467 in
567 5414 756 5470 auctoritatem
771 5429 825 5470 non
837 5418 906 5471 reci·
958 5415 1062 5472 desem
1074 5417 1182 5469 tontum
1195 5416 1350 5477 secantur,
1366 5430 1470 5472 necnon
1481 5415 1715 5488 scelerarorum
1725 5428 1786 5468 corr·

10 5478 14 5490 ’
91 5486 195 5561 mus,
220 5489 294 5544 ucat
317 5484 454 5557 quosdam
475 5499 510 5540 ec
533 5485 664 5541 conciliis.
693 5485 766 5542 Aliae
787 5502 906 5559 nemque
957 5488 1084 5543 ciliorum
1095 5488 1121 5541 et
1133 5483 1284 5557 cupitulcd
1296 5483 1350 5542 et8
1363 5501 1424 5558 qum
1433 5487 1513 5543 nullu
1518 5487 1665 5557 prounde
1676 5496 1785 5540 souare

11 5558 15 5565 ’
93 5560 402 5627 qmdrmoscuntem,
419 5557 907 5632 dmomoupudcertcssolumpro·
957 5560 1014 5617 nisi
1027 5557 1356 5628 Atricuacdipncecitur.
