3892 6090
590 280 750 341 HISTORIA
768 278 1084 338 ledobnnboaitm.
1637 278 1692 342 762

113 404 220 466 iecerat
240 421 255 463 a
272 406 332 464 solo
352 407 478 479 proprio,
499 407 565 464 dolo
586 407 722 475 evocavit,
744 404 806 460 lra—
818 401 848 463 A
862 405 977 463 nimodo
995 405 1126 480 abesset3
1142 414 1173 465 ut
1192 407 1282 465 fateor
1292 409 1316 465 si
1333 408 1401 480 quis
1419 408 1503 465 corde
1524 422 1579 466 non
1601 409 1692 480 percl-

98 510 115 553 e
137 508 256 553 suorum
271 495 395 551 confinia
422 496 584 565 depraedare
600 494 723 565 fecitque
736 507 807 549 suc·
864 493 917 563 pit,
934 494 1144 553 oeulisxideat.
1255 541 1263 553 .

98 586 230 656 Dumque
254 584 362 640 cotidie
385 584 487 654 capum
512 584 596 640 ruina
620 587 804 653 excresceret,
895 579 940 643 32,
957 579 1039 656 (dod.)
1053 584 1193 641 invitatus
1209 585 1305 656 itaquo
1322 584 1524 656 Londoguicus
1543 597 1640 652 caesar,
1658 591 1691 641 ut

98 677 169 731 sest
179 672 254 729 idem
270 672 315 728 vir
328 672 403 729 tilios
417 672 559 728 landonis
574 687 638 729 cum
653 672 724 728 tiliis
740 673 807 726 Lan·
860 671 982 740 praedixi
1001 670 1039 744 ¹¹¹,
1055 673 1247 730 incommune
1268 687 1285 729 a
1307 673 1522 743 Beneventanis,
1543 672 1688 743 capuanis

101 775 198 836 ,nexo
222 759 327 817 imdere
345 760 462 831 utrique
483 760 581 816 urbem
602 759 756 817 introirent
770 758 804 814 ad
860 761 1030 834 cunctisque
1044 762 1255 819 cummarcanis
1269 762 1303 818 ad
1327 762 1479 819 tuitionem
1502 762 1620 831 perditae
1636 772 1690 832 pa·

98 850 226 907 tendum.
241 848 277 904 dt
291 847 336 903 illi
350 847 362 890 ¹
376 861 409 903 ex
424 847 538 904 diverso
558 848 588 903 in
603 862 692 904 unum
706 860 807 903 coeun-
861 847 996 907 trite—a
1010 850 1153 907 Graiierio
1168 849 1284 907 minime
1295 851 1357 920 boc,
1371 851 1439 921 quia
1453 864 1504 921 pro
1516 849 1648 906 aldemari
1664 847 1687 891 ¹¹

98 936 807 1006 ramentojnnctisuut,adieruntqueurbem3quos
860 937 991 1008 captione
1005 939 1241 996 execrabatur-
1253 939 1401 995 Beneventi
1427 939 1498 995 fines
1515 953 1564 1009 per
1585 940 1684 996 Suram

98 1019 274 1098 ipradictus
297 1025 413 1080 virarte
425 1038 476 1080 sua
492 1023 593 1080 ielellit
612 1030 640 1082 et
660 1024 806 1094 perjurare
861 1024 1034 1105 ingreditur,
1050 1034 1136 1098 atque
1163 1026 1243 1097 prius
1267 1027 1438 1083 monasterio
1454 1026 1598 1083 Benedicti
1613 1026 1688 1082 beati

97 1116 202 1186 llisque
220 1113 336 1183 divisis,
353 1113 491 1170 mentitus
509 1118 562 1168 est.
582 1113 643 1182 Qua
656 1127 707 1184 pro
720 1126 807 1170 causa
861 1114 1012 1184 applicuit.
1026 1115 1087 1184 Quo
1099 1115 1133 1172 ad
1145 1129 1210 1172 eum
1224 1116 1309 1188 legati
1325 1116 1360 1171 de
1378 1115 1502 1172 diversis
1513 1115 1635 1172 urbibus
1648 1130 1691 1173 ve

98 1201 275 1261 andonullus
287 1201 321 1257 ad
339 1201 515 1271 imperialem
530 1200 731 1258 celsitudinem
747 1201 808 1257 mi·
860 1208 966 1259 nerunt
980 1220 987 1258 ι
1005 1202 1081 1260 inter
1093 1217 1166 1274 quos
1179 1202 1340 1260 baudelius
1352 1204 1410 1273 jam
1422 1203 1518 1260 dictus
1530 1208 1559 1260 et
1571 1208 1687 1275 nepotes

98 1290 188 1351 tetolts
203 1304 235 1347 ac
245 1289 429 1361 jussionibus
441 1289 556 1361 ablatis,
575 1290 604 1345 in
619 1289 690 1346 urbe
705 1304 807 1348 memo
861 1291 907 1347 sul
930 1305 965 1346 ex
976 1291 1089 1349 diverso
1104 1298 1253 1349 venerunt.
1274 1291 1421 1362 susceptis
1440 1291 1531 1363 igitur
1543 1293 1689 1364 augustis·

98 1392 114 1438 n
127 1385 171 1439 est
184 1380 341 1452 ingressus,
363 1392 513 1449 quousque
527 1378 657 1435 venirent
669 1378 808 1451 lodogui·
863 1377 915 1432 boe
927 1383 971 1434 est
986 1377 1031 1434 vir
1041 1383 1069 1435 et
1084 1380 1199 1449 conjux.
1217 1392 1233 1434 a
1250 1378 1397 1435 Bertbario
1418 1377 1574 1435 venerabili
1586 1378 1687 1436 abbate

98 1469 199 1527 mimus
213 1474 365 1541 augustus,
381 1481 397 1523 a
411 1467 512 1522 multis
524 1480 574 1537 per
588 1467 667 1523 varia
679 1471 807 1538 tempora
861 1464 1080 1533 officiocissime,
1097 1466 1256 1523 landulfus
1270 1468 1305 1523 ad
1329 1467 1444 1524 solitam
1466 1481 1584 1539 vergens
1599 1466 1687 1525 lalla-

98 1572 144 1615 ιε.
862 1554 946 1609 eiam.
971 1555 1122 1625 capuanos
1146 1570 1218 1626 quos
1236 1556 1334 1612 caesari
1356 1560 1574 1626 praesentaverat
1591 1555 1689 1629 lugere

98 1644 257 1703 ¹nltautem
275 1645 348 1701 idem
367 1643 532 1713 landoltus,
550 1647 582 1699 ut
595 1643 745 1714 pollicitus
766 1643 808 1698 in·
861 1643 1019 1713 compulit:
1033 1644 1095 1714 ipse
1111 1644 1263 1701 soluscum
1277 1659 1309 1701 eo
1319 1645 1467 1715 remansit,
1482 1645 1565 1715 quasi
1576 1645 1664 1701 satist
1680 1676 1691 1688 ·

98 1731 159 1806 (cop
177 1730 231 1806 bl),
246 1747 279 1788 ex
301 1736 404 1789 natura
426 1732 562 1802 prudens,
579 1737 622 1787 set
635 1745 669 1786 ex
684 1745 808 1788 consue-
822 1722 849 1784 B
862 1733 951 1804 ciens,
963 1747 993 1789 se
1003 1733 1044 1789 nil
1058 1732 1202 1804 culpabile
1214 1747 1298 1803 penes
1308 1747 1373 1790 eum
1384 1734 1516 1805 gessisse.
1527 1734 1685 1792 Praedictus

98 1821 232 1894 callidus,
244 1820 375 1878 lubricus
386 1821 508 1877 nimium
522 1826 549 1875 et
565 1821 705 1891 petulans,
721 1820 809 1875 ambi·
864 1820 960 1891 itaque
971 1827 1111 1893 augustus
1127 1821 1298 1878 Landulinm
1315 1820 1339 1865 11
1352 1826 1420 1878 tunc
1441 1837 1492 1892 pro
1506 1822 1617 1879 nichilo
1629 1823 1689 1880 du-

98 1911 175 1970 omni
184 1911 309 1979 immine,
322 1909 415 1966 elatus
425 1923 512 1980 supra
521 1922 606 1980 quam
615 1909 692 1965 credi
705 1914 806 1981 potest,
862 1922 939 1979 cens,
963 1909 1087 1980 Capuam
1103 1910 1186 1979 adiit,
1203 1910 1403 1981 obsessamque
1425 1909 1519 1967 tribus
1535 1911 1603 1966 trino
1622 1910 1689 1967 iude

98 2012 186 2058 torum
196 1996 438 2070 quoqueiniestor
450 2004 478 2053 et
496 1998 661 2067 praedatori
679 2038 686 2069 ,
701 1999 736 2054 de
747 1997 810 2068 qui·
863 1997 1010 2053 mensibus
1026 1997 1049 2041 ¹¹
1063 1997 1196 2055 funditus
1212 1997 1234 2040 ¹¹
1247 1998 1362 2070 delevit,
1372 1998 1596 2055 etcumcivibus
1606 1999 1689 2056 illius

98 2086 226 2144 tribunal
241 2086 372 2142 tumidus
385 2085 487 2141 sedens
502 2085 607 2141 solitus
632 2092 693 2143 erat
712 2085 809 2142 dicere
864 2086 1281 2157 quodcumqueplaeitumdare
1289 2087 1387 2158 nollet,
1395 2085 1542 2142 lamberto
1550 2087 1690 2144 comitiil-

98 2174 255 2233 rtantibus:
282 2175 408 2240 Quotiens
432 2175 592 2228 monaulum
620 2177 681 2228 uisu
715 2187 806 2238 cerno,
863 2173 1689 2248 liussetradiderunt3putantesselaeererectius,pessime

105 2264 174 2320 mibi
193 2266 292 2331 sutura
307 2264 364 2318 dios
387 2264 513 2332 auspiciu
536 2263 653 2317 tustini
679 2263 809 2317 submitti·
863 2268 1044 2320 corruerunt.
1056 2263 1135 2320 Unde
1149 2268 1244 2334 postea
1255 2278 1306 2334 pro
1318 2263 1616 2336 nichiloducti‚omni
1629 2262 1688 2320 iere

98 2352 245 2411 istovalde
262 2351 446 2422 jndiciobei,
461 2355 494 2407 nt
507 2350 543 2407 ab
555 2350 613 2406 biis
629 2351 807 2408 incommoda
864 2365 959 2408 mense
971 2352 1095 2409 diversis
1106 2352 1257 2422 jndicibus
1277 2352 1420 2409 dabantur
1436 2353 1464 2408 in
1480 2353 1613 2423 praedam.
1630 2355 1688 2409 lloc

98 2442 221 2512 etquos
229 2439 311 2497 velud
323 2438 546 2495 nefandissimos
556 2438 652 2494 hostes
660 2438 809 2494 execrabat
863 2440 1144 2511 quoqueitaperacto
1161 2443 1204 2513 ¹5,
1220 2439 1689 2511 Guailerioomnisinesponsione
1787 2454 1790 2459 ·

98 2526 258 2601 equebatur,
272 2540 288 2582 a
301 2527 408 2597 quibus
421 2527 507 2583 etiam
520 2527 549 2581 in
566 2525 664 2590 iuturo
677 2533 808 2597 torquen·
864 2529 945 2598 prius
959 2527 1118 2602 Salernum,
1141 2535 1169 2586 et
1182 2530 1226 2586 sic
1237 2530 1352 2586 demum
1371 2528 1407 2586 ab
1429 2529 1582 2587 adelchiso
1597 2530 1689 2585 Bene·

98 2619 122 2675 t.
134 2615 280 2685 Principis
295 2615 341 2671 sui
358 2629 471 2686 quoqne
491 2615 604 2672 derisor
621 2620 650 2672 et
661 2617 806 2687 perjurus,
862 2624 977 2674 sentum
998 2624 1134 2689 exceptus
1157 2623 1209 2675 est.

98 2717 173 2777 nque
188 2717 306 2760 suorum
328 2718 454 2774 perosor,
480 2703 587 2774 quippe
603 2704 653 2775 qui
665 2704 806 2761 neminem
897 2703 1691 2779 33.(867.)Sequentiautemannomultisiultusauxilia·

98 2792 365 2865 praemrsuaeearnis
379 2792 531 2861 incentiva,
544 2806 638 2863 pacem
648 2806 805 2865 nunquam,
863 2794 1072 2851 toribnsliarim
1086 2796 1220 2866 perrexit,
1231 2796 1387 2867 alquecum
1399 2798 1555 2868 saepedicto
1566 2799 1689 2872 saugda-

98 2880 140 2939 lle
152 2881 250 2939 obitus
264 2881 321 2951 sui,
336 2881 516 2951 amplexatus
530 2886 583 2937 est.
597 2882 643 2937 Sic
660 2881 709 2937 ubi
724 2880 808 2937 tede·
862 2896 897 2938 ne
913 2881 937 2925 11
950 2884 1113 2955 augustalis
1127 2885 1271 2941 exercitus
1286 2899 1409 2958 pugnam
1424 2886 1579 2957 commisit,
1595 2901 1610 2943 a
1627 2889 1690 2959 qui·

98 2970 156 3043 tait,
170 2974 248 3028 totus
259 2983 289 3027 se
302 2975 418 3026 strenue
431 2969 565 3039 iniciens,
580 2967 755 3026 zizaniorum
767 2983 808 3025 se·
861 2970 916 3027 bus
926 2975 954 3026 et
967 2978 1120 3041 superatus
1129 2971 1266 3044 aufugiit,
1275 2975 1411 3031 ammissa
1421 2989 1476 3031 non
1490 2976 1600 3032 modica
1610 2983 1689 3048 parte

98 3058 161 3132 mit;
176 3060 252 3130 quod
266 3059 291 3114 si
303 3058 351 3115 cui
363 3057 535 3114 incredibile
546 3058 669 3128 videtur,
681 3058 808 3114 animad-
822 3053 846 3112 d
862 3059 1042 3116 bellatorum.
1056 3061 1165 3116 Dehinc
1177 3062 1377 3118 omniaeorum
1391 3063 1617 3136 circumquaque
1627 3071 1689 3121 sata

98 3151 169 3221 quot
183 3147 296 3204 vicibus
311 3146 492 3204 Guaiierium
509 3145 621 3210 lelellit,
638 3148 685 3202 eui
700 3161 749 3217 per
763 3153 807 3204 ter
861 3148 1042 3218 comburens,
1059 3148 1204 3204 Materiam
1215 3149 1299 3220 adiit,
1317 3165 1400 3221 quam
1414 3156 1443 3207 et
1454 3151 1517 3207 sine
1533 3166 1612 3208 mora
1624 3152 1690 3225 igne

98 3234 248 3309 ipsumque
258 3235 551 3306 ipsesibiprincipem
564 3235 703 3291 instituit.
717 3235 806 3292 llulto
861 3237 1002 3307 cepitque.
1015 3238 1094 3293 'l'unc
1104 3238 1183 3292 venit
1200 3237 1648 3312 Venusiam,eastrametatusque
1658 3243 1688 3298 in

98 3322 218 3382 Mutius
233 3324 367 3395 cupiebat
379 3324 519 3395 captivari
530 3323 642 3379 animas
657 3324 806 3381 bominum
861 3337 893 3380 ea
908 3324 1052 3397 cepitque
1062 3338 1207 3395 renovare,
1219 3331 1246 3380 et
1256 3325 1351 3381 Barim
1364 3326 1433 3382 nine
1443 3330 1471 3381 et
1486 3325 1551 3384 iude
1564 3328 1689 3399 graviter

98 3412 189 3485 ttlnm,
205 3426 291 3484 qnam
301 3413 344 3469 vel
359 3426 453 3483 parem
466 3427 532 3470 eum
546 3411 658 3484 babere,
673 3425 729 3469 non
740 3413 806 3470 dico
861 3412 1256 3485 expugnansdemolitusest3
1272 3413 1423 3484 positoque
1437 3414 1572 3483 praesidio
1584 3429 1689 3488 pugna·

98 3514 135 3575 m,
157 3506 257 3560 contra
277 3507 448 3573 praeceptum
472 3500 602 3572 Apostoli
623 3515 733 3573 gerens,
755 3502 805 3572 qui
861 3506 956 3558 torum
968 3500 999 3556 in
1012 3500 1149 3567 mursia,
1162 3500 1292 3556 vicissim
1308 3515 1357 3558 eos
1371 3501 1509 3558 cornibus
1521 3503 1687 3559 ventilabat.

98 3590 193 3657 abdiu,
211 3593 325 3665 inquid,
346 3596 427 3648 estote
451 3594 525 3646 omni
546 3592 659 3664 dicioni,
679 3593 734 3646 siue
749 3594 808 3660 regi
861 3590 1044 3660 Quoterrore
1054 3589 1178 3661 perculsi
1191 3587 1215 3633 ¹⁷
1230 3629 1238 3654 ,
1255 3589 1339 3646 multi
1353 3588 1386 3646 ad
1404 3589 1582 3662 augustalem
1591 3591 1691 3650 coniu-

98 3696 117 3737 tt
122 3682 300 3752 praecellenti,
312 3683 367 3735 sine
385 3681 499 3735 ducibus
512 3685 643 3750 tetraqunm
657 3682 691 3735 ab
703 3697 732 3736 co
747 3683 810 3736 mis·
862 3679 975 3751 gientcs
984 3677 1174 3749 clementiam,
1185 3679 1248 3735 dati
1262 3677 1319 3734 sihi
1334 3677 1466 3749 petebant
1479 3678 1613 3750 dextras,
1627 3681 1693 3752 qui·

98 3772 143 3826 etr.
167 3770 222 3841 u);
238 3775 266 3825 et
279 3769 369 3825 alibi:
391 3771 452 3825 Non
464 3785 523 3839 pra
537 3773 576 3824 est
591 3774 712 3840 potestus
724 3772 808 3824 nisio
862 3765 918 3823 bus
927 3772 995 3823 tuuc
1004 3766 1119 3823 solitam
1131 3766 1358 3823 misericordiam
1370 3779 1426 3823 uon
1444 3764 1468 3810 18
1482 3767 1612 3840 denegat.
1623 3769 1691 3827 Post

98 3870 152 3928 que
168 3859 217 3927 qui
228 3859 331 3912 resistit
344 3859 482 3928 potestati.
500 3859 548 3911 Dei
562 3858 732 3912 ordinationi
743 3860 811 3913 resi·
863 3855 922 3912 bac
938 3855 1010 3912 itum
1025 3860 1069 3912 est
1082 3853 1226 3911 oereamb
1241 3854 1350 3925 urbem,
1373 3855 1473 3926 sicque
1486 3854 1586 3912 itidem
1600 3870 1691 3913 rever-

98 3958 128 4000 n.
144 3946 220 4017 xnr).
237 3944 315 4001 llis7
331 3946 432 4018 igitur,
445 3945 602 4014 postposita
613 3945 808 4003 ecclesiastica
863 3958 913 4000 sus
933 3947 976 3999 est
1002 3943 1200 4014 moerentum,
1216 3947 1302 4014 atque
1319 3943 1465 4000 annitente
1487 3943 1544 4000 sibi
1570 3944 1690 4003 dextera

99 4034 209 4105 lneque
224 4033 408 4104 episcopalia,
430 4034 580 4090 semiviros
595 4045 610 4075 1
629 4034 807 4092 solummodo
863 4044 996 4103 superna,
1007 4045 1072 4088 cum
1085 4033 1144 4102 jam
1159 4032 1193 4087 ad
1209 4032 1417 4089 extremitatem
1429 4033 1581 4089 maximam
1596 4017 1692 4104 perve-

98 4122 317 4192 tosqnecunctis
329 4122 808 4192 praetulitimplevitnicbilominns
863 4119 1124 4191 nissentSarcceni,
1146 4120 1235 4176 misso
1249 4121 1377 4177 exercitu
1390 4121 1485 4178 Barim
1506 4121 1593 4192 cepit,
1607 4125 1690 4193 capto

98 4208 137 4266 ria
162 4209 257 4278 isaye
285 4211 411 4266 dicentis
440 4210 512 4281 (cup.
545 4211 613 4279 ur):
640 4211 808 4280 disseminati
864 4208 1691 4283 iueaSangdamederoregecumalliisnonnullissatelliti·

98 4298 196 4353 buntur·
207 4300 255 4352 eis.
272 4300 363 4368 liujus
378 4299 454 4354 enim
471 4312 522 4369 ego
538 4296 610 4353 tracta
625 4299 681 4353 viri
699 4299 810 4355 minua·
863 4293 1181 4369 bussuisbeindetd'll
1194 4296 1685 4370 Febr.)Tarentumobsiderejussit.

98 4384 195 4442 »licere
210 4387 245 4463 si·
264 4388 389 4459 voluero,
418 4387 536 4444 lucilius
556 4392 587 4442 ut
608 4400 672 4442 reor
696 4391 808 4458 tempus
824 4398 850 4459 D
897 4383 940 4442 3¹.
958 4387 1070 4457 Quibus
1087 4387 1126 4443 ita
1148 4386 1270 4457 patratis
1286 4385 1309 4430 ¹9
1325 4426 1333 4458 ,
1348 4391 1382 4444 ut
1396 4387 1532 4457 superius
1547 4389 1689 4458 promissa

98 4478 149 4532 tur
161 4474 176 4516 11
190 4516 197 4543 ,
212 4488 296 4545 quam
313 4474 391 4531 laudi
402 4490 494 4532 sermo
507 4475 694 4531 terminetur:
713 4479 806 4531 tamen
864 4487 992 4544 promam
1005 4473 1032 4516 ²¹
1047 4516 1054 4545 ,
1069 4475 1168 4531 videns
1178 4473 1313 4532 diabolus
1324 4489 1392 4531 suos
1406 4475 1553 4531 eliminari
1563 4475 1690 4532 cbristo-

109 4562 281 4619 medullitus
295 4578 376 4619 nosse
389 4564 543 4634 desiderat,
561 4576 660 4619 versus
673 4576 690 4618 a
703 4568 806 4619 memet
863 4576 918 4634 que
943 4562 1077 4621 universa
1104 4564 1259 4621 restaurari
1274 4561 1298 4606 ²¹
1316 4606 1324 4637 ,
1341 4563 1486 4635 principia
1509 4562 1639 4621 recolens
1660 4570 1689 4622 et

99 4649 185 4708 otos⁹
202 4653 340 4723 requirat.
360 4652 432 4708 dote
453 4652 528 4707 diem
552 4666 617 4706 roro
641 4651 737 4708 exitus
760 4652 806 4708 sui
863 4652 984 4722 dampna
996 4651 1101 4708 interni
1117 4653 1226 4724 dolens,
1238 4667 1291 4709 suo
1303 4653 1440 4709 instincto
1451 4660 1599 4724 coeperunt
1611 4652 1687 4708 Galli

98 4756 104 4797 ι
121 4741 209 4798 trium
229 4741 350 4798 fratrum
369 4754 487 4797 suorum
501 4741 572 4797 tiliis
592 4741 633 4796 ita
647 4741 759 4810 divisit,
776 4748 810 4797 ut
863 4741 987 4812 graviter
1001 4740 1210 4796 beneventanos
1226 4742 1358 4812 persequi
1374 4755 1407 4797 ae
1422 4741 1581 4798 crudeliter
1601 4755 1690 4799 sexa-

98 4842 200 4902 mtpore
214 4830 289 4886 inter
306 4844 354 4886 eos
369 4830 483 4901 gladius
499 4830 567 4885 rixae
581 4844 727 4901 nunquam
743 4844 810 4887 om·
863 4843 902 4884 re.
920 4828 981 4898 Qua
995 4829 1031 4884 de
1045 4841 1075 4883 re
1089 4833 1117 4883 et
1128 4827 1281 4900 adelgisus
1296 4831 1430 4901 princeps
1444 4830 1582 4887 adversus
1593 4830 1689 4888 bodo-

674 4971 788 5028 VARIAE
815 4968 1010 5026 LECTIONES.

98 5097 189 5141 orrens
224 5085 322 5140 elliu
358 5087 387 5154 B,
423 5087 566 5143 Pandonis
597 5104 618 5141 c.
645 5086 722 5143 lille
751 5104 774 5141 c.
800 5085 886 5158 ¹quo
912 5084 1010 5141 statim
1039 5084 1209 5154 c.¹predor
1237 5082 1433 5144 bitristicia
1458 5105 1481 5143 e.
1514 5088 1562 5150 71.
1591 5108 1614 5148 e.
1649 5094 1685 5148 ls.

120 5153 336 5211 ⁸assun2niiur
368 5158 420 5211 el
444 5164 628 5215 constructus
665 5159 728 5213 e.¹¹
751 5159 877 5227 predixit
913 5153 937 5211 l.
960 5156 983 5200 ¹¹
999 5155 1151 5212 aldemario
1189 5153 1213 5211 l.
1240 5156 1265 5200 ¹²
1288 5158 1446 5216 baudulfus
1474 5177 1497 5215 c.
1515 5163 1540 5208 1³
1556 5162 1629 5217 deest
1657 5165 1687 5217 in

98 5227 279 5281 eatituendum
307 5243 341 5282 eu
364 5224 390 5282 i.
413 5226 442 5298 (l.
466 5243 489 5284 c.
516 5228 571 5301 36.)
594 5235 619 5284 ct
637 5228 663 5285 ὅ.
689 5226 902 5301 (402.)111υηῠί
930 5245 953 5290 c,
983 5227 1060 5282 ¹›itu
1087 5226 1113 5283 5.
1141 5234 1222 5298 pacto
1250 5245 1272 5282 c.
1301 5229 1491 5304 ¹¹Saudagne
1519 5249 1541 5286 c.
1578 5232 1688 5302 lipro-

98 5311 115 5352 r.
130 5296 156 5342 ¹⁸
170 5297 243 5353 deest
279 5301 309 5353 in
345 5300 453 5372 codice,
492 5313 547 5356 non
585 5301 697 5372 negauit
733 5299 760 5357 5.
801 5300 825 5344 111
837 5302 881 5355 ltu
921 5296 948 5355 5.
988 5299 1097 5368 paratis
1133 5317 1156 5354 c.
1195 5300 1355 5371 2⁶⁰pronam
1392 5318 1415 5357 c.
1454 5305 1478 5348 2¹
1496 5303 1621 5361 restauri
1658 5318 1688 5358 e.

780 5423 891 5480 NOTAE.

98 5538 129 5593 st
146 5536 305 5593 eunuchos.
900 5536 915 5578 ¹³
930 5537 1008 5608 Uria,
1020 5538 1100 5595 0rea.
1575 5516 1587 5585 ν’
