3876 6090
110 252 165 312 {53

494 255 766 316 INTERPRETATIO
783 259 908 316 studui
926 258 986 315 VIII
1003 258 1204 317 GENERALIS.
1217 291 1254 302 -
1271 261 1372 317 actio
1390 261 1426 316 X.

1761 253 1814 314 lbi

109 381 304 450 depositorias
318 381 517 437 accusationes
532 387 559 438 et
577 384 700 441 crimina
720 390 818 443 contra
834 387 936 443 beatis
948 386 978 447 A
990 391 1064 442 esset
1080 387 1228 457 iuventtio,
1245 392 1272 442 et
1288 387 1395 442 sanctis
1410 385 1542 441 Patribus
1564 384 1670 440 nostris
1684 389 1712 440 et
1726 384 1813 456 magl-

110 451 216 508 slmum
234 466 335 522 papam
352 452 503 508 Nicolaum
519 457 724 529 commovisse3
741 464 769 513 et
784 459 935 514 anathema

112 524 272 593 procaciter
287 527 316 578 et
331 523 470 579 audacter
484 530 580 581 contra
597 540 672 598 eum,
689 535 716 583 et
730 535 849 584 cunctos
863 543 936 584 cnm-

111 594 294 649 iiuuicautes
318 594 357 664 el,
383 608 457 663 sape
483 596 685 670 promulgasse,
707 613 828 669 quorum
851 600 933 670 quasi

111 670 366 721 monumentorum
380 665 471 721 libros
485 680 535 722 nos
547 682 660 750 quoque
673 670 808 741 vidimus,
822 671 857 726 ah
872 672 934 740 ipso

111 735 239 807 uiahgno
260 749 348 806 opere
368 750 400 792 an
421 736 516 792 laliaci
536 739 693 795 dictatione
714 746 858 810 consutos,
882 742 932 812 qui

110 807 196 862 ctiam
213 807 352 877 synodice
366 807 402 863 ah
418 808 483 879 igne
497 811 658 880 consumpti
680 816 765 868 sunt:
784 812 872 883 huy'ns
891 813 931 868 rel

109 877 202 949 gratia
219 892 272 948 pro
292 878 404 934 cautela
419 878 605 935 ecclesiastici
621 882 732 937 ordinis
750 882 935 939 anathemati-

109 962 208 1004 nmus
245 949 343 1005 uidem
360 947 495 1019 primitus
518 951 684 1019 pradictum
700 953 831 1009 PhotIum
847 955 932 1010 etiam

109 964 443 1090 propterqhuluscemodi
454 1032 581 1076 causam:
592 1023 696 1080 deinde
707 1038 771 1080 vero
784 1029 812 1079 et
822 1039 933 1081 omnem

110 1091 160 1160 qui
176 1091 282 1146 amodo
297 1092 326 1145 iu
340 1090 500 1147 calliditate
513 1091 709 1151 fraudulenter
720 1096 820 1167 egerit,
835 1102 863 1151 et
875 1111 935 1152 vcr-

78 1212 84 1230 ,
110 1160 178 1217 hum
192 1161 328 1217 veritatis
340 1162 554 1229 adulteraverit,
568 1171 596 1218 et
608 1163 695 1222 ialsos
707 1167 831 1223 vicarios
848 1168 936 1223 simu·

111 1231 224 1304 laverit,
241 1232 285 1287 vel
304 1232 393 1288 libros
411 1233 539 1289 dictatus
556 1237 700 1292 mendacis
714 1237 837 1309 tinxerit,
853 1243 881 1293 et
899 1239 934 1293 ad

113 1303 298 1373 propriorum
320 1303 442 1359 lavarem
464 1309 592 1360 votorum
610 1312 816 1364 commentatus
836 1309 933 1378 luerit,

113 1374 355 1456 quemadmodum
372 1380 400 1429 et
417 1373 594 1431 fortissimos
611 1377 726 1446 pietatis
743 1379 849 1435 athleta
867 1383 937 1435 tlar-

112 1450 203 1515 tinus,
225 1445 428 1501 sanctissimus
449 1460 519 1516 papi
538 1446 692 1522 Romanus,
714 1449 784 1505 tales
803 1452 937 1521 synodice

114 1515 236 1587 pepulit.

114 1624 168 1679 tit.
193 1622 275 1687 Quod
292 1639 346 1677 non
364 1629 486 1692 oporteat
504 1626 744 1682 anathematismos
762 1645 779 1682 n
799 1633 894 1683 sanctu
913 1633 938 1682 el

147 1695 303 1748 autumali
320 1696 424 1762 synodo
443 1696 616 1751 honorandas
635 1703 660 1751 et
678 1704 787 1754 sanctas
806 1702 936 1766 imiiqtncs

145 1767 272 1835 pungere,
294 1766 336 1819 uel
355 1766 448 1820 docere
467 1766 627 1836 disciptinas
646 1769 747 1824 dintua
765 1787 798 1825 ac
812 1771 938 1824 hnmana

148 1837 303 1904 sapientia.

149 1942 231 2012 Quod
252 1943 364 2012 justum
387 1947 440 2013 est,
463 1950 491 1999 et
509 1945 587 2014 y'uste
607 1960 672 2002 exse
695 1947 829 2015 uendum,
851 1947 939 2003 dcilo

116 2027 192 2138 gnus
212 2014 324 2083 Moyses
339 2014 485 2071 evidenter
504 2016 565 2088 lege
580 1963 741 2100 promnIgat
760 2016 846 2089 (benit.
868 2017 935 2090 xvi).

127 2086 182 2139 'uui
195 2083 305 2140 bonum
318 2098 374 2140 non
386 2086 425 2142 sit
436 2085 552 2158 bonum,
562 2088 619 2143 nisi
632 2089 787 2145 secundum
799 2090 937 2145 rationem

117 2153 281 2224 alliciatur,
299 2155 405 2212 bonum
421 2171 488 2228 ergo
504 2157 628 2228 prolecto
643 2164 671 2215 et
686 2159 766 2215 valde
782 2162 937 2229 proficuum

117 2230 166 2293 ist,
189 2231 307 2281 sanctas
329 2232 357 2281 et
376 2228 551 2284 venerabiles
574 2230 671 2285 iconas
694 2230 819 2301 pingere,
840 2232 887 2286 sed
911 2235 940 2286 et

118 2297 264 2367 proximos
283 2296 456 2367 disciplinas
470 2299 576 2355 divina
590 2314 622 2355 ac
643 2300 772 2356 humana
791 2300 939 2371 sapientia

117 2367 235 2423 docere:
259 2381 315 2422 non
335 2374 430 2424 autem
450 2368 555 2425 bonum
573 2377 626 2440 est,
645 2384 696 2426 nec
717 2373 834 2428 omniuo
858 2372 940 2442 proli·

117 2450 211 2508 cuum,
231 2438 269 2492 ab
290 2438 420 2510 indIgnis
440 2440 540 2496 horum
561 2441 673 2512 aliquid
697 2442 769 2497 lieri.
786 2443 878 2511 liiijiis
896 2442 939 2498 rei

117 2509 206 2580 gratia
222 2522 404 2580 nequaquam
421 2509 518 2566 iconas
533 2513 645 2582 operari
660 2513 689 2568 in
706 2514 798 2569 sacris
813 2514 938 2585 templis,

117 2579 160 2635 ned
175 2593 270 2650 neque
288 2579 318 2634 in
331 2581 434 2649 quovis
449 2582 512 2637 loco
523 2583 624 2639 docere
637 2585 892 2640 anathematizatos
905 2585 940 2640 ah

119 2647 167 2706 tac
177 2656 280 2706 sancta
291 2655 319 2705 et
330 2650 485 2708 universali
497 2655 604 2723 synodo
615 2655 768 2710 delinimus
779 2660 806 2710 et
817 2656 943 2725 promul·

120 2734 227 2792 gamus,
250 2735 344 2791 iisque
365 2735 402 2778 uo
422 2736 437 2778 a
459 2725 571 2794 propria
591 2725 757 2781 seductione
776 2740 808 2781 ac
830 2726 941 2782 malitia

119 2797 331 2847 convertantur.
344 2737 485 2864 buisquis
499 2809 566 2867 crgo
580 2801 644 2866 post
657 2796 730 2852 hanc
741 2797 940 2853 definitionem

991 458 1060 513 stris
1071 458 1202 514 Ecclesiae
1213 459 1328 542 penitus
1338 458 1441 512 aliena.
1454 456 1544 529 igitur
1553 455 1686 527 quoniam
1700 469 1811 511 omnem

989 529 1201 600 colligationem
1213 529 1379 600 iniqnitatis
1388 527 1506 598 solvere,
1521 526 1811 610 etchirographavio

991 599 1129 656 lentorum
1146 605 1344 656 contractuum
1359 601 1522 668 dirumpere
1538 611 1729 668 pracipimus,
1745 596 1812 678 deli·

990 671 1065 726 nivlt
1077 677 1173 726 sancta
1186 679 1214 726 et
1228 671 1401 727 universalis
1413 670 1547 740 synodus,
1564 669 1703 723 neminem
1717 681 1751 722 ei
1764 666 1811 722 his

989 738 1807 810 omnibusanunctalctcnerevelservarcchlrographum,

989 813 1036 868 scd
1048 812 1155 883 absque
1166 812 1294 884 quolibet
1303 811 1476 868 offendiculo
1487 811 1683 867 indubitanter
1690 814 1717 864 et
1726 809 1811 863 intre

988 880 1811 964 pidctamdocere,quamdiscereomnes,quiadutrumque

987 954 1151 1010 consistunt
1168 954 1273 1024 idonei,
1297 961 1397 1024 prater
1411 968 1459 1010 eos
1473 954 1523 1024 qui
1539 952 1646 1008 erroris
1662 963 1811 1034 inveni-un-

988 1030 1036 1081 tur
1050 1031 1078 1081 et
1094 1025 1233 1081 haretica
1249 1025 1407 1095 impietatis
1422 1025 1555 1081 servituti
1572 1023 1696 1091 redacti,
1712 1020 1809 1090 huyus-

988 1097 1065 1152 modi
1081 1096 1157 1151 cuim
1172 1097 1332 1153 certissime
1346 1104 1374 1152 ct
1387 1099 1488 1153 docere
1502 1103 1530 1151 et
1546 1095 1709 1150 discernere
1725 1093 1810 1147 iuter-

988 1167 1123 1223 dicimus.
1151 1168 1180 1223 Si
1205 1168 1272 1239 quis
1295 1175 1389 1223 autem
1410 1167 1605 1237 deprehensus
1627 1163 1809 1246 luerithanc

989 1238 1184 1294 definitionem
1201 1245 1326 1295 nostram
1350 1253 1485 1309 spernens
1506 1244 1591 1308 atque
1611 1248 1808 1317 praevaricans,
1849 1303 1854 1315 Ι

990 1309 1015 1364 si
1038 1309 1153 1379 quidem
1176 1310 1299 1366 clericus
1320 1317 1373 1379 est,
1393 1324 1408 1365 a
1429 1309 1544 1380 proprio
1564 1307 1652 1380 gradu
1678 1306 1807 1388 decidat,

991 1380 1159 1436 laicusvern
1169 1385 1373 1451 sequestretur,
1389 1386 1486 1451 utpote
1495 1380 1544 1451 qui
1554 1393 1609 1434 uon
1618 1378 1811 1433 creditDomi-

992 1452 1057 1506 nico
1078 1452 1163 1506 verbo
1179 1452 1358 1521 perhibenti:
1380 1453 1561 1520 Qiindeuoquc
1584 1451 1710 1515 ligaveris
1729 1462 1810 1515 super

992 1528 1102 1584 larnai,
1119 1525 1170 1576 cult
1189 1524 1302 1590 ligatum
1317 1528 1342 1576 et
1355 1525 1476 1585 incaelis,
1496 1528 1520 1575 et
1533 1521 1715 1590 quodcunque
1728 1518 1811 1571 solue-

992 1594 1031 1647 rv's
1046 1609 1128 1662 super
1141 1598 1251 1656 terram,
1262 1596 1314 1648 erit
1323 1595 1439 1648 solutum
1456 1599 1481 1648 el
1495 1595 1523 1647 t'tt
1533 1593 1605 1646 caiis
1621 1587 1725 1659 (Mittit.
1739 1589 1807 1661 itti).

952 1705 979 1766 Β
994 1698 1030 1752 Χ.
1055 1701 1088 1754 Ut
1106 1705 1168 1752 riute
1185 1701 1342 1754 distiiictnm
1358 1701 1593 1759 carminationes,
1611 1702 1636 1750 et
1654 1696 1812 1764 synodicam

1024 1769 1223 1837 judicationem
1248 1772 1341 1825 nullus
1366 1773 1477 1825 clericus
1501 1787 1518 1824 a
1544 1769 1655 1839 propalo
1678 1769 1809 1836 episcopo,

1029 1847 1078 1894 aut
1093 1843 1233 1911 episcopas
1250 1859 1267 1895 a
1282 1845 1393 1911 proprio
1409 1841 1588 1911 metropnole'ta,
1607 1839 1650 1892 nel
1665 1855 1682 1891 a
1697 1837 1811 1908 proprio

1027 1913 1189 1980 patriarcba
1203 1929 1231 1966 se
1246 1914 1302 1966 ulio
1318 1914 1395 1967 modo
1410 1918 1528 1981 segreget

1028 2016 1130 2072 Divina
1153 2016 1303 2074 manifesto
1321 2019 1461 2075 clamante
1479 2018 1642 2087 Scriptura:
1664 2016 1737 2070 Ante
1751 2031 1813 2067 eua-

991 2088 1165 2142 minationem
1180 2105 1213 2142 nc
1224 2091 1378 2159 oltuperes:
1392 2094 1417 2143 et
1429 2090 1549 2155 intellige
1560 2091 1689 2158 primum,
1703 2090 1728 2140 et
1748 2091 1812 2138 tuuc

993 2161 1104 2228 increpa
1119 2157 1210 2227 (Eccli.
1234 2158 1290 2231 iil:
1318 2164 1347 2215 et
1368 2160 1498 2229 nunquid
1518 2159 1561 2215 lex
1581 2162 1677 2213 nostra
1701 2156 1813 2238 judicat

996 2225 1812 2309 hominem,nisipilusandieritahco.etcognoveritquid

995 2299 1105 2355 laciat‘l
1123 2302 1200 2370 juste
1221 2306 1249 2356 et
1264 2306 1453 2373 congruenter
1474 2307 1503 2356 et
1517 2301 1576 2355 hac
1595 2303 1690 2354 sancta
1703 2302 1731 2352 ct
1753 2311 1815 2379 uui-

994 2370 1113 2426 versalis
1127 2372 1253 2441 synodus
1266 2373 1368 2428 delinit
1390 2377 1417 2427 ct
1434 2372 1545 2440 statuit,
1562 2370 1636 2441 quod
1653 2368 1752 2425 nullus
1764 2367 1815 2422 lni-

994 2455 1103 2508 corum,
1127 2442 1168 2497 vel
1195 2444 1408 2509 monachorum,
1428 2447 1479 2498 aut
1499 2441 1607 2512 aliquis
1629 2454 1663 2495 ex
1686 2438 1814 2509 catalogo

995 2512 1177 2576 clericorum,
1191 2520 1256 2570 ante
1266 2515 1433 2584 diligentem
1445 2512 1682 2569 examinationem
1697 2515 1724 2565 ct
1735 2522 1817 2592 syrio:

994 2583 1087 2639 dicum
1105 2585 1274 2640 sententium
1289 2600 1304 2640 a
1320 2585 1520 2641 commuuione
1535 2596 1565 2638 se
1579 2585 1690 2652 separet
1705 2593 1815 2650 proprii

997 2655 1176 2726 patriarcha,
1190 2655 1256 2711 licet
1268 2656 1446 2711 criminalem
1458 2653 1616 2725 quamlibet
1628 2665 1742 2733 causam
1753 2651 1816 2733 ejus

995 2739 1025 2780 se
1039 2739 1120 2781 nosse
1136 2728 1299 2799 praetendat,
1314 2727 1361 2782 sed
1379 2741 1468 2796 neque
1485 2732 1595 2780 recuset
1608 2736 1708 2779 nomen
1723 2735 1816 2804 ipsius

997 2795 1101 2852 reterre
1118 2797 1193 2852 inter
1211 2798 1309 2854 divina
1330 2797 1474 2868 mysteria,
1498 2797 1539 2851 vel
1556 2794 1661 2851 cilicia.
1677 2792 1819 2848 Similiter

119 2870 242 2919 nostram
252 2864 289 2918 ad
299 2863 590 2932 picturasauctarum
601 2867 799 2940 imaginumiu
810 2868 942 2924 ecclesiIs
995 2872 1090 2922 autem
1106 2869 1255 2938 episcopos
1269 2874 1297 2924 et
1312 2869 1499 2938 presbyteros,
1515 2867 1564 2937 qui
1582 2867 1611 2922 in
1625 2863 1819 2920 exterioribus

119 2941 163 2989 aut
176 2934 322 2990 doctrina
338 2935 478 2992 actionem
492 2952 608 3008 quoquo
621 2938 704 2994 modo
717 2953 765 2995 eos
779 2939 940 3008 admiserit,
957 2933 982 2995 C
998 2938 1166 2994 civitatibus
1178 2947 1206 2994 et
1220 2940 1386 3011 regionibus
1399 2943 1475 3008 sunt,
1492 2951 1558 3008 erga
1572 2936 1704 3007 proprios
1720 2938 1819 2990 metro-

120 3003 142 3059 si
150 3005 269 3076 quidem
278 3004 403 3061 clericus
411 3005 509 3076 luerit,
521 3008 637 3134 projicio
649 3009 738 3078 gradu
751 3010 941 3081 periclitetur,

120 3074 220 3131 sivero
234 3076 339 3159 laicus,
353 3082 511 3160 separetur,
524 3084 552 3134 et
586 3079 729 3135 ivinorum
742 3081 942 3150 mysteriorum

119 3159 321 3203 communione
338 3154 476 3217 privetur.

126 3249 183 3307 litt.
213 3252 295 3318 Quod
319 3269 373 3307 uon
399 3260 521 3324 oportem
547 3272 732 3326 quemcunque
757 3258 944 3326 patriarcham

148 3329 252 3378 sancta
269 3329 296 3378 et
312 3324 676 3396 Constantinopolitanae-um
692 3329 819 3382 Ecclesia
837 3331 943 3395 eaiqere

148 3395 335 3464 chirographa
357 3413 375 3448 a
400 3397 565 3451 sacerdotali
590 3399 712 3465 catalogo
738 3399 776 3453 ael
800 3401 943 3469 propriam

149 3468 234 3535 quasi
252 3467 431 3520 stabilitatem
449 3472 530 3537 atquc
548 3471 728 3523 securitatem.

151 3571 252 3625 &aaut
269 3572 338 3625 milti
354 3573 445 3635 li'ceut,
463 3574 511 3627 sed
526 3589 580 3628 uon
597 3576 689 3628 omnia
705 3575 874 3645 expediant.-
890 3590 943 3629 oin·

115 3643 161 3695 nia
172 3642 244 3695 mi'hi'
259 3643 342 3696 licent
352 3643 401 3697 sed
415 3659 470 3697 aon
483 3647 574 3698 omniu
588 3646 732 3715 adiacent,
745 3646 819 3700 dicit
832 3645 940 3701 alicubi

118 3712 229 3768 mulus
239 3726 361 3783 magnus
371 3714 519 3783 apostolus
531 3713 554 3785 (l
563 3715 623 3770 dor.
638 3716 686 3789 vi).
701 3717 793 3788 igitur
805 3717 941 3787 quoniam

119 3783 213 3838 omnia
228 3783 264 3838 ad
283 3783 438 3839 utilitatem
451 3792 480 3840 et
495 3785 695 3855 perlectionem
711 3793 815 3843 sancita
830 3788 878 3841 liei
894 3789 943 3842 Ec·

117 3852 223 3914 alesia.
235 3858 265 3908 et
277 3854 351 3910 nihil
363 3856 481 3911 omniuo
492 3870 542 3926 per
551 3858 761 3913 contentionem
773 3858 814 3913 vel
827 3858 940 3913 inanem

115 3923 239 3996 gloriam
255 3922 349 3981 lacere
362 3925 517 3994 debemus3
533 3933 561 3983 et
575 3929 711 3999 quoniam
726 3929 879 3985 auditibus
895 3943 942 3985 uo

116 3996 186 4052 itrIs
196 3993 274 4050 lama
285 3996 393 4066 sonuit,
405 3998 480 4067 quod
493 4012 548 4054 uon
559 4000 652 4055 solum
664 3999 804 4069 haretici,
816 4004 844 4054 et
855 4000 876 4055 ‘ii
888 3999 939 4069 qul

115 4073 223 4123 sancta
243 4067 628 4138 constantinopolitanorum
654 4071 787 4126 Ecclesia
815 4072 943 4126 sacerdo

117 4137 189 4193 tium
203 4138 315 4207 soriiti,
327 4140 375 4195 sed
389 4144 417 4194 et
429 4141 581 4196 orthodoxi
592 4155 625 4196 ac
638 4141 759 4212 legitimi
773 4142 942 4210 patriarcha

118 4220 134 4264 a
146 4208 321 4265 sacerdotali
336 4210 467 4282 catalogo
481 4213 602 4281 propria
616 4226 717 4268 manus
730 4213 836 4282 scripta
850 4211 941 4268 lacere

999 3009 1104 3078 politas
1122 3009 1253 3066 altentare
1270 3012 1455 3066 mandamns:
1478 3008 1657 3079 quodetiam
1676 3006 1753 3088 circa
1774 3017 1819 3074 pa-

998 3080 1151 3135 triarcham
1165 3096 1249 3137 suuni
1263 3080 1353 3137 lacere
1368 3079 1563 3151 metropolitas
1575 3081 1694 3148 oportet.
1710 3077 1738 3132 Si
1753 3088 1818 3131 vero

1018 3151 1064 3205 uis
1079 3152 1215 3207 adversus
1236 3153 1308 3207 hanc
1323 3157 1449 3207 sanctam
1470 3151 1609 3221 synodum
1624 3147 1819 3218 deprehensus

998 3167 1087 3277 Iuerit
1096 3236 1178 3292 agere
1201 3224 1225 3277 si
1238 3223 1353 3305 quidem
1364 3223 1515 3292 episcopus
1525 3226 1575 3276 aut
1584 3219 1709 3276 clericus
1718 3221 1770 3280 est.
1782 3216 1818 3272 ab

997 3293 1074 3347 omui
1091 3264 1259 3348 sacerdotati
1275 3294 1440 3364 operatione
1453 3291 1567 3347 decidat
1581 3297 1609 3346 et
1626 3290 1748 3372 honore,
1764 3300 1819 3342 mo

998 3361 1108 3417 nachus
1127 3369 1219 3417 autem
1236 3369 1286 3417 aiit
1306 3364 1397 3418 laicus
1412 3365 1576 3432 segregetur
1589 3362 1624 3417 ab
1640 3373 1717 3415 omni
1733 3358 1819 3413 eccle·

997 3432 1113 3488 siastica
1129 3434 1328 3488 communione
1342 3439 1428 3502 atque
1442 3431 1574 3501 collegio,
1591 3442 1740 3501 quousque
1752 3441 1823 3482 coii-

996 3517 1095 3558 versus
1110 3517 1159 3573 per
1172 3504 1368 3573 paenitentiam
1383 3502 1547 3571 recipiatur.

995 3611 1044 3665 xi.
1061 3609 1138 3674 Quod
1150 3615 1253 3679 oportet
1266 3610 1494 3663 anathematisque
1513 3622 1616 3660 omnem
1631 3607 1678 3676 qui
1691 3605 1771 3673 lmpie
1785 3619 1817 3686 ac

1031 3681 1115 3804 bebr
1123 3681 1246 3735 sensibus
1264 3681 1361 3734 hethere
1379 3681 1512 3734 homiuem
1533 3678 1604 3731 duas
1628 3679 1734 3731 animas
1761 3690 1818 3744 opi·

1030 3857 1123 3911 Vetcri
1136 3862 1164 3912 et
1176 3859 1252 3913 Novo
1264 3858 1441 3913 Testamenta
1455 3867 1511 3911 una
1518 3870 1540 3909 1ii
1554 3854 1680 3910 animam
1694 3850 1818 3906 rationa-

994 3924 1080 3982 bilem
1101 3932 1129 3982 et
1150 3927 1370 3984 intellectualem
1395 3927 1497 3982 habere
1522 3925 1665 3981 hominem
1687 3923 1815 4004 docente,

995 4005 1023 4051 et
1033 3999 1167 4055 omnibus
1178 3999 1325 4069 deiloquis
1337 3998 1470 4053 Patribus
1482 4002 1509 4052 et
1524 3996 1670 4069 magistris
1683 3993 1817 4076 Ecclesia

995 4068 1544 4140 eamdemopinionemasscverantibus,
1555 4067 1583 4122 in
1600 4071 1709 4122 tantum
1720 4077 1818 4133 impie·

996 4139 1064 4193 tatis
1074 4140 1201 4210 quidam,
1214 4141 1353 4198 malorum
1363 4138 1815 4219 inventionibusdantesoperam,

994 4210 1178 4276 devenerunt,
1193 4218 1226 4267 ut
1240 4212 1312 4266 duas
1328 4225 1391 4266 eum
1410 4210 1511 4265 habere
1526 4210 1637 4264 animas
1652 4207 1817 4276 impudente

118 4279 151 4334 ad
171 4280 319 4349 propriam
336 4282 465 4350 tutelam,
487 4281 672 4353 lavorumque
690 4297 786 4353 suum,
807 4291 835 4338 et
855 4283 937 4354 quasi
956 4282 1197 4354 Ddogmatizarc,
1213 4288 1241 4336 et
1256 4281 1427 4351 quibusdam
1443 4278 1695 4336 irrationabilibus
1710 4276 1817 4332 conati-

119 4349 305 4406 stabilitatem
314 4352 470 4423 extgantet
479 4354 667 4423 compellant3
679 4354 772 4409 visum
783 4359 825 4409 est
837 4360 941 4410 sancta
997 4352 1051 4409 hus
1073 4370 1121 4427 per
1137 4353 1317 4478 sagientiam,
1335 4367 1397 4423 qua
1411 4352 1499 4408 stulta
1521 4350 1595 4406 lacta
1610 4354 1653 4405 est
1672 4347 1692 4418 (l
1708 4348 1766 4402 Cor.
1785 4347 1815 4419 i),

119 4418 186 4476 huic
201 4427 230 4477 et
250 4422 407 4479 universali
429 4425 548 4496 synodo,
565 4438 742 4495 nequaquam
764 4425 792 4481 id
809 4439 843 4480 ex
859 4425 941 4481 hoca

117 4492 254 4562 quopiam
267 4492 340 4562 lieri,
353 4501 470 4564 excepto
482 4509 515 4551 eo
528 4496 603 4566 quod
615 4497 771 4552 secundum
784 4495 902 4551 sormam
914 4501 942 4551 et

117 4565 354 4620 cousuetudinem
370 4579 419 4635 pro
436 4566 548 4621 sincera
562 4566 615 4622 dile
631 4574 726 4622 nostra
742 4573 866 4636 tempore
879 4580 944 4622 con-

117 4634 289 4691 saratinum
303 4636 501 4706 episcoporum
519 4638 662 4708 exigitur3
678 4639 752 4708 quod
766 4639 842 4694 enim
858 4638 943 4692 aliter

120 4703 160 4773 tt,
182 4706 302 4762 omnino
328 4721 382 4762 non
402 4709 527 4778 expedit,
551 4709 597 4764 sed
621 4722 712 4778 neque
730 4710 764 4765 ad
781 4708 944 4764 aedificatio

120 4788 183 4831 aeui
205 4776 341 4833 Ecclesia
362 4779 495 4848 pertinet.
515 4779 656 4849 QuisquIs
670 4793 737 4851 ergo
753 4794 841 4836 ausus
856 4778 945 4835 luerit

120 4846 227 4903 solvere
248 4847 324 4904 hauc
344 4849 542 4905 definitionem
558 4854 695 4919 nostram,
716 4856 767 4906 aut
781 4851 944 4922 expetierit,

125 4923 167 4973 int
181 4919 315 4989 paruerit
328 4920 538 4992 expetentibus,
557 4921 665 4978 honore
686 4923 801 4991 propria
820 4922 944 4978 decidat.

124 5022 170 5079 IX.
186 5026 225 5079 tie
241 5025 422 5080 subvertendo
443 5031 469 5080 el
484 5027 611 5080 soluendo
632 5027 739 5080 uinculo
756 5029 865 5097 proprii
884 5029 950 5082 aaa·

149 5097 211 5166 pti,
235 5097 310 5165 qiaod
336 5097 430 5151 Photis
452 5101 633 5165 acceptiorem
659 5103 684 5151 et
707 5104 831 5153 reectum
854 5103 893 5152 est
913 5101 948 5154 nb

149 5167 278 5221 munibus
295 5169 449 5223 volentibus
471 5171 630 5222 celeriorem
650 5169 751 5223 discere
772 5171 944 5238 sapientiam.

151 5273 270 5329 lariani
282 5278 312 5329 et
323 5274 465 5330 diversam
480 5275 620 5331 malitiam
633 5275 799 5345 antiquitus
812 5275 841 5330 iu
854 5276 948 5332 Eccle·

121 5343 158 5399 sie
167 5344 490 5415 constantinopolitana
503 5345 604 5402 inlclix
616 5351 750 5416 operatus
760 5353 803 5402 est
813 5347 942 5404 Photius.

120 5413 279 5499 bidicimus
300 5416 377 5471 enini
401 5419 476 5502 quod
499 5423 527 5473 ct
552 5417 641 5473 multa
665 5421 735 5500 ,ante
760 5418 942 5542 tgrannicum

120 5487 767 5612 parasidiatumpropriamaniissuhscriptioni
792 5503 945 5544 usmunie-

151 5559 358 5615 tadharentes
372 5557 429 5615 sihi
450 5559 581 5632 clientes,
601 5560 636 5615 ad
651 5559 816 5614 discendam
833 5560 944 5629 sapien·

122 5627 195 5700 tiiui,
205 5639 299 5701 quaa
311 5630 369 5686 beo
379 5630 469 5686 stulta
482 5629 556 5686 lacta
567 5634 621 5702 est,
631 5643 696 5686 cum
711 5629 861 5687 manifeste
872 5643 942 5687 nova

998 4428 1141 4498 propriam
1192 4425 1302 4479 aresim
1325 4423 1493 4478 eondrmare
1524 4426 1692 4491 pertentent.
1719 4421 1817 4489 ltaque

997 4504 1094 4554 sancta
1110 4497 1169 4551 hac
1183 4499 1211 4550 et
1231 4494 1403 4550 universalis
1417 4494 1553 4574 synodus,
1570 4490 1657 4546 veluti
1674 4488 1816 4561 quoddam

999 4571 1152 4638 pessimum
1180 4566 1332 4636 zizanium,
1361 4579 1436 4621 nunc
1463 4567 1667 4635 germinantem
1694 4573 1816 4642 nequam

998 4638 1171 4709 opinionem,
1184 4637 1302 4691 evellere
1313 4635 1469 4691 testinans:
1483 4636 1539 4690 imo
1550 4647 1615 4688 vcro
1626 4630 1816 4688 ventilabrum

1000 4711 1029 4766 iu
1053 4722 1138 4766 manu
1159 4708 1289 4763 veritatis
1312 4712 1437 4776 portans,
1459 4710 1486 4761 et
1502 4705 1562 4777 igni
1583 4700 1816 4786 inexstinguibili

1000 4781 1194 4838 transmittere
1208 4792 1317 4833 omnem
1336 4778 1453 4847 paleam,
1469 4782 1497 4832 et
1510 4789 1602 4832 aream
1617 4775 1724 4830 Christi
1741 4785 1819 4827 mun·

1000 4856 1065 4910 dam
1084 4850 1218 4907 exhihere
1237 4848 1343 4919 volens,
1358 4849 1425 4904 talis
1441 4847 1597 4918 impietatis
1612 4848 1773 4901 inventores
1790 4846 1819 4898 et

1004 4928 1169 4995 patratores,
1195 4925 1223 4975 et
1245 4919 1291 4976 his
1305 4919 1415 4976 similia
1439 4920 1603 4987 sentientes,
1630 4930 1729 4988 magna
1744 4926 1819 4998 ‘voce
1862 4957 1871 4970 .

1002 4989 1818 5062 anathematizat,etdcdnit,atquepromulgat„neminem

1024 5080 1121 5121 rorsiis
1141 5063 1253 5134 habere,
1274 5062 1316 5117 vcl
1342 5075 1453 5117 servare
1472 5075 1587 5131 quoquo
1612 5058 1693 5115 modo
1712 5060 1817 5136 statuta

1004 5082 1091 5207 buius
1104 5134 1261 5203 impietatis
1273 5138 1432 5189 anctorum.
1446 5132 1476 5187 Si
1489 5135 1582 5187 autem
1597 5131 1662 5201 quis
1674 5131 1818 5184 contraria

1002 5222 1097 5280 gerere
1113 5205 1327 5276 praesumpserit
1342 5204 1409 5260 huic
1422 5206 1527 5259 sancta
1538 5207 1567 5257 et
1581 5196 1816 5282 magnansyuodo,

1000 5280 1150 5335 anathema
1165 5278 1213 5349 sit,
1226 5283 1282 5332 cta
1297 5276 1351 5332 lide
1365 5280 1450 5347 atquc
1465 5274 1577 5330 cultura
1589 5271 1816 5327 Christianorum

1000 5351 1122 5407 alienus.

999 5457 1059 5511 xit.
1077 5459 1114 5510 lle
1131 5471 1185 5509 noo
1199 5453 1359 5523 recipiendis
1374 5450 1515 5505 ullomodo
1526 5445 1698 5503 electionibus
1711 5443 1817 5520 episco-

1033 5543 1130 5597 porum
1136 5541 1187 5595 per
1193 5525 1347 5595 principale
1359 5523 1522 5590 suffragium
1533 5524 1559 5572 et
1566 5517 1715 5586 poteritisne
1724 5512 1814 5578 sactis.

1034 5630 1210 5702 Apostolicis
1225 5635 1254 5686 et
1271 5625 1416 5698 synodicis
1434 5620 1603 5690 canontbus,
1624 5614 1816 5688 promotiones
