3876 6090
136 270 191 330 899
663 274 823 333 nunnoni
841 276 1108 335 RthSPOhliNSlS
1125 274 1329 334 sunnincom
1794 270 1845 331 aod

1038 405 1151 460 rivatim
1163 405 1381 460 cohortarentur
1390 422 1398 474 3
1407 403 1455 459 sed
1468 407 1616 474 propterea
1632 415 1668 457 ne
1677 400 1776 458 cadem
1786 416 1845 460 me-

139 416 202 473 quae
214 403 245 459 in
260 402 439 488 dermmieis
453 402 661 486 diplomatibus
673 404 905 488 versetur,longe
916 404 963 461 hic
977 408 1003 466 A
1018 420 1035 532 p
1079 477 1085 489 ³
1152 476 1155 481 1
1508 475 1514 487 .

138 475 358 531 emendatiorem
373 480 401 530 et
418 473 572 544 pleniorem
587 473 707 531 habent:
724 480 752 530 ct
774 476 885 545 reliqua
898 490 963 532 om·
1032 492 1103 533 roris
1118 482 1191 532 note
1212 480 1393 531 monumenti
1404 474 1490 531 semel
1507 480 1618 545 integra
1631 478 1660 529 et
1673 473 1770 544 plena,
1781 488 1843 545 qna

138 545 186 600 nia
203 546 321 602 necdum
336 545 423 611 edita,
437 546 524 601 etiam
540 560 570 600 ea
585 560 648 616 quae
662 546 711 601 illc
726 547 754 602 in
770 545 964 617 publicumel-
1019 548 1058 603 lia
1068 549 1096 603 in
1112 548 1158 603 liis
1169 546 1264 602 tribus
1276 546 1426 603 codicibus
1442 544 1781 603 Emmerammcnsibnsa
1794 559 1844 603 no-

137 612 300 687 terrineam
316 617 518 688 indignissime
533 617 611 686 tulit,
625 616 653 672 in
663 617 722 673 alio
733 618 855 687 quodam
865 624 963 675 nostro
1018 617 1211 688 bisprodncta
1223 625 1300 678 sunt.
1310 624 1339 672 ci
1350 618 1453 674 iterum
1468 617 1569 672 mutila
1579 622 1607 672 et
1620 622 1842 688 truncatamque

136 684 231 741 Codice
245 682 758 758 liiploemutire-llisturico-Epictetum,
774 689 851 759 prelo
866 704 963 773 prope
1017 691 1088 745 adeo
1107 689 1235 758 inutilia,
1252 703 1308 759 qno
1325 689 1407 745 modo
1430 702 1462 744 ea
1479 688 1509 744 in
1536 688 1636 744 codice
1661 687 1841 745 Udairiciani

137 758 251 813 modum
261 759 320 829 jam
337 766 444 828 parato,
462 757 616 815 habebunt.
633 760 847 829 supprimimus
866 767 962 831 itaque
1017 766 1140 816 exstant.
1157 761 1253 816 eodem
1271 762 1381 831 integre
1396 773 1497 816 recuso
1518 759 1601 815 edere
1616 771 1768 831 cogamur.
1781 757 1840 827 Qua

136 827 196 884 inte
218 843 275 885 ram
288 830 466 886 Udairiciani
480 829 591 886 codicis
602 831 769 902 editionem,
783 846 961 902 nequaquam
1018 832 1092 888 ratio
1108 837 1205 887 nostra
1218 832 1242 887 si
1255 831 1362 902 quibus
1373 830 1578 887 viriseruditis
1587 830 1687 886 minus
1698 829 1837 903 probetur,

135 898 172 955 ob
186 845 288 958 afflatas
302 901 338 957 ab
352 902 516 958 adversario
535 902 671 987 rationes,
693 917 755 973 quae
770 903 849 959 viros
862 904 962 960 doctos
1018 903 1097 960 nulla
1113 916 1144 958 re
1153 903 1211 959 alia
1224 917 1297 972 opus
1309 907 1362 972 est,
1378 915 1464 974 quam
1480 910 1512 959 nt
1522 916 1605 959 suam
1617 900 1707 959 nobis
1721 901 1837 960 nolonte

136 975 164 1026 et
176 972 307 1029 eruditos
323 986 379 1028 non
396 979 551 1043 potuerunt
566 973 715 1044 impedire,
733 989 789 1044 qno
803 988 854 1030 nos
865 975 962 1030 minus
1017 979 1073 1031 tem
1089 974 1203 1046 publice
1219 975 1423 1031 demonstrent.

134 1043 267 1100 ardenter
287 1045 322 1101 ad
344 1045 523 1117 exsequenda
546 1046 638 1115 prima
653 1045 776 1102 consilia
800 1046 916 1116 publice
929 1060 962 1103 ac

1580 1232 1824 1245 *ἁ

451 1365 898 1485 ANAMODI
948 1362 1528 1485 SUBDIACONI

816 1578 1151 1652 niniseondnsis

342 1744 755 1929 llillllllll
813 1747 1002 1928 llltl
1034 1742 1623 1943 llllllllilllll.

861 2026 974 2096 hinni
1017 2027 1106 2097 DUO

129 2182 392 2258 Qrciduccdcrte
411 2183 641 2264 deiectionem,
661 2185 970 2261 corunirctcticount,
987 2201 1261 2263 commerciorum,
1281 2183 1549 2248 concambiorum
1569 2186 1603 2246 et
1617 2179 1832 2265 complecitu-

168 2282 310 2360 tionum,
326 2283 372 2345 cd
382 2281 560 2364 irripericle
570 2283 811 2346 ioortcstcrt'unc
823 2282 1252 2348 Seoct-B’unueroncntcusc
1266 2283 1337 2345 ord.
1355 2281 1396 2345 S.
1412 2281 1537 2346 Bcccd.
1553 2280 1792 2359 attinentium,
1803 2281 1832 2343 ct

167 2379 286 2444 creceio
301 2378 435 2444 Christi
450 2397 535 2442 eroco
550 2382 778 2458 conditarum,
794 2381 1027 2443 contincatur.

128 2518 303 2583 (Prodierunt
313 2520 425 2585 primum
440 2522 468 2572 in
483 2520 569 2572 lucem
585 2535 616 2572 cx
627 2522 718 2571 codice
733 2520 904 2583 autographo,
918 2522 945 2569 in
955 2523 1048 2571 eodem
1065 2522 1159 2585 incipio
1171 2523 1328 2572 monasterio
1352 2525 1490 2585 asservato,
1507 2523 1592 2573 studio
1603 2525 1722 2587 elopem
1733 2522 1828 2574 P0Ber·

627 2603 700 2651 nardi
711 2602 772 2663 Pez,
783 2602 945 2652 Benedictini
956 2605 980 2652 et
989 2602 1178 2653 bibliothecarii
1197 2602 1365 2654 Melliccnsis.
1376 2603 1386 2666 l

873 2793 1071 2807 ἓ*

766 2951 931 3024 VERSUS
974 2951 1186 3025 dodiloni.

465 3158 601 3216 Praesnlis
614 3159 661 3216 his
674 3160 823 3231 pulchram
836 3161 991 3220 uenerandi
1007 3162 1116 3219 cernite
1129 3161 1248 3220 formum

498 3250 554 3318 Qui
573 3249 656 3306 nobis
669 3264 749 3307 sacro
763 3249 922 3321 sepeliret
938 3250 1048 3308 merito.

461 3348 550 3418 Cujus
570 3348 661 3405 honor
684 3350 789 3406 mundo
804 3350 860 3406 late
880 3349 1029 3424 praefulget
1046 3351 1076 3407 in
1100 3349 1205 3423 amplo,

497 3445 586 3516 Cujus
601 3459 682 3501 amor
696 3448 810 3503 cunctis
820 3448 915 3505 dulcis
930 3449 1011 3505 adest
1027 3447 1149 3519 populis.

460 3535 510 3589 Est
523 3534 654 3608 humilis,
674 3536 765 3604 mitis,
782 3536 901 3607 reprobo
917 3538 949 3592 iit
970 3536 1095 3607 denique
1110 3535 1204 3609 tortis,

488 3630 544 3697 Qui
560 3631 653 3700 pascit
667 3638 787 3688 cunctos
802 3646 912 3703 semper
926 3634 1028 3691 alendo
1039 3648 1117 3691 suos.

458 3717 589 3787 cujusce
604 3719 837 3777 idciroolaudem
853 3723 937 3778 credo
953 3721 1013 3780 lore
1029 3723 1058 3778 in
1069 3723 1138 3794 alto,

493 3809 564 3862 Nam
578 3821 640 3878 qnae
653 3822 705 3863 vox
721 3808 819 3879 populi
835 3814 888 3880 est,
900 3812 1005 3868 etenim
1018 3812 1144 3867 Domini.

457 3893 547 3950 Corde
560 3895 675 3966 quidem
685 3896 810 3969 Christo,
828 3911 937 3954 necnon
950 3914 1014 3957 cum
1026 3913 1145 3971 corpore
1153 3904 1223 3973 toto,

492 3984 620 4040 Deseruit
636 3992 764 4057 prompte
779 3993 861 4044 nocto
873 3988 1019 4061 simulque
1033 3990 1090 4046 die.

456 4072 509 4129 Cui
520 4075 596 4131 Deus
607 4075 797 4146 omnipotens,
815 4078 914 4133 mnndi
929 4079 980 4150 qul
994 4078 1122 4152 regmina
1134 4079 1227 4150 ponis,

492 4163 611 4219 Praemia
626 4164 661 4219 de
676 4162 761 4220 lactis
777 4166 889 4221 reddito
906 4167 987 4236 plena
1003 4167 1097 4224 bonis.

455 4252 543 4309 istius
556 4259 584 4309 et
598 4253 676 4324 parvi
692 4254 830 4324 specialia
842 4255 916 4311 donn
933 4256 1025 4312 libelli

490 4342 521 4396 ln
537 4340 619 4398 coelis
633 4342 738 4414 capiat,
754 4356 819 4412 spes
834 4343 883 4400 ubi
897 4358 961 4401 vera
978 4350 1063 4415 patet.

646 4656 1013 4722 PBAEFATIUNCULA
1031 4659 1235 4724 ANAMODI.

197 4935 444 4997 Excellentissimo
457 4938 617 4999 dominon.
634 4944 769 5015 episcopo
783 4945 944 5016 Anauonns,
962 4945 1146 5004 humillimus
1156 4944 1294 5003 famulus.

149 5026 276 5082 vestram
296 5027 386 5100 igitur
401 5035 522 5087 mentem
537 5032 672 5103 qnoniam
698 5034 728 5089 in
743 5035 822 5091 omni
836 5034 978 5093 librorum
993 5036 1090 5093 studio
1105 5042 1265 5108 ceteroque
1280 5036 1373 5094 diuini
1397 5038 1494 5096 cultus
1521 5040 1691 5114 mancipatu
1705 5054 1807 5114 semper

113 5120 252 5180 inherere
260 5138 457 5198 cognoveram,
470 5128 522 5184 hoc
531 5132 702 5200 opusculum
713 5132 842 5189 ultronea
853 5134 998 5191 voluntate
1009 5134 1213 5205 pulcherrimis
1219 5135 1383 5192 sanctitatis
1392 5142 1492 5194 vcstrae
1503 5139 1640 5199 manibus
1649 5147 1810 5213 praesentire

110 5214 242 5271 donabar.
262 5214 405 5270 Plurimas
419 5216 526 5286 qnippe
540 5217 658 5274 schedas
674 5221 877 5292 traditionum,
894 5228 980 5294 atque
1001 5222 1243 5295 concambiorum,
1261 5238 1370 5282 necnon
1382 5229 1410 5282 et
1422 5240 1653 5287 commarcarum
1667 5231 1807 5305 colligens,

109 5302 140 5359 in
153 5318 241 5360 unum
251 5304 444 5361 collectarioli
457 5305 544 5374 hujus
554 5310 757 5376 corpusculum
771 5311 933 5381 complexui
944 5317 1029 5384 atque
1039 5312 1179 5385 conclusi,
1195 5318 1443 5384 qnatenuserrore
1454 5315 1589 5375 submoto
1603 5316 1737 5396 facilius,
1752 5330 1808 5377 cunt

107 5407 222 5452 necesse
232 5393 315 5468 toret,
327 5407 377 5466 per
389 5394 518 5466 capitula
532 5400 697 5454 anoenotata
708 5400 944 5459 nanciscerentur
956 5407 985 5460 et
1001 5407 1250 5476 cognoscerentur.

744 5584 1145 5630 ψ
