3876 6090
135 301 192 360 589
478 303 730 361 cottucrhvuh.
751 334 789 346 -
805 302 910 361 EPIST.
930 303 1109 363 huhsrhsii
1130 308 1177 363 hb
1196 308 1380 367 brummont
1398 312 1501 368 EPISC.
1788 317 1842 377 590

136 430 283 488 Kalendas
295 428 483 501 iulias.'iirgo
502 428 574 487 feria
590 431 714 487 secunda
726 430 857 487 diluculo
873 431 964 488 mittit
976 431 1006 491 A
1019 432 1214 489 necessitatem
1241 447 1297 490 non
1321 434 1452 494 facimus.
1481 437 1624 508 Respondi
1648 454 1715 512 ego:
1743 443 1844 501 Clerus

136 520 350 577 chartularium
373 533 467 590 suum,
490 525 519 575 et
537 522 674 591 quosdam
692 535 726 577 ex
743 521 881 592 obsequio
900 535 963 592 suo,
1018 519 1048 576 in
1078 526 1215 591 potestate
1237 538 1297 580 mea
1322 530 1374 582 est.
1390 526 1587 585 Exclamantes
1608 536 1704 586 autem
1726 533 1843 602 quidam

135 611 256 668 dicens:
283 609 352 676 Quia
375 626 453 664 arma
485 613 659 680 preparasti,
686 615 711 665 et
743 617 862 666 armatos
884 612 966 667 trabes
1016 622 1051 665 en
1075 612 1281 684 sacerdotibus,
1303 615 1458 672 dicebant:
1475 617 1544 674 Cum
1571 618 1635 689 ipso
1657 620 1792 693 vivimus,
1816 628 1846 678 et

135 703 223 762 intus,
244 705 269 754 et
291 701 496 754 multitudinem
517 701 641 770 tepidum
664 701 795 770 cotleqisti
819 702 857 756 ud
880 718 967 771 repat-
1016 712 1080 754 cum
1104 701 1167 771 ipso
1193 704 1341 761 morimur.
1364 706 1429 762 Post
1446 706 1504 763 haec
1518 708 1605 778 coepit
1627 708 1723 765 dicere
1748 724 1797 780 per
1815 725 1845 767 se

134 789 294 858 quandum:
312 794 337 843 er
360 789 408 842 hoc
431 792 612 844 necessarium
635 805 688 844 non
713 796 762 853 est,
786 806 834 844 nce
859 790 967 861 aliquid
1016 789 1169 862 calliopas,
1194 794 1288 865 etqui
1304 808 1368 850 cum
1396 795 1459 866 ipso
1480 803 1578 854 erant:
1603 799 1673 855 Veni
1695 798 1846 856 nobiscum

134 880 190 933 rate
208 880 431 949 perrepermirtes.
452 878 579 949 Cumque
595 892 719 948 praesens
731 878 875 936 audissem
896 881 965 952 haec,
1017 878 1051 933 ad
1080 880 1227 949 palatium.
1254 884 1309 938 Nec
1334 884 1387 940 hoc
1413 883 1504 942 facere
1529 887 1668 958 recusavi,
1693 889 1740 944 sed
1769 889 1845 946 exivi

134 966 331 1024 necessarium
353 966 444 1039 magis
466 981 522 1024 non
546 965 643 1038 habui,
662 969 785 1039 qualiter
808 968 859 1026 hos
874 975 967 1026 certos
1019 980 1083 1022 cum
1098 969 1141 1024 eis
1168 970 1198 1025 in
1214 971 1352 1042 palatium
1373 974 1469 1030 eadem
1485 977 1609 1033 secunda
1634 975 1715 1032 feria.
1735 979 1771 1034 lit
1784 982 1847 1034 ter-

134 1056 295 1127 reddercm,
319 1070 403 1126 quarn
424 1056 537 1112 mittere
558 1057 625 1114 illos
637 1063 787 1129 gyraturos
802 1072 851 1130 per
874 1063 964 1116 totum
1021 1056 1062 1112 tia
1084 1056 1155 1114 feria
1169 1060 1247 1116 venit
1271 1062 1305 1118 ad
1323 1075 1367 1119 me
1389 1064 1484 1121 omnis
1502 1065 1606 1138 clerus,
1623 1067 1749 1123 etmulti
1765 1073 1847 1124 erant

133 1145 326 1217 episcopium,
342 1151 379 1217 et,
403 1145 428 1201 si
441 1159 520 1202 arma
541 1147 585 1203 vel
604 1148 727 1217 lapidem
741 1148 881 1206 vidissent
907 1148 963 1220 ipsi
1022 1147 1072 1216 qui
1098 1161 1128 1204 se
1158 1156 1324 1219 paraverant
1358 1151 1393 1208 ad
1427 1154 1618 1227 navigandum
1645 1170 1770 1213 mecum:
1795 1157 1847 1228 qui

134 1235 336 1294 testimonium
374 1235 565 1307 perhiberent.
599 1238 668 1294 Cum
694 1243 787 1294 autem
820 1239 910 1295 issent
938 1243 966 1294 et
1020 1236 1106 1291 ctiam
1119 1251 1164 1293 res
1176 1252 1244 1295 suas
1255 1241 1312 1310 jam
1330 1241 1509 1299 immiserant
1530 1244 1685 1315 ineaquae
1704 1246 1850 1303 vocaban-

134 1326 210 1383 nihil
224 1325 411 1395 invenissent,
424 1324 568 1381 subintuli
583 1326 626 1382 eis
642 1340 691 1397 per
705 1326 788 1383 verba
804 1328 879 1398 quod
896 1339 968 1384 nun·
1021 1328 1069 1379 tur
1095 1325 1267 1384 levamenta:
1283 1334 1312 1385 et
1334 1330 1385 1387 alii
1404 1346 1518 1404 quoque
1543 1335 1675 1391 nonnulli
1702 1349 1848 1406 praepara-

134 1430 220 1488 quam
244 1416 401 1486 aliquando
415 1415 510 1485 aliter,
530 1417 577 1472 sed
593 1430 704 1487 semper
724 1430 773 1488 per
787 1417 966 1488 complexio-
1021 1411 1126 1470 bantur
1152 1415 1251 1472 clerici
1278 1424 1306 1473 et
1333 1419 1400 1475 laici
1423 1421 1473 1492 qui
1503 1420 1676 1479 festinabant
1701 1425 1848 1494 pervinere

133 1517 224 1564 nem·
238 1511 267 1562 et
282 1503 410 1560 fallacem
423 1506 809 1563 accusationemincederent
828 1506 964 1562 adversus
1019 1502 1054 1557 ad
1084 1516 1145 1559 nos.
1166 1506 1269 1561 Eadem
1295 1521 1362 1581 ergo
1386 1514 1476 1581 nocte,
1500 1525 1563 1581 quas
1586 1512 1729 1570 illucescit
1752 1514 1782 1569 in
1802 1512 1848 1570 te-

133 1610 197 1668 oos,
211 1609 277 1652 cum
287 1599 316 1651 et
328 1595 358 1650 in
376 1594 498 1650 adventu
512 1594 630 1651 infamis
643 1595 769 1667 Olympii
784 1596 847 1651 vani
862 1597 965 1665 cujus-
1020 1591 1063 1647 ria
1083 1599 1194 1664 quarta,
1210 1608 1273 1667 que
1289 1602 1351 1653 erat
1363 1600 1448 1655 tertio
1465 1600 1576 1658 decimo
1591 1602 1731 1659 Kalendas
1743 1603 1846 1674 iulias,

132 1687 199 1743 dam
212 1684 342 1741 hominis
356 1684 520 1739 eumarmis
533 1698 576 1740 me
592 1683 667 1741 bunc
689 1686 816 1755 potuisse
828 1684 963 1755 repellere
1018 1680 1096 1737 circa
1120 1682 1218 1740 horam
1241 1685 1323 1756 quasi
1345 1692 1453 1743 sextam
1475 1689 1578 1760 noetis,
1604 1690 1733 1749 tulerunt
1755 1692 1848 1749 mede

132 1775 304 1834 faterentur.
319 1775 377 1847 ligo
392 1775 489 1845 itaque
505 1779 571 1830 ante
583 1775 672 1831 altare
684 1774 812 1831 eeclesiae
827 1773 962 1830 lectulum
981 1740 1135 1842 Bpalatio,
1159 1775 1280 1830 retrusis
1308 1777 1443 1833 omnihus
1465 1778 1515 1849 qui
1546 1792 1655 1838 mecum
1683 1781 1713 1837 in
1740 1782 1847 1852 palatio

132 1880 230 1923 meum
242 1864 379 1921 habebam
397 1864 427 1919 in
440 1875 496 1935 quo
511 1863 656 1936 jacebam,
676 1868 704 1920 et
719 1865 845 1921 nondum
865 1871 963 1920 trans·
1016 1865 1107 1927 erant,
1136 1875 1227 1932 usque
1246 1864 1280 1919 ad
1305 1878 1351 1921 res
1371 1866 1509 1939 diversas,
1537 1882 1600 1940 qum
1616 1870 1688 1926 mihi
1713 1871 1744 1928 in
1758 1871 1804 1927 via
1818 1875 1847 1928 et

132 1961 196 2013 acta
212 1954 307 2011 media
322 1954 402 2025 bora,
422 1967 487 2009 ecce
500 1954 644 2010 exercitus
661 1967 727 2009 eum
746 1954 789 2009 eis
800 1953 917 2009 veniens
933 1953 962 2008 in
1018 1946 1066 2004 bic
1080 1953 1162 2006 erant
1181 1953 1367 2025 necessariae,
1382 1959 1412 2010 et
1424 1969 1479 2012 non
1497 1957 1555 2013 nisi
1571 1971 1636 2015 cum
1651 1972 1700 2015 sex
1715 1960 1846 2030 puerulis

132 2044 295 2114 eeclesiam,
330 2042 492 2099 obumbrati
520 2056 618 2098 omnes
640 2047 768 2099 tenentes
797 2042 909 2099 lanceas
935 2047 964 2098 et
1017 2041 1046 2092 et
1058 2051 1116 2094 unt>
1127 2040 1248 2096 cauculo
1270 2041 1431 2099 eduxerunt
1445 2058 1496 2100 110⁵
1510 2059 1544 2101 el
1557 2046 1644 2113 tibet
1659 2052 1688 2103 θῑ
1702 2062 1766 2104 011⁰]
1787 2048 1847 2104 ¹111·

134 2133 251 2205 spathas
263 2144 341 2202 suas,
360 2131 431 2202 quin
453 2136 480 2187 et
501 2144 586 2188 arcus
607 2145 674 2188 suos
691 2135 805 2202 paratos
827 2144 962 2189 unacum

135 2224 227 2280 scutis
240 2223 314 2293 suis,
330 2226 359 2277 et
371 2219 524 2278 factasunt
539 2221 603 2277 illic
613 2235 676 2291 quae
687 2234 737 2277 nec
747 2220 868 2278 dicenda
884 2224 960 2276 sunt.

166 2311 413 2382 Quemadmodum
424 2322 557 2382 namque,
574 2310 605 2368 in
620 2309 737 2366 hiemali
753 2314 879 2380 tempore
893 2321 964 2364 ven-

132 2409 159 2458 to
173 2402 272 2459 valide
285 2402 371 2457 dante
382 2399 452 2457 folia
471 2414 505 2457 ex
522 2399 675 2457 arboribus
694 2413 833 2457 concussa
847 2399 962 2463 cadunt,

133 2493 170 2549 ita
194 2491 433 2564 percutiebantur
451 2490 542 2547 armis
563 2490 688 2547 candela
702 2495 807 2546 sanctae
825 2487 962 2544 ecclesiae

1019 2126 1167 2184 misissent
1179 2143 1230 2186 nos
1242 2130 1368 2188 inunum
1384 2146 1482 2189 eorum
1503 2148 1565 2205 quae
1575 2135 1746 2194 dicebantur
1765 2137 1847 2193 leva-

1019 2221 1134 2273 mentae
1150 2219 1246 2289 ,circa
1262 2219 1360 2277 boram
1383 2221 1448 2291 plus
1463 2223 1560 2279 minus
1580 2230 1712 2295 quartam
1726 2225 1785 2281 diei
1808 2227 1844 2284 ad

1021 2310 1133 2375 portum
1156 2308 1345 2378 pervenimus.
1365 2312 1396 2366 ln
1417 2325 1449 2367 ea
1476 2325 1544 2368 sane
1564 2313 1647 2384 hora,
1661 2328 1717 2385 qua
1736 2315 1843 2388 egressi

1020 2409 1120 2452 sumus
1134 2396 1169 2452 ab
1183 2397 1253 2454 urbe
1262 2399 1359 2470 homa,
1370 2400 1467 2456 statim
1484 2407 1515 2458 ut
1527 2407 1608 2458 crant
1624 2403 1761 2460 obserate
1775 2419 1846 2476 por-

1020 2488 1064 2557 tae,
1085 2485 1188 2543 iterum
1203 2501 1252 2544 eas
1269 2488 1473 2547 obseraverunt
1484 2496 1513 2547 et
1530 2491 1573 2548 sic
1588 2498 1796 2565 remanserunt,
1809 2507 1845 2551 oe

131 2588 157 2638 et
180 2586 309 2638 retunsae
333 2579 553 2636 excutiebantur
582 2578 612 2634 in
635 2579 838 2649 pavimentum,
864 2582 893 2633 et
907 2590 963 2632 au·
1017 2575 1129 2631 exirent
1144 2589 1160 2631 a
1174 2576 1291 2633 civitate
1303 2578 1400 2650 aliqua
1415 2585 1442 2635 et
1461 2581 1591 2637 venirent
1610 2582 1644 2637 ad
1658 2595 1710 2638 nos
1730 2582 1761 2638 in
1775 2571 1849 2654 pon-¹

132 2671 268 2728 diebatur
282 2671 397 2727 sonitus
415 2669 465 2739 qui
486 2669 515 2724 in
539 2669 636 2724 eadem
659 2668 743 2724 flebat
764 2667 884 2723 ecclesia
900 2666 962 2722 vel-
1017 2668 1058 2735 tu,
1077 2664 1165 2721 donec
1189 2665 1271 2721 illinc
1283 2667 1506 2739 navigassemus.
1524 2669 1602 2726 Unde
1622 2671 1776 2727 necessitas
1789 2685 1846 2729 no·

133 2760 173 2816 nti
189 2759 322 2817 tonitrus
339 2758 454 2829 quidam
476 2757 627 2813 horribilis
647 2763 703 2813 tam
715 2771 750 2812 ex
765 2769 898 2827 pressura
909 2769 962 2811 ar-
1015 2750 1060 2808 bis
1072 2752 1169 2810 edecta
1187 2761 1239 2826 est,
1258 2759 1291 2812 nt
1306 2756 1434 2813 omnium
1458 2772 1556 2815 eorum
1581 2772 1635 2832 res,
1652 2759 1702 2831 qui
1719 2761 1749 2816 in
1765 2760 1847 2817 leva-

131 2863 244 2906 morum
270 2861 355 2920 quam
379 2862 413 2903 ex
439 2846 626 2903 multitudine
653 2846 835 2902 candelarum
861 2845 960 2901 abeis
1016 2846 1108 2896 menta
1118 2843 1199 2900 missi
1209 2842 1370 2918 fuerant,in
1383 2846 1841 2921 predictoportudimitteremus,

130 2937 300 2995 traciarum.
321 2936 433 3005 Quibus
453 2934 603 2993 confestim
623 2935 847 3005 introeuntibus,
866 2935 960 3005 jussio
1015 2933 1043 2985 et
1058 2944 1122 2987 mox
1137 2933 1232 2988 cadem
1245 2933 1293 2989 die
1304 2948 1488 2992 moveremur.
1505 2938 1540 2994 Et
1552 2937 1734 3008 pervenimus
1744 2937 1845 2995 Kalen·

128 3041 142 3084 a
158 3028 294 3097 calliopa
318 3031 446 3096 porrecta
465 3030 507 3082 est
532 3024 706 3096 presbyteris
730 3029 759 3080 et
777 3024 959 3092 diaconibus,
1015 3017 1066 3074 das
1079 3019 1171 3076 iulias
1186 3023 1325 3077 bissenam
1342 3022 1372 3079 in
1385 3038 1440 3094 qua
1460 3029 1521 3080 erat
1537 3026 1628 3096 navis,
1646 3027 1674 3083 id
1690 3033 1734 3084 cst
1746 3040 1844 3084 carcer

126 3115 155 3173 id
168 3130 230 3188 qua
240 3115 418 3172 humilitatis
427 3114 624 3184 meaeabjectio
636 3113 651 3155 b
662 3113 873 3183 continebatur,
884 3112 959 3184 quod
975 3089 1000 3154 fl
1016 3121 1105 3165 mous.
1116 3110 1177 3165 Non
1188 3115 1281 3165 amem
1294 3112 1412 3168 blesens
1423 3118 1544 3186 tantum,
1556 3116 1643 3171 sedet
1656 3115 1686 3171 in
1698 3115 1838 3186 Calabria,

126 3205 370 3279 irregulariteret
384 3205 446 3261 sine
459 3204 519 3276 lege
528 3203 723 3274 episcopatum
738 3202 958 3273 subripuissem,

121 3301 153 3351 et
168 3309 230 3352 non
246 3308 338 3350 essem
350 3294 379 3349 in
395 3292 550 3364 apostolica
570 3292 636 3348 sede
649 3291 756 3365 dignus
772 3291 898 3360 institui,
911 3291 958 3348 sed

121 3383 308 3440 omnimodis
320 3383 349 3438 in
368 3382 440 3437 hanc
462 3380 568 3453 regiam
584 3380 682 3437 urbem
703 3380 871 3451 transmitti,
887 3379 962 3436 suh-

119 3479 231 3548 rogato
260 3472 289 3527 in
317 3472 378 3528 loeo
403 3485 463 3528 meo
487 3471 630 3542 episcopo.
656 3470 735 3540 Quod
764 3471 883 3527 necdum
902 3469 961 3526 ali-

117 3562 249 3636 qnando
272 3560 378 3616 factum
404 3565 456 3632 est,
479 3565 508 3616 et
525 3573 608 3629 spero
635 3560 709 3630 quod
732 3572 782 3615 nec
805 3559 961 3630 aliquando

116 3652 190 3710 fleri
220 3650 325 3707 babet:
349 3650 417 3720 quia
434 3651 462 3704 in
478 3647 607 3704 absentia
635 3647 791 3720 pontilicis,
811 3647 961 3703 archidia-

111 3755 232 3812 conus,
246 3744 276 3795 et
289 3737 527 3810 archipresbyter,
547 3742 575 3792 et
588 3737 772 3807 primicerius
784 3737 877 3793 locum
893 3751 961 3807 prse-

110 3834 247 3888 sentam
271 3827 425 3898 pontificis.
445 3829 533 3883 Deum
552 3840 619 3898 ergo
640 3826 698 3882 haec
718 3832 875 3892 moventur,
897 3839 960 3897 quse

108 3921 158 3979 de
173 3919 237 3976 ode
262 3922 339 3990 gesta
351 3916 465 3973 fuerant
480 3917 539 3986 jam
560 3915 739 3972 manifestavi
763 3916 853 3973 vobis.
880 3913 957 3984 Quod

1015 3205 1043 3255 et
1056 3212 1111 3254 non
1126 3203 1236 3254 tantum
1257 3199 1287 3254 in
1311 3200 1442 3257 Calabria
1456 3217 1517 3274 quae
1537 3202 1654 3260 subdita
1668 3210 1711 3261 est
1732 3218 1840 3277 magnae

1016 3287 1082 3345 urbi
1095 3287 1295 3357 homanorum,
1310 3289 1356 3345 sed
1377 3293 1406 3345 et
1420 3290 1449 3345 in
1474 3291 1609 3361 plurimis
1633 3293 1793 3350 insularum
1810 3294 1846 3351 in·

1015 3375 1123 3448 quibus
1132 3390 1184 3432 nos
1193 3377 1236 3432 vel
1248 3377 1341 3434 tribus
1354 3377 1502 3436 mensibus
1512 3386 1624 3450 peccata
1637 3381 1840 3454 impedierunt,

1016 3464 1124 3521 nullam
1134 3466 1360 3535 compassionem
1369 3467 1489 3538 adeptus
1503 3483 1585 3525 sum:
1602 3476 1717 3540 excepto
1732 3471 1842 3526 ‹lunta-

1015 3559 1064 3610 xat
1080 3554 1109 3609 in
1130 3554 1225 3611 insula
1247 3556 1347 3626 Naxia,
1364 3556 1499 3627 quoniam
1522 3555 1564 3613 ibi
1585 3571 1690 3614 annum
1708 3556 1840 3631 lecimus,

1017 3644 1107 3700 merui
1116 3644 1372 3701 lavariduobusvel
1383 3645 1477 3703 tribus
1486 3645 1607 3718 balneis,
1616 3651 1644 3703 et
1657 3649 1732 3718 apud
1742 3647 1841 3705 urbem

1017 3733 1108 3789 mansi
1129 3732 1160 3788 in
1175 3733 1302 3805 hospitio
1321 3734 1453 3805 (quodam.
1479 3737 1514 3791 Et
1527 3750 1591 3792 cccc
1610 3737 1800 3810 quadraginta
1813 3742 1842 3794 et

1015 3827 1121 3892 septem
1133 3822 1197 3878 dies
1211 3828 1279 3879 sunt
1293 3823 1386 3894 hodie,
1400 3838 1433 3880 ex
1446 3839 1503 3894 quo
1514 3839 1571 3882 non
1580 3826 1671 3883 merui
1684 3825 1778 3883 calida
1791 3841 1842 3884 nec

1015 3909 1121 3983 frigida
1139 3924 1214 3982 aqua
1233 3912 1327 3984 rigare
1342 3926 1395 3984 me,
1415 3919 1444 3969 et
1464 3915 1561 3971 edluxi
1576 3919 1605 3971 ct
1617 3914 1738 3988 refrigui
1752 3921 1842 3987 totus,

109 4015 227 4068 autem
252 4005 406 4077 praeparati
428 4019 482 4061 non
508 4003 650 4061 fuerimus
670 4006 704 4061 ad
731 4004 957 4077 repugnandum,
1016 4001 1150 4070 quoniam
1169 4002 1277 4057 ventris
1295 4002 1369 4058 fluor
1383 4007 1411 4058 et
1430 4003 1459 4058 in
1475 4004 1540 4059 navi
1557 4008 1585 4060 et
1610 4005 1731 4063 interra
1751 4021 1843 4078 usque

111 4095 374 4167 metiusjudicari
387 4095 482 4151 decies
497 4095 568 4150 mori
588 4108 674 4165 quam
698 4094 786 4150 unius
809 4093 960 4162 cujuscun-
1015 4090 1049 4145 ad
1067 4096 1231 4160 presentem
1245 4090 1344 4146 boram
1358 4092 1486 4162 requiem
1501 4092 1573 4149 mihi
1587 4095 1705 4153 omnino
1720 4109 1777 4153 non
1789 4096 1844 4153 dc-

110 4200 183 4259 que
200 4184 373 4257 sanguinem
396 4184 425 4240 in
448 4189 553 4240 terram
569 4182 661 4240 fundi.
689 4184 768 4253 Quod
790 4183 905 4253 quidem
932 4187 961 4237 et
1014 4177 1074 4234 dit:
1095 4179 1165 4234 etin
1186 4178 1248 4248 ipsa
1267 4192 1380 4251 quoque
1401 4181 1580 4238 necessitatis
1602 4197 1669 4240 meae
1685 4184 1754 4242 bora
1777 4198 1843 4242 cum

111 4278 193 4334 sine
209 4273 342 4345 periculo
354 4272 407 4329 hoc
427 4279 536 4345 gestum
556 4276 608 4343 est,
630 4285 686 4328 non
700 4271 809 4342 paucis,
825 4285 888 4342 quse
903 4282 959 4326 non
1015 4272 1184 4340 gustaturus
1198 4282 1272 4340 sum,
1287 4272 1582 4340 totusconquassatus
1595 4284 1724 4343 corpore,
1737 4287 1770 4329 ea
1780 4287 1844 4345 quae

111 4367 306 4437 placuerunt
327 4364 393 4433 Deo,
419 4362 503 4418 malis
523 4361 639 4418 effectis.
660 4361 763 4418 Eadem
784 4361 881 4432 itaque
905 4361 960 4416 he
1015 4358 1174 4414 necessaria
1187 4362 1256 4414 sunt
1270 4357 1414 4429 percipere
1426 4359 1461 4415 ad
1477 4359 1691 4418 confortandam
1711 4368 1843 4421 naturam

114 4467 159 4511 ra
185 4453 257 4511 dedi
272 4465 315 4508 mc
340 4452 433 4521 ipsum
455 4450 490 4506 ad
512 4450 704 4507 exhibendum
731 4449 908 4522 imperatori,
933 4453 961 4506 et
976 4419 1002 4480 D
1017 4462 1072 4504 non
1089 4447 1187 4520 habeo,
1202 4447 1271 4520 quia
1291 4449 1365 4521 quod
1380 4447 1470 4506 habco
1484 4450 1567 4506 taedet
1579 4465 1623 4507 me
1637 4465 1759 4524 sumere,
1777 4468 1842 4511 cum

117 4556 187 4601 non
201 4542 406 4598 resistendum.
421 4541 508 4596 Porro
519 4538 745 4597 acclamantibus
764 4539 847 4611 mihi,
862 4542 894 4595 ut
910 4551 961 4594 ve-
1017 4537 1045 4593 id
1060 4536 1174 4594 babeam
1190 4539 1305 4609 penitus
1319 4539 1349 4594 in
1362 4537 1521 4596 fastidium.
1538 4539 1589 4596 Sed
1606 4540 1690 4598 credo
1700 4540 1731 4597 in
1746 4543 1845 4601 virtu-'

121 4634 249 4690 ritatem
282 4629 386 4699 dicam,
414 4629 586 4699 quibusdam
612 4643 646 4685 ex
669 4628 746 4685 clero
778 4643 813 4685 ne
840 4626 959 4685 facerem
1016 4634 1071 4683 tem
1082 4627 1132 4682 bai
1148 4627 1198 4698 qui
1220 4627 1316 4684 omnia
1330 4628 1482 4700 conspicit,
1498 4629 1566 4700 quia
1585 4642 1650 4686 cum
1662 4631 1697 4687 de
1710 4633 1843 4702 praesenti

126 4720 196 4793 hoc,
215 4720 290 4777 nulli
315 4733 413 4775 eornm
437 4718 645 4774 accommodavi
670 4732 778 4792 aurem,
804 4731 838 4774 ue
864 4718 960 4774 subito
1016 4717 1074 4773 vita
1097 4716 1257 4772 subductus
1279 4715 1369 4789 fuero,
1389 4718 1579 4790 exquirentur
1594 4719 1628 4776 de
1643 4719 1690 4776 bis
1708 4722 1844 4780 omnibus

128 4809 234 4868 llerent
245 4809 411 4866 homicidia.
434 4807 486 4863 Sed
501 4807 563 4863 dini
579 4807 656 4864 illis:
673 4807 765 4863 Sinite
781 4820 889 4864 mecum
909 4821 960 4864 vc-
1017 4805 1046 4863 bi
1060 4804 1111 4876 qui
1127 4819 1170 4861 me
1190 4811 1411 4877 persequuntur,
1425 4812 1459 4864 ut
1472 4808 1571 4865 saltem
1588 4809 1631 4866 sic
1645 4809 1680 4868 ad
1699 4811 1846 4881 preniten-

136 4900 197 4956 nire
218 4913 254 4955 ex
273 4898 359 4969 clero,
377 4896 426 4970 qui
450 4897 602 4953 necessarii
623 4896 696 4952 mihi
718 4901 796 4968 sunt,
812 4897 960 4968 episcopos
1015 4896 1084 4953 tiam
1098 4894 1178 4952 ducti
1194 4894 1229 4951 ab
1250 4894 1404 4966 iniquitate
1416 4911 1468 4954 sua
1488 4905 1697 4957 convertantur.

136 4989 279 5061 videlicet,
300 4986 487 5059 presbyteros,
507 4991 535 5043 et
550 4985 696 5058 diaconos,
718 4991 746 5042 et
764 4987 893 5043 absolute
908 4987 959 5059 qui
986 5049 989 5055 ,
1050 4985 1226 5056 Subscriptio.
1241 4984 1413 5041 lneolumcm
1426 4992 1453 5042 te
1465 4988 1610 5044 custodiat
1622 4990 1707 5062 Deus,
1724 4989 1766 5046 iili
1781 4989 1846 5048 dul·

142 5079 208 5135 nihi
228 5079 371 5135 videntur.
389 5077 546 5149 Respondit
569 5076 729 5147 calliopas:
753 5078 898 5149 Quotquot
916 5091 962 5134 vo·
1016 5074 1147 5131 cissimel

143 5163 245 5224 inerint
265 5168 372 5238 venire,
397 5181 462 5223 cum
486 5166 560 5224 bono
592 5166 716 5222 veniant.
739 5167 796 5223 Nos
825 5167 961 5238 cuiquam

1051 5385 1196 5459 0Navigia
1209 5389 1337 5459 quaedam
1357 5389 1467 5446 minora
1484 5395 1552 5447 sunt
1566 5390 1600 5446 ad
1621 5388 1737 5445 navium
1755 5402 1839 5445 onera

176 5420 190 5454 ⁸
211 5398 369 5487 συμπλοκὴν

1015 5475 1141 5533 levanda.

177 5485 337 5563 theodoli,
350 5495 431 5564 ejecto
