3876 6090
40 113 95 173 tao

329 108 583 168 collectanei.
602 139 640 149 -
657 108 758 167 SERM.
778 107 806 164 S.
834 106 958 164 THEOD.
978 109 1110 167 STUDIT.
1131 114 1176 169 DE
1194 115 1222 169 S.
1245 114 1461 171 BARTHOLOM.

44 241 181 297 videlicet
194 238 458 310 comtemplationis
471 241 499 293 et
513 238 647 307 actionis,
664 250 714 292 nec
729 236 870 290 seminan·
882 226 911 285 A
925 231 986 287 dom
1005 237 1144 305 sepultus.
1165 239 1220 308 Qui
1238 241 1370 296 videlicet
1384 241 1529 311 gloriosus
1548 241 1677 299 fidelium
1697 256 1750 313 pa-

42 335 98 386 tem
109 328 224 399 aliquid
236 327 423 384 defluentium
437 331 465 382 et
476 326 724 396 corruptibilium,
738 325 786 379 sed
803 321 868 379 lldei

43 417 198 473 verbumin
208 415 378 486 profundum
387 416 483 470 cordis
496 411 870 482 recondentem3aliqnando

44 519 109 561 vero
131 505 306 575 plantantem
327 503 474 573 paradisos
492 509 520 557 ot
539 502 637 557 vineas
656 501 782 566 Domini,
805 498 871 553 illos

45 594 158 650 scilicet
174 593 226 663 qui
239 594 297 661 jam
314 591 475 661 receptione
495 590 573 645 verbi
588 591 623 645 ad
640 590 758 644 meliora
774 588 872 643 incre-

46 686 172 739 mentum
188 680 328 750 fecerunt,
343 685 372 734 et
389 678 423 733 ab
446 680 563 734 ineunte
585 684 666 733 atate
688 691 737 747 per
757 675 872 746 singula

46 778 173 840 tempora
194 769 306 826 fructus
326 767 503 836 multiplices
522 767 695 833 edidevuat3
715 763 871 834 aliquando

46 866 139 915 antem
152 857 364 913 medicinaliter
374 855 503 912 exhibita
515 855 641 928 singulis
654 854 819 925 passionum
832 865 872 906 re-

49 948 143 1002 media
158 944 360 1002 conferentem.

82 1038 187 1091 Verum
202 1035 332 1089 eumdem
349 1047 432 1089 nosse
446 1034 519 1089 velis
533 1048 623 1089 caecos
637 1032 736 1088 oculos
756 1030 873 1088 illumi-

49 1128 174 1191 nantem,
196 1121 323 1192 leprosos
348 1123 541 1190 mundantem,
564 1121 656 1177 febres
675 1120 872 1190 expellentem,

49 1211 163 1267 claudis
177 1211 289 1279 vadere,
303 1210 401 1266 surdis
415 1211 516 1266 audire
533 1210 711 1278 praebentem,
727 1211 813 1277 atque
827 1220 875 1260 re-

49 1299 197 1369 liquorum
207 1298 376 1368 languorum
387 1295 872 1367 multimodasexpellendospecies,

49 1386 160 1456 duplici
172 1386 296 1442 sanitate
307 1393 413 1441 rnaturae
423 1387 545 1456 proprie
555 1387 707 1458 languidos
716 1385 875 1440 restituen-

51 1481 103 1530 tem
119 1479 148 1530 et
163 1481 239 1530 certe
256 1476 424 1544 pastoralem
439 1489 543 1531 morem
557 1475 773 1543 suscipientem,
787 1476 815 1526 et
827 1485 876 1526 se-

927 325 1037 392 lronus,
1062 326 1148 381 etiam
1172 331 1236 397 post
1257 327 1367 383 obitum
1392 329 1527 397 apparuit
1553 343 1673 399 magnus
1698 331 1748 385 Dei

927 412 1105 479 praedicator.
1120 416 1180 469 Non
1192 416 1268 470 enim
1285 416 1326 470 vel
1340 424 1489 487 postquam
1501 416 1634 487 migravit
1649 430 1683 472 ex
1698 418 1750 472 hoc

928 500 1034 555 mundo
1044 503 1169 573 neglexit
1178 505 1334 569 occisores;
1346 506 1393 560 sed
1406 510 1438 561 ut
1449 512 1544 574 pastor
1555 505 1647 561 bonus
1656 518 1751 575 quan-

928 590 986 642 tum
1008 592 1145 660 temporis
1161 600 1231 662 orat,
1247 593 1387 649 invitabat
1401 593 1550 648 miraculis
1564 594 1700 662 perditos,
1722 602 1750 650 ot

928 675 1069 747 prodigiis
1088 680 1257 736 admittebat
1273 696 1395 737 aversos.
1417 682 1468 737 Sed
1491 681 1638 737 bestialem
1660 695 1751 736 mem-

928 767 981 817 tem
1004 771 1030 819 et
1054 766 1243 823 inhumanum
1266 783 1316 824 cor
1338 769 1379 825 nil
1403 777 1465 825 erat
1488 771 1563 839 quod
1587 782 1753 838 compesce-

928 856 978 921 ret,
997 851 1037 909 nil
1054 856 1129 924 quod
1146 857 1302 912 retraheret
1318 872 1467 928 usquequo
1483 858 1513 913 in
1528 857 1672 927 profunda
1690 870 1753 912 ma-

928 939 1020 998 lorum
1045 944 1218 1000 deciderent.
1245 946 1318 1015 Quid
1341 960 1408 1016 ergo
1431 947 1466 1002 de
1493 950 1594 1001 cetero
1618 943 1752 1002 faciunt?

928 1034 1081 1088 Insaniunt
1091 1039 1189 1089 contra
1201 1049 1313 1090 sacrum
1326 1035 1398 1091 illud
1410 1049 1531 1104 corpus,
1544 1034 1752 1091 furuntconlra

928 1121 1057 1179 diversas
1067 1123 1175 1194 jugiter
1190 1130 1368 1192 praestantem
1383 1124 1521 1179 sanitates
1532 1124 1607 1179 sacri
1622 1122 1753 1192 corporis

928 1222 1033 1265 arcam.
1060 1212 1207 1280 llespuunt
1231 1214 1388 1269 remedium
1411 1213 1530 1284 aegroti,
1551 1212 1614 1268 orbi
1637 1225 1750 1267 manum

929 1298 1090 1369 ducentem,
1111 1300 1177 1353 caeci
1201 1301 1275 1356 lucis
1298 1301 1435 1369 datorem,
1460 1299 1591 1372 naufragi
1617 1300 1755 1371 guberna·

930 1390 1029 1450 harem,
1050 1393 1139 1442 morte
1154 1387 1247 1442 adecti
1266 1389 1482 1444 vivificatorem.
1504 1389 1609 1444 Et‘boc
1632 1402 1755 1459 quomo-

930 1474 991 1529 do‘l
1005 1476 1168 1543 Proficiunt
1180 1477 1208 1531 in
1226 1478 1344 1549 pelagus
1360 1479 1460 1548 ipsam,
1478 1491 1533 1548 qua
1549 1491 1662 1533 sacrum
1676 1483 1756 1548 tege-

51 1564 151 1633 mitas,
173 1564 231 1617 Deo
251 1563 430 1633 perficiente,
453 1564 657 1631 deducentem,
683 1565 874 1627 revocantem,
888 1541 915 1602 Β
930 1562 1015 1618 batur
1040 1578 1155 1635 corpus,
1182 1565 1321 1634 lapideam
1344 1579 1450 1635 arcam,
1475 1572 1505 1621 ut
1528 1566 1558 1620 in
1582 1564 1753 1634 profundum

51 1655 236 1723 pugnantem,
254 1652 455 1721 propellentem
476 1651 584 1707 bestias
604 1652 751 1717 hereseos,
768 1651 877 1706 daemo-

52 1753 178 1810 numque
196 1739 367 1812 phalanges:
391 1740 554 1811 imperfecta
575 1740 668 1810 rigare
684 1753 779 1806 marin,
803 1738 878 1792 edu-

51 1841 112 1883 care
124 1832 286 1883 crescentes
298 1828 327 1881 in
340 1834 421 1884 aetate
433 1828 552 1898 Christi,
567 1829 665 1897 spinas
677 1824 877 1896 intelligibiles

52 1915 180 1983 evellere,
201 1916 242 1971 vel
262 1916 349 1971 silvas
373 1917 510 1986 impactas
529 1930 634 1978 secare,
659 1929 739 1984 sepes
757 1915 879 1984 dogma-

55 2004 127 2060 ticas
141 2004 369 2073 circumponere,
383 2010 411 2059 et
425 2005 567 2076 quidquid
584 2018 682 2062 eorum
695 2005 792 2059 deesse
806 2015 879 2056 con-

53 2093 162 2148 stiterit
177 2107 241 2162 quae
256 2099 414 2163 opportune
429 2098 497 2150 sunt
512 2094 667 2164 sequenda,
683 2091 768 2147 facile
782 2088 880 2160 praevi-

54 2183 126 2237 dere.
145 2181 209 2251 lpse
230 2187 324 2238 autem
344 2183 500 2239 aedificator
519 2190 547 2239 el
567 2183 743 2238 architectus
762 2178 877 2235 aedificii

54 2283 81 2326 ac
92 2269 297 2326 fabricationis
308 2285 362 2326 non
373 2270 551 2342 manufactae,
564 2271 734 2340 templorum
746 2268 880 2323 videlicet

58 2359 184 2429 bomini,
201 2373 264 2428 qnae
279 2373 328 2428 per
343 2360 478 2428 spiritum
497 2368 524 2415 ot
538 2360 686 2414 veritatem
701 2361 881 2413 construun-

59 2455 114 2518 tur,
137 2461 171 2503 ac
189 2448 378 2517 perficiuntur
397 2449 426 2504 in
443 2449 580 2518 populum
599 2446 811 2517 acceptabilem,
833 2459 882 2500 se-

57 2542 192 2592 ctatorem
212 2535 351 2592 bonorum
373 2550 500 2606 opernm.
521 2539 636 2593 intuere
656 2548 775 2600 mecum,
795 2533 882 2588 oho-

58 2638 109 2694 mo,
143 2624 279 2679 civitates
305 2628 333 2679 et
365 2625 538 2694 habitacula,
570 2638 633 2694 quae
659 2624 727 2679 olim
758 2621 882 2692 populus

59 2713 195 2768 seductus
215 2712 384 2769 infidelitate
400 2715 536 2785 possedit,
553 2714 685 2784 nequiter
707 2712 811 2767 turrim
828 2723 883 2778 po-

58 2813 134 2869 nens,
157 2801 189 2856 iu
205 2800 255 2854 Dei
275 2801 448 2872 cognitione,
469 2807 497 2856 et
512 2801 740 2856 adversariorum
759 2798 882 2853 insidias

932 1651 1046 1720 penitus
1065 1653 1193 1708 demersa
1210 1654 1332 1710 ulterius
1354 1668 1409 1709 non
1427 1659 1603 1724 conpareret
1620 1659 1755 1723 tanquam

932 1738 975 1793 eis
991 1743 1088 1794 tantus
1103 1741 1250 1810 apostolus
1266 1742 1346 1796 nulla
1363 1742 1530 1811 praestiterit
1544 1741 1689 1797 beneficia.
1706 1744 1758 1797 lu-

933 1826 1063 1882 vidorum
1075 1830 1179 1883 etenim
1191 1829 1292 1885 vitium
1307 1831 1471 1898 hujusmodi
1483 1836 1535 1901 est,
1550 1835 1581 1885 nt
1594 1829 1756 1885 voluntaria

933 1916 1095 1984 perditione
1109 1931 1161 1971 sua
1177 1931 1227 1972 nec
1242 1918 1365 1973 aliarum
1382 1918 1444 1973 lleri
1459 1919 1580 1974 salutem
1597 1917 1754 1987 patiantur.
1854 1965 1862 1982 ,

933 2004 985 2059 Sed
1008 2004 1096 2075 isqui
1112 2019 1161 2074 per
1175 2006 1262 2060 David
1282 2007 1365 2078 longe
1387 2011 1452 2061 ante
1466 2007 1621 2062 clamavit:
1638 2007 1671 2060 ln
1686 2006 1758 2058 mori

932 2095 984 2146 oiae
998 2097 1060 2154 tuae,
1076 2099 1100 2146 et
1111 2097 1211 2148 cernite
1224 2100 1276 2148 tnae
1288 2097 1315 2148 in
1327 2097 1407 2164 nqnis
1419 2096 1512 2149 multis
1524 2113 1532 2158 ;
1548 2100 1573 2148 et
1584 2096 1698 2160 uestigio
1709 2098 1757 2147 tna

934 2196 988 2234 non
1003 2189 1195 2249 cognoscentnr
1209 2184 1293 2250 (Psul.
1311 2198 1407 2239 cxxvi.
1424 2182 1488 2253 ἓως
1508 2190 1536 2239 et
1551 2183 1599 2239 bie
1613 2181 1757 2239 tumidum

935 2282 1012 2325 mare
1028 2271 1147 2326 meabile
1161 2277 1189 2326 et
1208 2274 1333 2342 pervium
1352 2273 1470 2341 lapideae
1484 2286 1556 2327 arcae
1572 2270 1704 2340 praebuit.
1724 2270 1759 2325 Et

935 2360 1035 2414 Petrus
1056 2372 1174 2430 magnus
1193 2360 1332 2415 clamante
1355 2362 1389 2416 ad
1414 2375 1478 2416 enm
1496 2360 1611 2415 Christo
1632 2359 1662 2412 in
1686 2357 1758 2413 mari

935 2446 1097 2502 ambulasse
1114 2448 1306 2519 dignoscitur.
1324 2449 1404 2516 Quod
1424 2454 1452 2503 et
1470 2448 1589 2504 divinus
1608 2445 1760 2500 Bartholo-

936 2548 1025 2590 maeus
1040 2536 1177 2591 similiter
1189 2550 1261 2592 arcae
1274 2551 1379 2607 corpus
1391 2551 1475 2592 suum
1488 2535 1610 2607 gestanti
1627 2533 1760 2607 gradiens

936 2623 1760 2692 contraductusexbibnit.0miraculumdivinumloopus

937 2710 1757 2783 magnificumillotaestenimimpetnipsaarcaderegio-

938 2815 971 2856 ne
981 2801 1131 2864 Armenia,
1146 2816 1210 2858 cnm
1223 2808 1348 2872 quatuor
1364 2803 1486 2858 aliorum
1500 2807 1655 2872 martyrum
1673 2799 1759 2865 arcis,

59 2887 140 2944 lacile
155 2888 303 2953 dimissas,
320 2902 436 2960 compos
452 2891 594 2956 florentes,
611 2890 708 2944 vineas
726 2886 883 2943 condensi-
896 2869 921 2935 C
938 2904 1000 2959 quae
1013 2889 1150 2944 similiter
1161 2890 1229 2945 dum
1241 2891 1323 2961 signa
1334 2897 1521 2959 operarentur
1534 2903 1599 2946 cum
1610 2902 1641 2945 ea
1656 2889 1686 2943 in
1698 2900 1762 2942 ma-

1696 114 1750 176 lat
1839 108 1843 113 ’

60 2981 112 3031 tate
128 2976 317 3047 pullulantes,
335 2978 432 3033 hortos
452 2979 567 3033 odorem
583 2978 694 3039 dantes,
714 2979 884 3046 egrotantes
938 2992 968 3033 re
990 2976 1104 3033 fuerant
1125 2979 1266 3048 projectae,
1287 2985 1314 3034 et
1330 2993 1379 3048 per
1400 2984 1511 3034 tantum
1527 2978 1652 3047 spatium
1675 2976 1763 3031 maris

61 3066 135 3120 omni
153 3065 292 3134 languore
307 3073 334 3120 et
349 3067 425 3121 omni
439 3067 606 3122 indemitate
619 3065 736 3121 sanitati
753 3064 883 3134 pristinae
939 3072 1063 3136 quatuor
1075 3066 1121 3120 his
1131 3066 1347 3122 ambulantibus
1355 3073 1384 3123 et
1397 3066 1631 3136 praecedentibus,
1641 3063 1764 3120 etobse-

61 3151 244 3208 reformatos:
261 3168 322 3223 quae
342 3155 411 3209 talia
427 3159 505 3221 sunt,
524 3160 556 3210 ut
573 3155 612 3210 ita
630 3154 801 3225 quisdicat,
821 3151 885 3221 pri·-
940 3154 1039 3224 quium
1057 3154 1186 3223 apostolo
1205 3156 1414 3225 quodammodo
1432 3154 1605 3210 facientibus
1624 3153 1763 3207 venerunt

65 3254 104 3296 ma
128 3242 223 3311 spolia
247 3248 275 3297 et
297 3244 415 3299 exuviae.
439 3244 520 3299 Tanti
543 3244 644 3314 agonis
669 3242 779 3298 labores
801 3246 829 3295 ot
854 3240 883 3294 in
941 3245 969 3298 in
983 3244 1134 3298 ulteriores
1148 3249 1242 3313 partes
1256 3243 1374 3309 Sicilia,
1387 3244 1417 3298 in
1430 3243 1556 3298 insulam
1573 3257 1634 3312 qnae
1646 3246 1763 3296 vocatur

64 3327 132 3385 fame
147 3329 175 3384 ei
192 3330 222 3384 in
239 3331 300 3399 siti,
320 3332 348 3386 in
365 3330 472 3403 frigore
484 3339 512 3386 et
529 3332 669 3388 nuditate.
686 3331 716 3385 in
734 3334 886 3384 contume-
939 3332 1081 3400 Lipparis,
1095 3330 1167 3386 iacta
1178 3331 1350 3387 revelatione
1361 3332 1395 3386 ad
1408 3330 1623 3386 sanctissimum
1634 3327 1764 3398 Agatho-

65 3415 110 3474 liis
123 3423 152 3475 et
170 3418 346 3489 opprobriis,
361 3422 390 3475 in
407 3421 571 3476 carceribus
581 3424 608 3475 et
622 3419 757 3486 vinculis,
775 3417 803 3471 in
818 3429 886 3486 per-

65 3506 261 3562 secutionibus
284 3512 312 3563 et
334 3509 558 3564 adductionibus
579 3509 613 3563 de
639 3508 699 3563 loco
725 3507 752 3561 in
780 3506 883 3574 locum,

66 3594 233 3665 decivitate
257 3595 287 3650 in
311 3595 465 3666 civitatem,
486 3597 521 3651 de
541 3596 652 3651 theatro
670 3597 698 3650 in
721 3595 884 3664 theatrum,

941 3432 1003 3472 nem
1020 3419 1070 3488 qui
1085 3419 1148 3473 illic
1163 3426 1224 3474 erat
1236 3417 1552 3488 episcopusHosteusis.
1566 3416 1638 3485 Quis
1652 3413 1764 3470 audivit

943 3512 1053 3563 tantum
1082 3508 1273 3578 prodigium?
1295 3508 1362 3577 quis
1380 3506 1485 3563 didicit
1504 3511 1560 3560 tam
1582 3502 1763 3575 magnificum

941 3595 1246 3664 opusftlmiraculnm
1257 3596 1285 3650 in
1301 3594 1458 3650 miraculol
1473 3593 1606 3663 Lipparis
1616 3596 1720 3648 autem.
1734 3591 1762 3647 id

68 3683 93 3738 in
108 3684 261 3740 tormentis
275 3691 303 3740 et
324 3685 509 3754 verberibus,
523 3692 551 3741 ct
565 3687 599 3741 ad
618 3692 774 3740 extremum
790 3685 818 3739 in
834 3698 887 3740 oc-
940 3685 1123 3753 estmagnis,
1133 3684 1342 3753 quodammodo
1352 3684 1446 3738 insula
1460 3680 1694 3751 Lippavisferens
1703 3679 1765 3748 ipsa

67 3771 171 3828 cisione
193 3778 222 3828 et
241 3774 346 3845 gladio.
370 3776 487 3844 Propter
502 3790 565 3846 qnae
585 3788 707 3844 namque
722 3776 887 3842 oportuerat
940 3771 997 3826 sibi
1019 3771 1205 3842 pinguedinis
1221 3769 1325 3826 futurae
1348 3782 1458 3827 nomen.
1480 3771 1543 3839 lpsa
1565 3766 1686 3823 forsitan
1707 3766 1766 3822 baec

69 3872 111 3916 eos
137 3875 320 3918 remunerare
344 3862 429 3919 bonis
454 3864 633 3935 Magistrum,
660 3863 831 3918 salvatorem
859 3866 887 3916 et
943 3858 1140 3915 ineffabilibus
1151 3859 1270 3914 vocibus
1280 3857 1561 3914 clamabat:l·'eniad
1576 3869 1628 3923 me,
1640 3868 1768 3925 pauper-

70 3949 204 4006 liedicum
226 3964 277 4018 pro
297 3951 343 4005 his
364 3959 518 4022 operantur
537 3952 655 4012 atrocia,
675 3950 885 4018 conviciantur,
941 3946 1343 4016 culam,thesanreditissime
1354 3947 1444 4002 sancti
1454 3945 1590 4015 Spiritus.
1603 3944 1712 4000 l'eniad
1723 3956 1766 3999 me

70 4036 239 4107 detrabunt,
267 4040 445 4108 percellunt,
477 4045 630 4110 torquent,
663 4041 777 4095 rodunt.
811 4038 885 4107 Quid
942 4050 1005 4106 quae
1029 4049 1091 4091 snm
1118 4033 1341 4095 inhonorabilis,
1366 4034 1576 4103 pretiosissima
1600 4032 1764 4104 margarita.

71 4138 120 4181 non
136 4126 305 4182 discentes?
328 4129 398 4198 quid
416 4144 470 4185 nou
487 4129 625 4200 agentes?
643 4128 712 4198 quid
730 4141 784 4183 non
801 4141 888 4183 enco-
941 4124 1010 4179 l'oni
1034 4123 1068 4178 ad
1091 4137 1134 4177 me
1155 4121 1326 4192 supplicem,
1349 4120 1398 4192 qui
1414 4135 1429 4175 a
1452 4121 1569 4190 perfidis
1587 4119 1715 4189 abiectus
1736 4132 1767 4174 es

72 4213 215 4282 gitantes‘l
237 4217 306 4286 quid
329 4231 384 4273 non
408 4219 624 4273 adinvenientes
644 4231 742 4273 eorum
766 4230 828 4285 quae
852 4195 928 4271 adD
944 4212 1144 4282 iniquissime,
1157 4210 1287 4266 inhabita
1299 4224 1352 4280 me,
1364 4216 1392 4264 et
1403 4209 1604 4278 multipliciter
1618 4207 1767 4262 inhabita-

72 4301 204 4357 acriorem
224 4302 406 4359 afflictionem
430 4311 458 4360 et
480 4305 679 4361 tribulationis
704 4309 886 4375 augmentum
942 4300 1002 4356 bor.
1019 4301 1100 4355 Salva
1124 4314 1176 4367 nro,
1193 4305 1221 4354 et
1242 4299 1377 4369 populosa
1392 4311 1457 4364 ero;
1480 4295 1594 4351 nomine
1615 4294 1719 4363 fungar
1739 4299 1768 4350 et

75 4390 202 4455 proficere
223 4393 430 4448 crediderunt?
448 4396 537 4465 Papae,
559 4393 776 4450 crudelitateml
800 4393 823 4447 O
844 4390 889 4447 fe-
945 4390 1050 4458 ubique
1064 4389 1229 4458 personabo.
1242 4389 1271 4442 Si
1285 4388 1336 4443 :alii
1353 4395 1380 4442 te
1396 4398 1529 4456 magnum
1544 4384 1608 4440 coeii
1624 4383 1767 4439 luminare

75 4476 154 4532 ruem
172 4479 313 4533 insaniam
329 4481 335 4534 l
354 4482 457 4550 Quales
473 4483 614 4538 mercedes
628 4482 754 4537 Creatori
773 4480 891 4536 obtule-
944 4483 1185 4546 comtempserunt
1206 4484 1233 4532 et
1253 4477 1430 4546 repulerunt,
1449 4474 1496 4529 sed
1517 4486 1568 4544 ego
1588 4471 1766 4542 splendorem

77 4571 145 4629 runt,
162 4568 212 4637 qni
230 4567 335 4639 visum,
353 4570 403 4640 qui
419 4570 550 4625 auditum
567 4571 748 4640 receperantl
767 4584 817 4639 pro
836 4569 891 4623 ho-

76 4664 136 4707 nore
157 4654 401 4728 inhonorantiam,
422 4673 472 4727 pro
489 4659 688 4714 benedictione
708 4657 891 4714 maledictio-

77 4750 142 4812 nem,
157 4757 208 4812 pro
222 4745 421 4815 requiescibili
437 4747 496 4802 vita
508 4748 732 4804 amarisssimam
749 4751 867 4801 mortem
883 4744 889 4800 l

106 4831 893 4908 Legituretiamingestisejusantiquioribuselemen-

77 4916 232 4977 datioribus
247 4924 321 4993 quod
339 4926 485 4994 Lycaoniae
501 4925 617 4981 verbnm
633 4927 698 4982 vitae
714 4924 890 4996 praedicavit.

78 5003 177 5063 Dehinc
192 5010 280 5065 indiae
293 5013 499 5084 evangelizans,
513 5014 547 5068 ad
566 5014 695 5070 ultimum
713 5016 742 5070 in
757 5013 892 5069 Armenia

79 5091 179 5163 baiori,
198 5113 260 5168 quae
277 5100 403 5167 ejusdem
423 5107 466 5157 est
486 5103 649 5172 provincia,
672 5104 699 5158 in
719 5103 829 5159 Albano
843 5103 892 5171 ip-

79 5180 133 5237 sius
144 5185 287 5244 Armeniae
301 5188 370 5244 urbe
386 5198 535 5261 postquam
551 5193 640 5248 multa
652 5197 681 5247 et
697 5192 891 5248 intolerabilia

82 5271 209 5329 tormenta
223 5276 324 5346 subiit,
339 5278 502 5335 decoriatus
515 5279 551 5334 ab
563 5280 663 5349 impiis
676 5281 703 5335 in
726 5282 841 5336 modum
852 5279 891 5338 fo-

946 4574 1026 4622 tuum
1051 4566 1182 4622 desidero
1207 4567 1344 4621 hactenus
1367 4564 1461 4619 tristis
1482 4568 1510 4618 et
1529 4567 1636 4617 moesta.
1660 4560 1688 4615 Si
1714 4559 1766 4615 alii

947 4671 1042 4713 mensa
1053 4657 1181 4711 vivorum
1195 4655 1376 4724 eloquiorum
1390 4661 1516 4723 tuorum,
1532 4651 1616 4722 potiti
1627 4653 1705 4719 sunt,
1719 4647 1766 4704 sed
1872 4711 1876 4721 1

946 4761 997 4817 ego
1009 4745 1196 4815 reliquiarum
1208 4749 1332 4813 tuarum,
1347 4747 1379 4798 ut
1390 4742 1520 4810 catellus,
1533 4741 1621 4796 micas
1633 4738 1768 4809 colligere

946 4835 1047 4908 gestio.

983 4923 1127 4980 Posthac
1148 4921 1230 4992 quasi
1248 4920 1385 4990 quosdam
1407 4919 1559 4974 ministros
1579 4931 1658 4988 suos,
1678 4917 1768 4973 alium

948 5020 1104 5084 martyrum
1119 5012 1174 5081 hic,
1189 5010 1279 5065 alium
1291 5023 1357 5065 vero
1371 5009 1432 5064 illic
1444 5007 1611 5077 relinquens
1623 5005 1770 5076 apostolus

947 5111 1115 5170 retrorsum,
1127 5100 1264 5169 Papinum
1277 5099 1393 5169 quidem
1407 5097 1521 5154 dimisit
1533 5096 1563 5151 in
1574 5097 1689 5152 civitate
1698 5092 1770 5148 Sici·

946 5194 993 5249 liae
1015 5206 1078 5261 quae
1097 5191 1206 5245 dicitur
1225 5188 1333 5258 bfylas3
1356 5188 1511 5242 Luciannm
1527 5199 1592 5241 vero
1612 5180 1768 5239 destinavit

947 5282 1115 5346 messinam,
1129 5279 1255 5348 reliquos
1266 5282 1361 5332 autem
1371 5278 1444 5332 duos
1455 5275 1483 5329 in
1494 5270 1696 5328 calabritidem
1708 5275 1770 5322 ter-

84 5357 115 5430 li,
129 5366 222 5436 capite
239 5366 340 5436 plexus
352 5372 411 5437 est3
423 5368 522 5438 sicque
534 5367 650 5424 demum
661 5383 677 5424 a
688 5368 822 5425 fidelibus
838 5370 893 5427 ibi·
943 5384 1003 5427 ram
1019 5369 1147 5425 direxit:
1164 5366 1335 5438 Gregorium
1354 5365 1470 5435 quidem
1491 5363 1521 5416 in
1543 5360 1688 5416 civitatem
1706 5367 1769 5423 quae
