3876 6090
793 253 973 308 anastasll
1002 248 1273 306 albelotllhcaltll

790 539 1069 611 constitutio
1103 539 1252 611 BREVlS

641 750 791 819 Indicam
816 773 889 840 qum
916 752 1014 839 suctu
1045 762 1123 819 sunt
1145 762 1222 818 onte
1245 748 1424 840 synodum.

212 1088 400 1148 Venientibus
411 1089 534 1160 itaquea
551 1087 638 1142 Roma
654 1087 768 1159 quidem
780 1087 863 1143 Petro
875 1092 903 1142 et
920 1086 1003 1142 Petro
1015 1083 1046 1142 Α
1058 1085 1204 1155 synodicis
1223 1086 1404 1158 conscriptis,
1426 1100 1490 1158 quae
1509 1085 1661 1158 perhibent
1681 1101 1738 1144 nou
1760 1095 1894 1160 oportere

176 1178 430 1238 Deoamicissimis
444 1176 627 1247 presbyteris,
643 1181 671 1231 et
689 1174 883 1231 deterentibus
908 1174 1005 1245 prata·
1059 1171 1215 1244 aliquando
1230 1174 1370 1244 synodum
1384 1174 1574 1230 universalem
1587 1174 1648 1230 tleri
1661 1182 1764 1245 prater
1775 1190 1893 1233 consen-

177 1276 222 1327 tas
240 1265 415 1324 litteraszab
429 1265 544 1322 Oriente
568 1279 644 1336 vero,
668 1265 774 1321 leenae
797 1271 825 1320 et
838 1262 944 1320 Thoma
964 1277 1005 1318 ro
1060 1275 1124 1316 sum
1160 1269 1326 1319 caeterorum
1357 1263 1604 1320 sanctissimorum
1638 1264 1890 1335 patriarcharum:

175 1355 393 1415 verendissimis
417 1353 590 1425 presbyteris
618 1359 646 1409 et
665 1353 812 1410 monachis
831 1359 917 1424 atque
941 1367 1005 1423 syn·
1058 1363 1182 1421 cumque
1197 1350 1358 1423 legerentur
1377 1350 1445 1424 haec,
1465 1350 1537 1408 lacta
1550 1358 1593 1408 est
1607 1352 1690 1409 turba
1704 1353 1845 1427 militum,
1865 1362 1893 1412 et

176 1447 259 1505 cellis
283 1445 510 1517 patriarcharum
536 1443 642 1498 ibidem
667 1436 862 1515 existentium,
886 1447 914 1498 et
932 1441 1004 1511 ipsis
1058 1444 1124 1494 ante
1137 1439 1241 1509 januas
1260 1441 1412 1497 venerandi
1429 1441 1528 1511 templi
1549 1441 1724 1497 simultatem
1741 1448 1768 1499 et
1788 1443 1894 1500 clamo·

176 1536 239 1608 pari
257 1535 340 1591 modo
361 1530 555 1590 deterentibus
577 1538 748 1603 praenotatas
767 1531 889 1595 litteras,
905 1544 1006 1602 praece
1058 1541 1116 1584 rem
1133 1527 1284 1603 iaciebant,
1304 1532 1402 1602 quiex
1418 1531 1611 1588 submissione
1629 1522 1820 1603 quorumdam
1832 1535 1893 1605 epi-

177 1630 281 1697 perunt
302 1623 508 1679 instauratores
524 1616 745 1694 [moderatores]
772 1619 887 1690 imperii
908 1632 1006 1674 conve
1057 1630 1218 1688 scoparum,
1239 1620 1288 1690 qui
1304 1620 1333 1675 tn
1353 1620 1460 1692 synodo
1485 1621 1559 1677 male
1581 1621 1751 1693 sentiebant,
1777 1624 1811 1678 ad
1837 1623 1892 1679 hoc

177 1713 240 1771 nire
254 1713 412 1783 episcopos.
428 1709 483 1778 Qui
501 1724 566 1766 oum
589 1709 783 1779 pervenissent
802 1709 832 1764 iu
859 1720 1007 1765 conserva·
1055 1707 1139 1779 moti,
1154 1708 1257 1777 reperti
1281 1716 1349 1765 sunt
1365 1723 1436 1765 esse.
1453 1709 1566 1778 Quibus
1579 1710 1711 1780 peractis,
1733 1709 1889 1781 imperium

176 1809 233 1860 tam
246 1817 263 1859 a
276 1805 332 1858 lieo
345 1806 373 1857 ct
393 1800 499 1872 regiam
519 1799 628 1871 urbem,
650 1798 725 1868 apud
746 1796 896 1853 Thraciam
912 1810 1005 1852 moras
1059 1795 1415 1866 percubiculariamomai
1430 1799 1537 1869 synodo
1547 1799 1637 1868 jussit
1648 1799 1758 1855 dicere:
1770 1801 1891 1855 Interim

176 1891 318 1948 faciebant
346 1888 538 1959 potentissimi
561 1887 716 1957 principes.
742 1886 843 1942 Plures
863 1891 956 1942 autem
973 1899 1007 1939 ex
1057 1885 1211 1958 abscedite,
1233 1894 1265 1943 ut
1291 1887 1389 1957 populi
1416 1886 1611 1943 inordinatum
1637 1888 1774 1958 impetum
1793 1890 1894 1945 crada-

177 1981 251 2051 ipsis
271 1975 443 2054 [episcopis]
460 1979 489 2033 in
505 1977 605 2032 haresi
618 1976 799 2032 Christianos
809 1974 1007 2032 accusantium
1059 1988 1140 2046 mus,
1157 1981 1184 2030 et
1197 1974 1314 2046 posthac
1334 1975 1468 2031 voluntas
1489 1976 1602 2031 Domini
1626 1976 1689 2032 liet:
1704 1977 1801 2034 taliter
1814 1978 1891 2048 quod

176 2068 297 2125 volutati
338 2065 546 2124 cariturbabant
576 2078 631 2121 una
658 2080 722 2121 cum
750 2064 922 2135 quibusdam
951 2077 1006 2118 noa
1059 2063 1268 2120 antistitibuse
1288 2064 1393 2135 templo
1409 2064 1634 2136 egredientibus,
1652 2065 1770 2135 quidam
1791 2079 1892 2123 eorum

176 2171 267 2230 pauco
283 2170 401 2213 numero
417 2155 509 2226 laicis,
526 2168 581 2211 non
604 2154 812 2210 admittendum
828 2153 862 2208 ad
887 2151 1009 2208 efficien·
1060 2153 1173 2209 veritati
1199 2153 1363 2209 resistentes
1392 2166 1457 2208 cum
1482 2152 1566 2209 turba
1588 2154 1842 2228 concinnaverant,
1864 2162 1893 2212 et

175 2246 240 2303 dam
253 2246 404 2317 synodum,
421 2245 468 2301 sed
485 2243 718 2299 consentiendum
732 2241 905 2312 depositioni
922 2244 951 2296 et
966 2239 1008 2294 in·
1060 2240 1149 2312 impie
1163 2241 1399 2298 declamationem
1414 2239 1557 2297 faciebant
1573 2242 1784 2316 pseudosyllogi
1796 2241 1823 2315 (¹
1838 2245 1892 2301 Sed

173 2333 260 2404 iuriae
288 2332 495 2389 venerabilium
523 2331 702 2403 imaginum,
725 2336 753 2386 et
783 2328 921 2385 sactiones
949 2340 1005 2383 non
1059 2331 1205 2385 cotbolicas
1225 2333 1341 2400 scriptor
1367 2332 1550 2385 bucolicorum
1576 2332 1796 2397 conciliabulum,
1817 2334 1892 2404 quod

176 2435 291 2493 paucas,
308 2428 336 2478 et
358 2421 573 2477 susurrationes
587 2423 685 2474 contra
712 2417 905 2488 patriarcham
931 2430 1045 2504 com-B
1059 2422 1122 2472 anto
1141 2419 1210 2473 bone
1239 2420 1374 2488 synodum
1399 2423 1504 2488 fuctum
1525 2424 1574 2483 cst,
1595 2421 1720 2490 quodque
1748 2425 1891 2492 septimum

176 2511 334 2580 movebant,
360 2510 451 2566 itaut
474 2508 672 2564 conventicula
700 2505 833 2563 lacerent.
854 2507 918 2561 llam
936 2518 1004 2578 erpo
1059 2508 1193 2576 synodum
1213 2509 1400 2578 appellebant,
1418 2509 1669 2578 pseudosyllopum,
1691 2510 1796 2578 salsum
1816 2513 1885 2567 colle

175 2599 399 2656 consiliantibus
412 2598 482 2668 illis,
497 2611 580 2653 aures
591 2610 646 2652 non
661 2595 747 2652 latuit
760 2595 940 2666 patriarcha,
955 2595 1003 2650 sed
1058 2597 1133 2663 ptum
1146 2596 1311 2668 nuncupat),
1326 2603 1357 2653 ut
1371 2596 1520 2667 septimam
1540 2597 1612 2653 hane
1627 2599 1767 2668 synodum
1782 2600 1893 2656 collau-

174 2687 269 2742 adhuc
283 2684 476 2742 conciliabula
489 2698 540 2740 sua
557 2681 923 2753 iacientibus,direxiteis,
935 2681 1004 2752 quia
1058 2682 1158 2740 dantes
1183 2691 1268 2755 atquc
1289 2685 1476 2741 nominantes.
1500 2686 1570 2741 Cum
1592 2700 1659 2759 ergo
1685 2686 1784 2744 taliter
1809 2689 1894 2744 mali·

174 2774 438 2844 constantinopolis
456 2773 621 2844 episcopum
641 2772 733 2842 habet,
760 2777 787 2828 ct
811 2776 912 2841 practer
933 2770 1006 2826 noti·
1059 2786 1145 2844 gnum
1166 2773 1321 2829 concilium
1337 2774 1488 2830 clamorem
1511 2769 1665 2848 omisisset,
1680 2783 1708 2833 et
1727 2777 1796 2833 hora
1816 2786 1892 2836 esset

176 2864 246 2920 tiam
268 2863 331 2933 ejus
356 2868 474 2919 nonest
495 2861 576 2918 vobis
599 2861 716 2917 licentia
740 2859 938 2916 ‹ronventicula
968 2857 1006 2913 la·
1060 2861 1141 2930 quasi
1159 2867 1247 2932 sexta,
1261 2863 1377 2919 domum
1395 2863 1454 2932 jam
1474 2864 1632 2920 esurientes
1653 2863 1782 2938 abibant,
1806 2873 1835 2923 et
1851 2868 1890 2925 ita

175 2951 281 3008 ciendi.
297 2953 366 3007 Nam
383 2951 538 3007 meandum
555 2962 677 3005 canones
692 2947 866 3019 depositioni
888 2945 1006 3017 subjici·
1059 2950 1212 3006 commotio
1235 2951 1387 3007 seditionis
1411 2953 1504 3023 sopita
1524 2959 1576 3008 ost.
1601 2954 1680 3009 Tunc
1703 2953 1892 3025 imperatores

176 3039 259 3095 mini.
276 3040 337 3109 Quo
366 3039 466 3095 audito
489 3037 616 3108 episcopi
638 3043 819 3093 retraxerunt
845 3051 875 3091 se
903 3035 1005 3091 timore
1057 3036 1206 3105 jusserunt
1219 3039 1428 3111 militesexire,
1446 3041 1528 3111 quasi
1549 3041 1603 3097 sub
1619 3048 1757 3112 praetextu
1771 3043 1889 3115 quidem

176 3130 298 3201 quodam
323 3128 441 3185 obsessi.
460 3127 637 3183 latrantibus
653 3127 750 3197 itaque
770 3123 1002 3196 imperatoribus,
1060 3124 1176 3183 hostilis
1188 3128 1380 3199 acici,dantes
1393 3128 1505 3202 lamam,
1519 3131 1594 3201 quod
1609 3145 1678 3202 gens
1689 3131 1887 3204 algarenorum

175 3224 203 3275 et
218 3217 316 3290 populi
330 3217 492 3284 ordinibus,
507 3215 660 3272 scholariis
674 3214 818 3284 videlicet,
832 3212 1004 3269 excubitori·
1059 3212 1204 3271 hostiliter
1227 3214 1329 3274 luisset
1347 3232 1468 3291 egressa.
1487 3221 1517 3274 ln
1535 3219 1653 3276 veritate
1671 3225 1766 3277 autem
1779 3235 1830 3278 eos
1852 3221 1891 3279 fo-

174 3305 240 3379 hus,
253 3306 401 3363 etcaeteris
414 3305 530 3362 militiis
540 3318 603 3376 quae
617 3303 780 3361 militabant
791 3303 821 3359 in
833 3303 911 3376 regia
923 3301 1001 3372 urbe,
1058 3316 1104 3359 ras
1120 3305 1263 3374 pellebant
1277 3307 1311 3363 de
1331 3308 1408 3380 regia
1427 3308 1552 3364 civitate.
1569 3309 1642 3381 Ergo
1665 3323 1730 3365 cum
1754 3309 1890 3368 iecissent

174 3396 312 3453 delinitur
326 3395 387 3451 tlerl
403 3395 530 3466 synodus
554 3394 584 3449 in
599 3393 756 3450 venerabili
774 3392 880 3463 templo
895 3397 1004 3448 sancto
1057 3392 1107 3449 isti
1124 3394 1312 3466 viamusque
1333 3397 1367 3452 ad
1392 3396 1577 3469 ltlalagenam,
1602 3412 1652 3468 per
1670 3399 1832 3469 jussionem
1848 3415 1891 3457 eo

175 3499 239 3542 rum
250 3491 277 3540 et
288 3483 479 3540 laudabilium
492 3483 696 3553 apostolorum.
708 3482 799 3554 Igitur
810 3481 904 3551 pridie
917 3493 1002 3551 quam
1057 3496 1121 3537 rum
1148 3496 1245 3539 omnes
1264 3484 1442 3555 expellebant
1464 3486 1571 3556 pariter
1598 3494 1625 3542 et
1650 3488 1888 3559 aspernabantur,

175 3579 268 3631 status
281 3573 344 3628 dies
361 3572 532 3640 ailrenisset,
549 3584 598 3641 per
613 3570 761 3626 meridiem
776 3568 909 3625 commoti
935 3575 1003 3624 sunt
1057 3582 1092 3624 ne
1113 3568 1213 3626 horum
1235 3586 1304 3628 cura
1319 3573 1398 3629 tieret
1413 3568 1454 3647 [et
1478 3574 1672 3648 dimittebant,
1699 3577 1775 3648 quod
1790 3591 1888 3634 eorum

175 3663 284 3719 milites
301 3660 397 3718 lurore
413 3659 561 3729 terrentes,
581 3658 780 3729 insaniamque
800 3657 960 3728 spirantes3
975 3662 1002 3714 et
1057 3671 1141 3727 opera
1156 3657 1424 3736 noaindigerentJ,
1449 3662 1584 3731 jubentes
1609 3663 1740 3737 singulos
1756 3665 1838 3722 abire
1860 3667 1889 3721 in

175 3752 320 3807 venientes
344 3750 378 3805 ad
406 3748 525 3804 luterem
555 3753 658 3803 sancta
685 3746 833 3802 catholica
856 3747 1000 3818 Ecclesia,
1057 3747 1179 3816 patriam
1197 3760 1288 3807 suam.
1303 3750 1416 3821 Quibus
1432 3751 1470 3807 ita
1488 3753 1620 3825 peractis,
1642 3755 1748 3811 mansit
1764 3755 1889 3812 Ecclesia

175 3839 255 3895 allud
273 3845 357 3908 atque
381 3837 460 3892 aliud
481 3835 649 3892 clamabant.
673 3836 725 3892 Sed
750 3850 803 3892 ror
826 3836 954 3893 omnium
971 3809 1038 3892 inC
1056 3847 1130 3891 anno
1153 3852 1211 3893 urio
1235 3839 1341 3910 quieta,
1366 3841 1563 3897 tantummodo
1587 3843 1750 3912 patriarcha
1771 3846 1888 3902 verbum

176 3942 265 3985 unum
290 3927 507 3996 terminabatur,
524 3926 592 3997 qula
616 3925 749 3982 videlicet
768 3941 824 3983 uon
854 3934 928 3983 esset
943 3941 1003 3996 per·
1056 3924 1186 3982 veritatis
1208 3927 1343 3983 omnibus
1367 3928 1547 3997 praedicante.
1576 3931 1610 3986 Et
1624 3945 1688 3987 mox
1704 3946 1780 3989 anno
1800 3940 1891 3991 trans·

176 4017 296 4073 missum
308 4015 368 4071 lieri
380 4016 528 4086 synodum.
541 4016 799 4086 Porropatriarcha
814 4016 901 4072 relata
914 4030 1000 4072 causa
1056 4023 1128 4089 acto,
1147 4017 1242 4073 donno
1258 4016 1461 4088 praecipiebant
1484 4018 1612 4088 piissimi
1637 4019 1834 4096 imperatores,
1858 4033 1889 4081 ut

175 4105 406 4178 imperatoribus,
428 4119 606 4177 nequaquam
630 4105 794 4176 prohibitus
816 4112 868 4175 cst,
891 4106 1001 4176 quomi-
1056 4110 1135 4165 tieret
1148 4107 1273 4179 synodus
1290 4106 1321 4160 in
1339 4106 1521 4162 Nlcaenorum
1546 4109 1714 4180 metropoli:
1732 4118 1760 4167 et
1784 4127 1889 4183 praeco-

175 4210 232 4252 nus
244 4196 323 4251 tieret
336 4196 533 4265 episcoporum
549 4201 704 4251 conventus
721 4196 749 4250 in
767 4196 902 4264 predicto
923 4208 1002 4250 rene
1057 4205 1137 4270 ptum
1150 4197 1315 4254 deveniebat
1337 4195 1366 4251 iu
1383 4196 1478 4269 linem,
1504 4197 1649 4268 episcopis
1665 4200 1748 4271 quasi
1772 4216 1889 4276 congro

177 4284 262 4343 rabili
278 4286 383 4355 templo
398 4281 460 4359 [Gr.
472 4285 551 4346 odd„
567 4285 617 4340 aed
634 4284 773 4354 postridie
784 4282 857 4339 lacta
881 4289 924 4339 est
938 4298 1002 4340 con·
1057 4288 1131 4361 gatis
1147 4284 1305 4361 [episcopis
1320 4303 1342 4342 s.
1359 4283 1460 4361 cona]
1485 4286 1514 4342 in
1528 4301 1629 4357 unum,
1646 4289 1823 4348 similitcret
1844 4307 1889 4364 pa-

177 4375 304 4448 progatio
314 4375 512 4445 episcoporum
524 4373 553 4429 in
564 4370 660 4448 ipset,
675 4372 815 4442 lactisque
828 4373 1001 4443 quibusdam
1057 4376 1182 4432 triarcha
1192 4390 1257 4431 curn
1271 4375 1389 4431 vicariis
1403 4374 1531 4431 Orientis
1545 4381 1573 4431 ct
1587 4375 1752 4436 Occidentis
1767 4381 1802 4437 ad
1816 4395 1888 4437 cam-

88 4458 91 4463 '
177 4463 403 4521 allocutionibus
425 4470 510 4520 tama
526 4462 708 4519 sanctissimo
728 4461 899 4532 patriarcha,
916 4475 1001 4531 quam
1055 4466 1119 4522 dem
1135 4465 1262 4535 persenit
1280 4465 1395 4521 urbem:
1410 4468 1437 4520 et
1461 4462 1534 4521 lacta
1557 4474 1599 4522 est
1618 4468 1745 4538 synodus
1757 4469 1888 4541 benepla-

177 4566 194 4609 a
211 4554 268 4609 Deo
283 4552 457 4610 amabilibus
479 4550 671 4623 antistitibus,
687 4557 715 4607 et
729 4550 811 4607 lectis
830 4550 1002 4622 quibusdam
1057 4554 1115 4612 cito
1124 4554 1173 4610 Dei
1185 4555 1340 4611 secundum
1356 4553 1483 4610 actiones
1498 4569 1561 4625 qua
1579 4554 1776 4625 proteruntur.

213 4676 487 4735 ¹Verbahnastasii.
