<?xml version="1.0" encoding="UTF-8"?>
<!DOCTYPE html PUBLIC "-//W3C//DTD XHTML 1.0 Transitional//EN"
    "http://www.w3.org/TR/xhtml1/DTD/xhtml1-transitional.dtd">
<html xmlns="http://www.w3.org/1999/xhtml" xml:lang="en" lang="en">
 <head>
  <title>
</title>
<meta http-equiv="Content-Type" content="text/html;charset=utf-8" />
  <meta name='ocr-system' content='tesseract 3.04.00' />
  <meta name='ocr-capabilities' content='ocr_page ocr_carea ocr_par ocr_line ocrx_word'/>
</head>
<body>
  <div class='ocr_page' id='page_1' title='image "./patrologiaecurs06migngoog_0223.png"; bbox 0 0 3876 6090; ppageno 0'>
   <div class='ocr_carea' id='block_1_1' title="bbox 111 209 1822 272">
    <p class='ocr_par' dir='ltr' id='par_1_1' title="bbox 111 209 1822 272">
     <span class='ocr_line' id='line_1_1' title="bbox 111 209 1822 272; baseline 0.001 -4"><span class='ocrx_word' id='word_1_1' title='bbox 111 209 165 269; x_wconf 73' lang='lat' dir='ltr'>tib</span> <span class='ocrx_word' id='word_1_2' title='bbox 725 209 904 270; x_wconf 76' lang='lat' dir='ltr'><strong>ANASTASII</strong></span> <span class='ocrx_word' id='word_1_3' title='bbox 926 210 1197 272; x_wconf 74' lang='lat' dir='ltr'>utattottttacautt</span> <span class='ocrx_word' id='word_1_4' title='bbox 1770 210 1822 270; x_wconf 75' lang='lat' dir='ltr'>tid</span> 
     </span>
    </p>
   </div>
   <div class='ocr_carea' id='block_1_2' title="bbox 112 335 1828 1418">
    <p class='ocr_par' dir='ltr' id='par_1_2' title="bbox 112 335 1828 1313">
     <span class='ocr_line' id='line_1_2' title="bbox 112 335 1823 414; baseline -0.002 -21"><span class='ocrx_word' id='word_1_5' title='bbox 112 337 191 394; x_wconf 91' lang='lat' dir='ltr'>tione</span> <span class='ocrx_word' id='word_1_6' title='bbox 204 336 405 408; x_wconf 77' lang='lat' dir='ltr'>Apostolorum</span> <span class='ocrx_word' id='word_1_7' title='bbox 424 343 452 394; x_wconf 92' lang='lat' dir='ltr'>et</span> <span class='ocrx_word' id='word_1_8' title='bbox 463 339 577 395; x_wconf 91' lang='lat' dir='ltr'>Patrum</span> <span class='ocrx_word' id='word_1_9' title='bbox 589 339 684 396; x_wconf 87' lang='lat' dir='ltr'>tenuit</span> <span class='ocrx_word' id='word_1_10' title='bbox 697 345 726 396; x_wconf 93' lang='grc' dir='ltr'>ει</span> <span class='ocrx_word' id='word_1_11' title='bbox 740 338 937 405; x_wconf 74' lang='lat' dir='ltr'>contessaest3</span> <span class='ocrx_word' id='word_1_12' title='bbox 952 339 982 400; x_wconf 90' lang='lat' dir='ltr'>A</span> <span class='ocrx_word' id='word_1_13' title='bbox 995 344 1104 398; x_wconf 90' lang='lat' dir='ltr'>tensam</span> <span class='ocrx_word' id='word_1_14' title='bbox 1134 341 1269 400; x_wconf 89' lang='lat' dir='ltr'>babentes</span> <span class='ocrx_word' id='word_1_15' title='bbox 1296 342 1481 414; x_wconf 78' lang='lat' dir='ltr'>impietatem,</span> <span class='ocrx_word' id='word_1_16' title='bbox 1498 353 1553 396; x_wconf 92' lang='lat' dir='ltr'>non</span> <span class='ocrx_word' id='word_1_17' title='bbox 1583 337 1677 395; x_wconf 92' lang='lat' dir='ltr'>solum</span> <span class='ocrx_word' id='word_1_18' title='bbox 1693 335 1823 408; x_wconf 82' lang='lat' dir='ltr'><strong>linguam</strong></span> 
     </span>
     <span class='ocr_line' id='line_1_3' title="bbox 113 421 1825 504; baseline -0.001 -20"><span class='ocrx_word' id='word_1_19' title='bbox 113 432 141 484; x_wconf 87' lang='lat' dir='ltr'>et</span> <span class='ocrx_word' id='word_1_20' title='bbox 154 441 211 483; x_wconf 93' lang='lat' dir='ltr'>non</span> <span class='ocrx_word' id='word_1_21' title='bbox 222 427 376 486; x_wconf 76' lang='lat' dir='ltr'>novitatem</span> <span class='ocrx_word' id='word_1_22' title='bbox 391 432 419 484; x_wconf 91' lang='lat' dir='ltr'>ct</span> <span class='ocrx_word' id='word_1_23' title='bbox 430 427 664 499; x_wconf 81' lang='lat' dir='ltr'>interceptionem</span> <span class='ocrx_word' id='word_1_24' title='bbox 685 428 776 486; x_wconf 89' lang='lat' dir='ltr'>lacere</span> <span class='ocrx_word' id='word_1_25' title='bbox 791 434 941 487; x_wconf 89' lang='lat' dir='ltr'>consuetu·</span> <span class='ocrx_word' id='word_1_26' title='bbox 994 438 1105 488; x_wconf 89' lang='lat' dir='ltr'>acutam</span> <span class='ocrx_word' id='word_1_27' title='bbox 1134 431 1297 490; x_wconf 88' lang='lat' dir='ltr'>babuerunt</span> <span class='ocrx_word' id='word_1_28' title='bbox 1312 434 1346 490; x_wconf 88' lang='lat' dir='ltr'>ad</span> <span class='ocrx_word' id='word_1_29' title='bbox 1363 430 1514 504; x_wconf 84' lang='lat' dir='ltr'>quamdam</span> <span class='ocrx_word' id='word_1_30' title='bbox 1531 427 1659 485; x_wconf 90' lang='lat' dir='ltr'>iraudem</span> <span class='ocrx_word' id='word_1_31' title='bbox 1679 421 1732 500; x_wconf 86' lang='lat' dir='ltr'>[ad</span> <span class='ocrx_word' id='word_1_32' title='bbox 1757 439 1825 496; x_wconf 88' lang='lat' dir='ltr'>pec-</span> 
     </span>
     <span class='ocr_line' id='line_1_4' title="bbox 112 515 1823 595; baseline -0.002 -22"><span class='ocrx_word' id='word_1_33' title='bbox 112 515 278 587; x_wconf 68' lang='lat' dir='ltr'>diuisque</span> <span class='ocrx_word' id='word_1_34' title='bbox 294 516 379 586; x_wconf 88' lang='lat' dir='ltr'>picin</span> <span class='ocrx_word' id='word_1_35' title='bbox 393 516 656 574; x_wconf 90' lang='lat' dir='ltr'>nobisretentaest.</span> <span class='ocrx_word' id='word_1_36' title='bbox 671 517 939 588; x_wconf 83' lang='lat' dir='ltr'>Quaeenimtradita</span> <span class='ocrx_word' id='word_1_37' title='bbox 994 522 1117 578; x_wconf 91' lang='lat' dir='ltr'>candum</span> <span class='ocrx_word' id='word_1_38' title='bbox 1147 522 1317 595; x_wconf 82' lang='lat' dir='ltr'>loquendo],</span> <span class='ocrx_word' id='word_1_39' title='bbox 1343 523 1391 579; x_wconf 90' lang='lat' dir='ltr'>sed</span> <span class='ocrx_word' id='word_1_40' title='bbox 1418 528 1446 578; x_wconf 89' lang='lat' dir='ltr'>et</span> <span class='ocrx_word' id='word_1_41' title='bbox 1470 533 1584 576; x_wconf 90' lang='lat' dir='ltr'>manum</span> <span class='ocrx_word' id='word_1_42' title='bbox 1615 516 1823 586; x_wconf 81' lang='lat' dir='ltr'>imperantium</span> 
     </span>
     <span class='ocr_line' id='line_1_5' title="bbox 114 605 1827 683; baseline -0.004 -19"><span class='ocrx_word' id='word_1_43' title='bbox 114 611 183 664; x_wconf 89' lang='lat' dir='ltr'>sunt</span> <span class='ocrx_word' id='word_1_44' title='bbox 198 606 228 662; x_wconf 95' lang='lat' dir='ltr'>in</span> <span class='ocrx_word' id='word_1_45' title='bbox 239 607 381 662; x_wconf 87' lang='lat' dir='ltr'>catholica</span> <span class='ocrx_word' id='word_1_46' title='bbox 394 606 520 664; x_wconf 82' lang='lat' dir='ltr'>Ecclesia</span> <span class='ocrx_word' id='word_1_47' title='bbox 532 613 828 680; x_wconf 81' lang='lat' dir='ltr'>neqneaugmentum,</span> <span class='ocrx_word' id='word_1_48' title='bbox 849 619 941 678; x_wconf 83' lang='lat' dir='ltr'>neque</span> <span class='ocrx_word' id='word_1_49' title='bbox 995 610 1166 667; x_wconf 91' lang='lat' dir='ltr'>calumniari</span> <span class='ocrx_word' id='word_1_50' title='bbox 1182 617 1210 669; x_wconf 95' lang='lat' dir='ltr'>et</span> <span class='ocrx_word' id='word_1_51' title='bbox 1223 617 1370 683; x_wconf 90' lang='lat' dir='ltr'>percutere</span> <span class='ocrx_word' id='word_1_52' title='bbox 1388 611 1557 679; x_wconf 85' lang='lat' dir='ltr'>docuerunt,</span> <span class='ocrx_word' id='word_1_53' title='bbox 1577 607 1724 664; x_wconf 90' lang='lat' dir='ltr'>dicentes:</span> <span class='ocrx_word' id='word_1_54' title='bbox 1740 605 1827 674; x_wconf 79' lang='lat' dir='ltr'>lmpe</span> 
     </span>
     <span class='ocr_line' id='line_1_6' title="bbox 114 694 1824 775; baseline -0.002 -21"><span class='ocrx_word' id='word_1_55' title='bbox 114 697 318 754; x_wconf 89' lang='lat' dir='ltr'>detrimentum</span> <span class='ocrx_word' id='word_1_56' title='bbox 333 697 500 754; x_wconf 90' lang='lat' dir='ltr'>admittunt.</span> <span class='ocrx_word' id='word_1_57' title='bbox 525 698 648 754; x_wconf 79' lang='lat' dir='ltr'>blasima</span> <span class='ocrx_word' id='word_1_58' title='bbox 662 698 739 754; x_wconf 88' lang='lat' dir='ltr'>enim</span> <span class='ocrx_word' id='word_1_59' title='bbox 754 703 941 769; x_wconf 89' lang='lat' dir='ltr'>apponentem</span> <span class='ocrx_word' id='word_1_60' title='bbox 997 701 1114 758; x_wconf 90' lang='lat' dir='ltr'>rialium</span> <span class='ocrx_word' id='word_1_61' title='bbox 1130 702 1223 775; x_wconf 82' lang='lat' dir='ltr'>legum</span> <span class='ocrx_word' id='word_1_62' title='bbox 1239 702 1381 759; x_wconf 83' lang='lat' dir='ltr'>obnoxius</span> <span class='ocrx_word' id='word_1_63' title='bbox 1394 701 1533 757; x_wconf 89' lang='lat' dir='ltr'>habeatur</span> <span class='ocrx_word' id='word_1_64' title='bbox 1547 698 1603 770; x_wconf 83' lang='lat' dir='ltr'>qui</span> <span class='ocrx_word' id='word_1_65' title='bbox 1620 709 1676 752; x_wconf 92' lang='lat' dir='ltr'>non</span> <span class='ocrx_word' id='word_1_66' title='bbox 1695 694 1758 751; x_wconf 89' lang='lat' dir='ltr'>illis</span> <span class='ocrx_word' id='word_1_67' title='bbox 1771 708 1824 765; x_wconf 91' lang='lat' dir='ltr'>pa-</span> 
     </span>
     <span class='ocr_line' id='line_1_7' title="bbox 115 785 1827 864; baseline -0.002 -21"><span class='ocrx_word' id='word_1_68' title='bbox 115 791 143 843; x_wconf 92' lang='lat' dir='ltr'>ct</span> <span class='ocrx_word' id='word_1_69' title='bbox 165 786 336 844; x_wconf 80' lang='lat' dir='ltr'>adimentem</span> <span class='ocrx_word' id='word_1_70' title='bbox 358 787 449 843; x_wconf 87' lang='lat' dir='ltr'>vincit</span> <span class='ocrx_word' id='word_1_71' title='bbox 466 801 562 857; x_wconf 82' lang='lat' dir='ltr'>paoena:</span> <span class='ocrx_word' id='word_1_72' title='bbox 592 788 755 844; x_wconf 76' lang='lat' dir='ltr'>Maledictus</span> <span class='ocrx_word' id='word_1_73' title='bbox 781 787 868 860; x_wconf 90' lang='lat' dir='ltr'>enim,</span> <span class='ocrx_word' id='word_1_74' title='bbox 889 787 940 860; x_wconf 91' lang='lat' dir='ltr'>ait,</span> <span class='ocrx_word' id='word_1_75' title='bbox 996 793 1098 848; x_wconf 91' lang='lat' dir='ltr'>ruerit.</span> <span class='ocrx_word' id='word_1_76' title='bbox 1125 793 1167 847; x_wconf 82' lang='lat' dir='ltr'>En</span> <span class='ocrx_word' id='word_1_77' title='bbox 1190 792 1242 848; x_wconf 91' lang='lat' dir='ltr'>hac</span> <span class='ocrx_word' id='word_1_78' title='bbox 1266 792 1357 864; x_wconf 85' lang='lat' dir='ltr'>igitur</span> <span class='ocrx_word' id='word_1_79' title='bbox 1383 805 1449 849; x_wconf 92' lang='lat' dir='ltr'>voce</span> <span class='ocrx_word' id='word_1_80' title='bbox 1476 790 1566 847; x_wconf 84' lang='lat' dir='ltr'>marlia</span> <span class='ocrx_word' id='word_1_81' title='bbox 1588 793 1616 844; x_wconf 89' lang='lat' dir='ltr'>et</span> <span class='ocrx_word' id='word_1_82' title='bbox 1638 785 1753 841; x_wconf 89' lang='lat' dir='ltr'>diversa</span> <span class='ocrx_word' id='word_1_83' title='bbox 1780 799 1827 854; x_wconf 88' lang='lat' dir='ltr'>per</span> 
     </span>
     <span class='ocr_line' id='line_1_8' title="bbox 115 874 1827 948; baseline -0.001 -18"><span class='ocrx_word' id='word_1_84' title='bbox 115 875 811 948; x_wconf 80' lang='lat' dir='ltr'>quitruussertterminospatrumsuorum(Decii.</span> <span class='ocrx_word' id='word_1_85' title='bbox 829 876 939 948; x_wconf 80' lang='lat' dir='ltr'>vxvtt).</span> <span class='ocrx_word' id='word_1_86' title='bbox 997 881 1092 938; x_wconf 82' lang='lat' dir='ltr'>orbem</span> <span class='ocrx_word' id='word_1_87' title='bbox 1119 880 1330 938; x_wconf 82' lang='lat' dir='ltr'>fundebantur:</span> <span class='ocrx_word' id='word_1_88' title='bbox 1358 880 1516 937; x_wconf 85' lang='lat' dir='ltr'>crudelitas</span> <span class='ocrx_word' id='word_1_89' title='bbox 1535 877 1743 944; x_wconf 82' lang='lat' dir='ltr'>indeficienter,</span> <span class='ocrx_word' id='word_1_90' title='bbox 1774 874 1827 929; x_wconf 87' lang='lat' dir='ltr'>buc</span> 
     </span>
     <span class='ocr_line' id='line_1_9' title="bbox 115 964 1828 1046; baseline 0.005 -24"><span class='ocrx_word' id='word_1_91' title='bbox 115 965 168 1022; x_wconf 90' lang='lat' dir='ltr'>Sed</span> <span class='ocrx_word' id='word_1_92' title='bbox 190 979 246 1022; x_wconf 92' lang='lat' dir='ltr'>non</span> <span class='ocrx_word' id='word_1_93' title='bbox 269 964 431 1021; x_wconf 90' lang='lat' dir='ltr'>babuerunt</span> <span class='ocrx_word' id='word_1_94' title='bbox 458 966 636 1036; x_wconf 90' lang='lat' dir='ltr'>propositum</span> <span class='ocrx_word' id='word_1_95' title='bbox 658 967 693 1022; x_wconf 91' lang='lat' dir='ltr'>ad</span> <span class='ocrx_word' id='word_1_96' title='bbox 717 965 941 1039; x_wconf 87' lang='lat' dir='ltr'>cognoscendam</span> <span class='ocrx_word' id='word_1_97' title='bbox 997 973 1198 1028; x_wconf 88' lang='lat' dir='ltr'>studinmerat</span> <span class='ocrx_word' id='word_1_98' title='bbox 1214 971 1459 1042; x_wconf 86' lang='lat' dir='ltr'>imperantibnsct</span> <span class='ocrx_word' id='word_1_99' title='bbox 1472 971 1655 1042; x_wconf 89' lang='lat' dir='ltr'>principibus</span> <span class='ocrx_word' id='word_1_100' title='bbox 1668 977 1732 1046; x_wconf 91' lang='lat' dir='ltr'>ejus</span> <span class='ocrx_word' id='word_1_101' title='bbox 1743 980 1828 1046; x_wconf 86' lang='lat' dir='ltr'>atque</span> 
     </span>
     <span class='ocr_line' id='line_1_10' title="bbox 116 1054 1828 1133; baseline 0 -16"><span class='ocrx_word' id='word_1_102' title='bbox 116 1055 274 1112; x_wconf 73' lang='lat' dir='ltr'>veritatem·</span> <span class='ocrx_word' id='word_1_103' title='bbox 300 1056 373 1127; x_wconf 74' lang='lat' dir='ltr'>Ergo</span> <span class='ocrx_word' id='word_1_104' title='bbox 387 1054 508 1111; x_wconf 71' lang='lat' dir='ltr'>addititii</span> <span class='ocrx_word' id='word_1_105' title='bbox 529 1056 613 1112; x_wconf 72' lang='lat' dir='ltr'>verba</span> <span class='ocrx_word' id='word_1_106' title='bbox 636 1055 686 1112; x_wconf 67' lang='lat' dir='ltr'>illi</span> <span class='ocrx_word' id='word_1_107' title='bbox 700 1055 870 1125; x_wconf 72' lang='lat' dir='ltr'>Siiiettiiae²</span> <span class='ocrx_word' id='word_1_108' title='bbox 891 1055 943 1121; x_wconf 70' lang='lat' dir='ltr'>Qui</span> <span class='ocrx_word' id='word_1_109' title='bbox 996 1061 1256 1131; x_wconf 88' lang='lat' dir='ltr'>alienisepiscopis</span> <span class='ocrx_word' id='word_1_110' title='bbox 1273 1056 1344 1133; x_wconf 85' lang='lat' dir='ltr'>[Gr.,</span> <span class='ocrx_word' id='word_1_111' title='bbox 1364 1059 1487 1129; x_wconf 91' lang='lat' dir='ltr'>princip.</span> <span class='ocrx_word' id='word_1_112' title='bbox 1513 1064 1540 1115; x_wconf 91' lang='lat' dir='ltr'>et</span> <span class='ocrx_word' id='word_1_113' title='bbox 1561 1060 1634 1132; x_wconf 91' lang='lat' dir='ltr'>ipsis</span> <span class='ocrx_word' id='word_1_114' title='bbox 1654 1064 1828 1120; x_wconf 86' lang='lat' dir='ltr'>adversariis</span> 
     </span>
     <span class='ocr_line' id='line_1_11' title="bbox 117 1145 1826 1224; baseline 0.005 -25"><span class='ocrx_word' id='word_1_115' title='bbox 117 1150 245 1216; x_wconf 87' lang='lat' dir='ltr'>operatur</span> <span class='ocrx_word' id='word_1_116' title='bbox 258 1145 396 1200; x_wconf 78' lang='lat' dir='ltr'>thesauros</span> <span class='ocrx_word' id='word_1_117' title='bbox 410 1146 504 1214; x_wconf 72' lang='lat' dir='ltr'>lingua</span> <span class='ocrx_word' id='word_1_118' title='bbox 516 1146 650 1210; x_wconf 73' lang='lat' dir='ltr'>meurluci</span> <span class='ocrx_word' id='word_1_119' title='bbox 667 1162 740 1201; x_wconf 79' lang='lat' dir='ltr'>auria</span> <span class='ocrx_word' id='word_1_120' title='bbox 757 1147 941 1217; x_wconf 69' lang='lat' dir='ltr'>prosequitur,</span> <span class='ocrx_word' id='word_1_121' title='bbox 997 1147 1155 1224; x_wconf 62' lang='lat' dir='ltr'>episcopii.</span> <span class='ocrx_word' id='word_1_122' title='bbox 1171 1151 1205 1205; x_wconf 92' lang='lat' dir='ltr'>Et</span> <span class='ocrx_word' id='word_1_123' title='bbox 1220 1165 1283 1220; x_wconf 84' lang='lat' dir='ltr'>quae</span> <span class='ocrx_word' id='word_1_124' title='bbox 1295 1150 1393 1222; x_wconf 83' lang='lat' dir='ltr'>lingua</span> <span class='ocrx_word' id='word_1_125' title='bbox 1415 1153 1507 1219; x_wconf 89' lang='lat' dir='ltr'>potest</span> <span class='ocrx_word' id='word_1_126' title='bbox 1529 1149 1588 1206; x_wconf 82' lang='lat' dir='ltr'>baec</span> <span class='ocrx_word' id='word_1_127' title='bbox 1609 1153 1730 1223; x_wconf 83' lang='lat' dir='ltr'>tragicis</span> <span class='ocrx_word' id='word_1_128' title='bbox 1747 1154 1826 1209; x_wconf 88' lang='lat' dir='ltr'>dcti-</span> 
     </span>
     <span class='ocr_line' id='line_1_12' title="bbox 118 1234 1828 1313; baseline 0.005 -22"><span class='ocrx_word' id='word_1_129' title='bbox 118 1237 241 1292; x_wconf 84' lang='lat' dir='ltr'>etaeuiet</span> <span class='ocrx_word' id='word_1_130' title='bbox 255 1235 423 1305; x_wconf 81' lang='lat' dir='ltr'>intepueram</span> <span class='ocrx_word' id='word_1_131' title='bbox 437 1234 630 1306; x_wconf 67' lang='lat' dir='ltr'>autoritatibus.</span> <span class='ocrx_word' id='word_1_132' title='bbox 650 1234 728 1310; x_wconf 79' lang='lat' dir='ltr'>aaa).</span> <span class='ocrx_word' id='word_1_133' title='bbox 998 1239 1054 1297; x_wconf 94' lang='lat' dir='ltr'>bus</span> <span class='ocrx_word' id='word_1_134' title='bbox 1065 1240 1221 1296; x_wconf 87' lang='lat' dir='ltr'>enarrare‘l</span> <span class='ocrx_word' id='word_1_135' title='bbox 1244 1240 1322 1296; x_wconf 90' lang='lat' dir='ltr'>Unde</span> <span class='ocrx_word' id='word_1_136' title='bbox 1342 1245 1447 1311; x_wconf 83' lang='lat' dir='ltr'>autem,</span> <span class='ocrx_word' id='word_1_137' title='bbox 1478 1240 1519 1296; x_wconf 91' lang='lat' dir='ltr'>vel</span> <span class='ocrx_word' id='word_1_138' title='bbox 1546 1241 1671 1311; x_wconf 84' lang='lat' dir='ltr'>qualiter</span> <span class='ocrx_word' id='word_1_139' title='bbox 1687 1242 1828 1313; x_wconf 87' lang='lat' dir='ltr'>incipiam</span> 
     </span>
    </p>

    <p class='ocr_par' dir='ltr' id='par_1_3' title="bbox 402 1328 1826 1418">
     <span class='ocr_line' id='line_1_13' title="bbox 402 1328 1826 1418; baseline 0.004 -35"><span class='ocrx_word' id='word_1_140' title='bbox 402 1361 517 1418; x_wconf 68' lang='lat' dir='ltr'><strong>TOMUS</strong></span> <span class='ocrx_word' id='word_1_141' title='bbox 535 1361 676 1417; x_wconf 39' lang='lat' dir='ltr'><strong>SEXTUS·</strong></span> <span class='ocrx_word' id='word_1_142' title='bbox 1000 1330 1507 1402; x_wconf 86' lang='lat' dir='ltr'>singularumrerumbincgestarum</span> <span class='ocrx_word' id='word_1_143' title='bbox 1519 1328 1623 1386; x_wconf 82' lang='lat' dir='ltr'>reterre</span> <span class='ocrx_word' id='word_1_144' title='bbox 1634 1331 1826 1403; x_wconf 82' lang='lat' dir='ltr'>turbationes,</span> 
     </span>
    </p>
   </div>
   <div class='ocr_carea' id='block_1_3' title="bbox 313 1469 748 1540">
    <p class='ocr_par' dir='ltr' id='par_1_4' title="bbox 313 1469 748 1540">
     <span class='ocr_line' id='line_1_14' title="bbox 313 1469 748 1540; baseline 0.005 -18"><span class='ocrx_word' id='word_1_145' title='bbox 313 1469 486 1540; x_wconf 79' lang='lat' dir='ltr'>Epiphanius</span> <span class='ocrx_word' id='word_1_146' title='bbox 510 1469 642 1524; x_wconf 84' lang='lat' dir='ltr'>dietcouats</span> <span class='ocrx_word' id='word_1_147' title='bbox 665 1470 748 1538; x_wconf 74' lang='lat' dir='ltr'>legit:</span> 
     </span>
    </p>
   </div>
   <div class='ocr_carea' id='block_1_4' title="bbox 119 1418 1832 1759">
    <p class='ocr_par' dir='ltr' id='par_1_5' title="bbox 193 1418 1830 1588">
     <span class='ocr_line' id='line_1_15' title="bbox 1000 1418 1830 1492; baseline 0.002 -17"><span class='ocrx_word' id='word_1_148' title='bbox 1000 1420 1129 1490; x_wconf 88' lang='lat' dir='ltr'>timores,</span> <span class='ocrx_word' id='word_1_149' title='bbox 1152 1420 1373 1490; x_wconf 82' lang='lat' dir='ltr'>persecutiones,</span> <span class='ocrx_word' id='word_1_150' title='bbox 1387 1419 1534 1475; x_wconf 85' lang='lat' dir='ltr'>custodias</span> <span class='ocrx_word' id='word_1_151' title='bbox 1549 1418 1756 1477; x_wconf 89' lang='lat' dir='ltr'>monachorum</span> <span class='ocrx_word' id='word_1_152' title='bbox 1783 1435 1830 1492; x_wconf 91' lang='lat' dir='ltr'>per</span> 
     </span>
     <span class='ocr_line' id='line_1_16' title="bbox 193 1508 1829 1588; baseline 0.001 -24"><span class='ocrx_word' id='word_1_153' title='bbox 193 1575 199 1588; x_wconf 90' lang='lat'>.</span> <span class='ocrx_word' id='word_1_154' title='bbox 296 1575 303 1587; x_wconf 20' lang='grc' dir='ltr'><em>ὑ</em></span> <span class='ocrx_word' id='word_1_155' title='bbox 622 1575 627 1588; x_wconf 35' lang='lat'>¹</span> <span class='ocrx_word' id='word_1_156' title='bbox 1001 1508 1142 1577; x_wconf 73' lang='lat' dir='ltr'>civitates,</span> <span class='ocrx_word' id='word_1_157' title='bbox 1166 1515 1251 1579; x_wconf 84' lang='lat' dir='ltr'>atque</span> <span class='ocrx_word' id='word_1_158' title='bbox 1266 1509 1387 1580; x_wconf 86' lang='lat' dir='ltr'>tlagello,</span> <span class='ocrx_word' id='word_1_159' title='bbox 1402 1508 1518 1564; x_wconf 88' lang='lat' dir='ltr'>vincula</span> <span class='ocrx_word' id='word_1_160' title='bbox 1543 1523 1642 1565; x_wconf 89' lang='lat' dir='ltr'>eorum</span> <span class='ocrx_word' id='word_1_161' title='bbox 1657 1523 1707 1579; x_wconf 89' lang='lat' dir='ltr'>per</span> <span class='ocrx_word' id='word_1_162' title='bbox 1721 1509 1829 1565; x_wconf 91' lang='lat' dir='ltr'>multos</span> 
     </span>
    </p>

    <p class='ocr_par' dir='ltr' id='par_1_6' title="bbox 119 1576 1832 1759">
     <span class='ocr_line' id='line_1_17' title="bbox 155 1576 1829 1677; baseline 0 -23"><span class='ocrx_word' id='word_1_163' title='bbox 155 1576 268 1677; x_wconf 52' lang='lat' dir='ltr'>minam</span> <span class='ocrx_word' id='word_1_164' title='bbox 296 1581 711 1677; x_wconf 43' lang='grc' dir='ltr'>ΨῘΠΘΜῨΜἘῩῦΠΠΨῦΙΕὸθΠῑ</span> <span class='ocrx_word' id='word_1_165' title='bbox 734 1589 839 1646; x_wconf 65' lang='lat' dir='ltr'>V⁰⁰⁸¹¹¹t</span> <span class='ocrx_word' id='word_1_166' title='bbox 861 1589 946 1646; x_wconf 61' lang='lat' dir='ltr'>(luam</span> <span class='ocrx_word' id='word_1_167' title='bbox 1002 1611 1102 1666; x_wconf 84' lang='lat' dir='ltr'>auitos,</span> <span class='ocrx_word' id='word_1_168' title='bbox 1129 1604 1244 1654; x_wconf 89' lang='lat' dir='ltr'>catcuas</span> <span class='ocrx_word' id='word_1_169' title='bbox 1267 1598 1510 1655; x_wconf 90' lang='lat' dir='ltr'>circumdatorum</span> <span class='ocrx_word' id='word_1_170' title='bbox 1537 1599 1649 1670; x_wconf 88' lang='lat' dir='ltr'>pedum,</span> <span class='ocrx_word' id='word_1_171' title='bbox 1680 1612 1829 1654; x_wconf 88' lang='lat' dir='ltr'>sacrorum</span> 
     </span>
     <span class='ocr_line' id='line_1_18' title="bbox 119 1665 1832 1759; baseline 0 -16"><span class='ocrx_word' id='word_1_172' title='bbox 119 1666 259 1722; x_wconf 75' lang='lat' dir='ltr'><strong>D⁰¹¹¹¹¹¹¹¹⁸</strong></span> <span class='ocrx_word' id='word_1_173' title='bbox 279 1665 356 1720; x_wconf 63' lang='lat'>‘¹¹¹¹‘</span> <span class='ocrx_word' id='word_1_174' title='bbox 380 1666 508 1735; x_wconf 77' lang='lat' dir='ltr'>Pr¹¹¹⁰¹P¹</span> <span class='ocrx_word' id='word_1_175' title='bbox 529 1666 725 1735; x_wconf 65' lang='lat' dir='ltr'>³i⁰⁸²⁰¹⁰i¹¹ffl</span> <span class='ocrx_word' id='word_1_176' title='bbox 740 1667 837 1721; x_wconf 57' lang='lat' dir='ltr'>P⁰1s⁰²</span> <span class='ocrx_word' id='word_1_177' title='bbox 858 1667 898 1719; x_wconf 63' lang='lat' dir='ltr'>Tu</span> <span class='ocrx_word' id='word_1_178' title='bbox 921 1679 947 1718; x_wconf 72' lang='lat'>‘³³</span> <span class='ocrx_word' id='word_1_179' title='bbox 963 1672 989 1733; x_wconf 80' lang='grc' dir='ltr'>Β</span> <span class='ocrx_word' id='word_1_180' title='bbox 1003 1701 1134 1744; x_wconf 87' lang='lat' dir='ltr'>vasorum</span> <span class='ocrx_word' id='word_1_181' title='bbox 1155 1687 1382 1758; x_wconf 83' lang='lat' dir='ltr'>demolitionem,</span> <span class='ocrx_word' id='word_1_182' title='bbox 1397 1688 1529 1745; x_wconf 88' lang='lat' dir='ltr'>codicum</span> <span class='ocrx_word' id='word_1_183' title='bbox 1544 1689 1698 1759; x_wconf 89' lang='lat' dir='ltr'>ustionem,</span> <span class='ocrx_word' id='word_1_184' title='bbox 1715 1694 1832 1744; x_wconf 89' lang='lat' dir='ltr'>sancta-</span> 
     </span>
    </p>
   </div>
   <div class='ocr_carea' id='block_1_5' title="bbox 120 1754 1834 1938">
    <p class='ocr_par' dir='ltr' id='par_1_7' title="bbox 120 1754 1834 1938">
     <span class='ocr_line' id='line_1_19' title="bbox 121 1754 1833 1849; baseline -0.002 -39"><span class='ocrx_word' id='word_1_185' title='bbox 121 1755 228 1818; x_wconf 87' lang='lat' dir='ltr'>Petrus,</span> <span class='ocrx_word' id='word_1_186' title='bbox 253 1758 278 1808; x_wconf 90' lang='lat' dir='ltr'>et</span> <span class='ocrx_word' id='word_1_187' title='bbox 307 1769 389 1824; x_wconf 86' lang='lat' dir='ltr'>super</span> <span class='ocrx_word' id='word_1_188' title='bbox 415 1754 485 1808; x_wconf 85' lang='lat' dir='ltr'>huuc</span> <span class='ocrx_word' id='word_1_189' title='bbox 509 1759 617 1825; x_wconf 83' lang='lat' dir='ltr'>petrum</span> <span class='ocrx_word' id='word_1_190' title='bbox 640 1755 777 1825; x_wconf 76' lang='lat' dir='ltr'>atliheubo</span> <span class='ocrx_word' id='word_1_191' title='bbox 800 1754 949 1808; x_wconf 84' lang='lat' dir='ltr'>Ecclesium</span> <span class='ocrx_word' id='word_1_192' title='bbox 1004 1793 1067 1835; x_wconf 65' lang='lat' dir='ltr'>,um</span> <span class='ocrx_word' id='word_1_193' title='bbox 1098 1778 1267 1848; x_wconf 58' lang='lat' dir='ltr'><strong>mmmmm</strong></span> <span class='ocrx_word' id='word_1_194' title='bbox 1285 1776 1506 1849; x_wconf 41' lang='lat' dir='ltr'>profanationes,</span> <span class='ocrx_word' id='word_1_195' title='bbox 1537 1777 1747 1834; x_wconf 55' lang='lat' dir='ltr'>venerabilium</span> <span class='ocrx_word' id='word_1_196' title='bbox 1771 1792 1833 1835; x_wconf 50' lang='lat' dir='ltr'>mo„</span> 
     </span>
     <span class='ocr_line' id='line_1_20' title="bbox 120 1844 1834 1938; baseline -0.001 -12"><span class='ocrx_word' id='word_1_197' title='bbox 120 1860 216 1906; x_wconf 60' lang='lat' dir='ltr'>mfflm·</span> <span class='ocrx_word' id='word_1_198' title='bbox 229 1848 254 1899; x_wconf 52' lang='grc' dir='ltr'><em>α</em></span> <span class='ocrx_word' id='word_1_199' title='bbox 264 1848 349 1914; x_wconf 62' lang='lat' dir='ltr'>W‘ae</span> <span class='ocrx_word' id='word_1_200' title='bbox 365 1845 720 1915; x_wconf 49' lang='lat' dir='ltr'>insmffwnpraevssleb‘m&#39;</span> <span class='ocrx_word' id='word_1_201' title='bbox 740 1844 871 1898; x_wconf 57' lang='lat' dir='ltr'><strong><em>adversus</em></strong></span> <span class='ocrx_word' id='word_1_202' title='bbox 891 1859 950 1897; x_wconf 54' lang='grc' dir='ltr'>ΜΨ</span> <span class='ocrx_word' id='word_1_203' title='bbox 1004 1868 1196 1926; x_wconf 77' lang='lat' dir='ltr'>misteriorum</span> <span class='ocrx_word' id='word_1_204' title='bbox 1215 1868 1339 1938; x_wconf 89' lang='lat' dir='ltr'>pollutas</span> <span class='ocrx_word' id='word_1_205' title='bbox 1347 1867 1550 1924; x_wconf 89' lang='lat' dir='ltr'>translationes</span> <span class='ocrx_word' id='word_1_206' title='bbox 1560 1868 1588 1924; x_wconf 92' lang='lat' dir='ltr'>in</span> <span class='ocrx_word' id='word_1_207' title='bbox 1600 1867 1753 1924; x_wconf 75' lang='lat' dir='ltr'>saecularia</span> <span class='ocrx_word' id='word_1_208' title='bbox 1763 1883 1834 1924; x_wconf 81' lang='lat' dir='ltr'>rece</span> 
     </span>
    </p>
   </div>
   <div class='ocr_carea' id='block_1_6' title="bbox 121 1932 1835 2416">
    <p class='ocr_par' dir='ltr' id='par_1_8' title="bbox 121 1932 1835 2298">
     <span class='ocr_line' id='line_1_21' title="bbox 121 1932 1835 2036; baseline 0 -22"><span class='ocrx_word' id='word_1_209' title='bbox 121 1934 236 2035; x_wconf 34' lang='lat' dir='ltr'><em>(Mam.</em></span> <span class='ocrx_word' id='word_1_210' title='bbox 257 1934 342 2035; x_wconf 59' lang='lat' dir='ltr'>ffli-</span> <span class='ocrx_word' id='word_1_211' title='bbox 359 1933 419 2036; x_wconf 36' lang='lat' dir='ltr'>,sed</span> <span class='ocrx_word' id='word_1_212' title='bbox 439 1933 540 2035; x_wconf 44' lang='lat' dir='ltr'>issem,</span> <span class='ocrx_word' id='word_1_213' title='bbox 562 1933 718 2034; x_wconf 36' lang='lat' dir='ltr'>ham-¹³³</span> <span class='ocrx_word' id='word_1_214' title='bbox 748 1934 835 2004; x_wconf 70' lang='lat' dir='ltr'>huius</span> <span class='ocrx_word' id='word_1_215' title='bbox 859 1932 947 2034; x_wconf 56' lang='lat' dir='ltr'>{meni</span> <span class='ocrx_word' id='word_1_216' title='bbox 1006 1959 1136 2030; x_wconf 82' lang='lat' dir='ltr'>piacula:</span> <span class='ocrx_word' id='word_1_217' title='bbox 1153 1957 1759 2015; x_wconf 87' lang='lat' dir='ltr'>itautinbabitantesineisreverendiviri</span> <span class='ocrx_word' id='word_1_218' title='bbox 1771 1965 1835 2028; x_wconf 88' lang='lat' dir='ltr'>post</span> 
     </span>
     <span class='ocr_line' id='line_1_22' title="bbox 122 2023 1834 2126; baseline -0.001 -21"><span class='ocrx_word' id='word_1_219' title='bbox 122 2023 393 2126; x_wconf 49' lang='lat' dir='ltr'><strong>³⁰‚aed¹fl⁰{¹¹¹⁰¹¹¹⁵²</strong></span> <span class='ocrx_word' id='word_1_220' title='bbox 422 2038 485 2079; x_wconf 54' lang='grc' dir='ltr'>ΜΠ</span> <span class='ocrx_word' id='word_1_221' title='bbox 511 2024 599 2095; x_wconf 61' lang='lat' dir='ltr'>‘hina</span> <span class='ocrx_word' id='word_1_222' title='bbox 626 2023 752 2080; x_wconf 58' lang='lat' dir='ltr'>demant</span> <span class='ocrx_word' id='word_1_223' title='bbox 782 2023 951 2080; x_wconf 60' lang='lat' dir='ltr'>deflflfflnoes</span> <span class='ocrx_word' id='word_1_224' title='bbox 1006 2048 1135 2119; x_wconf 90' lang='lat' dir='ltr'>rapinam</span> <span class='ocrx_word' id='word_1_225' title='bbox 1156 2047 1295 2104; x_wconf 91' lang='lat' dir='ltr'>bonorum</span> <span class='ocrx_word' id='word_1_226' title='bbox 1318 2061 1435 2104; x_wconf 89' lang='lat' dir='ltr'>suornm</span> <span class='ocrx_word' id='word_1_227' title='bbox 1459 2048 1493 2104; x_wconf 91' lang='lat' dir='ltr'>ad</span> <span class='ocrx_word' id='word_1_228' title='bbox 1515 2047 1679 2104; x_wconf 85' lang='lat' dir='ltr'>barbaricas</span> <span class='ocrx_word' id='word_1_229' title='bbox 1704 2048 1834 2120; x_wconf 83' lang='lat' dir='ltr'>regiones</span> 
     </span>
     <span class='ocr_line' id='line_1_23' title="bbox 124 2111 1834 2214; baseline -0.002 -20"><span class='ocrx_word' id='word_1_230' title='bbox 124 2111 307 2214; x_wconf 70' lang='lat' dir='ltr'>huiu⁵m⁰¹¹¹²</span> <span class='ocrx_word' id='word_1_231' title='bbox 1007 2142 1165 2209; x_wconf 83' lang='lat' dir='ltr'>pergerent,</span> <span class='ocrx_word' id='word_1_232' title='bbox 1188 2142 1216 2193; x_wconf 90' lang='grc' dir='ltr'>ει</span> <span class='ocrx_word' id='word_1_233' title='bbox 1247 2150 1324 2193; x_wconf 85' lang='grc' dir='ltr'><strong>ιιιοιε</strong></span> <span class='ocrx_word' id='word_1_234' title='bbox 1347 2136 1506 2206; x_wconf 90' lang='lat' dir='ltr'>apostolico</span> <span class='ocrx_word' id='word_1_235' title='bbox 1527 2136 1674 2193; x_wconf 90' lang='lat' dir='ltr'>meliorem</span> <span class='ocrx_word' id='word_1_236' title='bbox 1698 2137 1834 2193; x_wconf 86' lang='lat' dir='ltr'>ducerent</span> 
     </span>
     <span class='ocr_line' id='line_1_24' title="bbox 333 2218 1834 2298; baseline 0.005 -25"><span class='ocrx_word' id='word_1_237' title='bbox 333 2218 478 2288; x_wconf 76' lang='lat' dir='ltr'>(leoparius</span> <span class='ocrx_word' id='word_1_238' title='bbox 504 2221 642 2290; x_wconf 84' lang='lat' dir='ltr'>episeopus</span> <span class='ocrx_word' id='word_1_239' title='bbox 666 2220 754 2289; x_wconf 83' lang='lat' dir='ltr'>lepit:</span> <span class='ocrx_word' id='word_1_240' title='bbox 1007 2227 1105 2297; x_wconf 86' lang='lat' dir='ltr'>vitam,</span> <span class='ocrx_word' id='word_1_241' title='bbox 1119 2225 1258 2297; x_wconf 87' lang='lat' dir='ltr'>eligentes</span> <span class='ocrx_word' id='word_1_242' title='bbox 1283 2225 1381 2296; x_wconf 89' lang='lat' dir='ltr'>potius</span> <span class='ocrx_word' id='word_1_243' title='bbox 1401 2225 1477 2282; x_wconf 83' lang='lat' dir='ltr'>inter</span> <span class='ocrx_word' id='word_1_244' title='bbox 1502 2235 1599 2298; x_wconf 80' lang='lat' dir='ltr'>gentes</span> <span class='ocrx_word' id='word_1_245' title='bbox 1623 2226 1727 2298; x_wconf 86' lang='lat' dir='ltr'>degere</span> <span class='ocrx_word' id='word_1_246' title='bbox 1752 2239 1834 2297; x_wconf 83' lang='lat' dir='ltr'>quam</span> 
     </span>
    </p>

    <p class='ocr_par' dir='ltr' id='par_1_9' title="bbox 162 2314 1834 2416">
     <span class='ocr_line' id='line_1_25' title="bbox 162 2314 1834 2416; baseline -0.002 -43"><span class='ocrx_word' id='word_1_247' title='bbox 162 2348 252 2403; x_wconf 61' lang='lat' dir='ltr'>,Non</span> <span class='ocrx_word' id='word_1_248' title='bbox 268 2345 375 2402; x_wconf 57' lang='lat' dir='ltr'>audem</span> <span class='ocrx_word' id='word_1_249' title='bbox 389 2341 533 2401; x_wconf 63' lang='lat' dir='ltr'><strong>hominem</strong></span> <span class='ocrx_word' id='word_1_250' title='bbox 550 2359 722 2416; x_wconf 62' lang='lat' dir='ltr'>quemquam</span> <span class='ocrx_word' id='word_1_251' title='bbox 747 2346 822 2402; x_wconf 55' lang='lat' dir='ltr'>ult„</span> <span class='ocrx_word' id='word_1_252' title='bbox 839 2344 955 2402; x_wconf 54' lang='lat' dir='ltr'>studere</span> <span class='ocrx_word' id='word_1_253' title='bbox 1008 2330 1073 2373; x_wconf 90' lang='lat' dir='ltr'>cum</span> <span class='ocrx_word' id='word_1_254' title='bbox 1086 2314 1301 2373; x_wconf 89' lang='lat' dir='ltr'>contribulibus</span> <span class='ocrx_word' id='word_1_255' title='bbox 1315 2315 1558 2372; x_wconf 85' lang='lat' dir='ltr'>conversationem</span> <span class='ocrx_word' id='word_1_256' title='bbox 1573 2314 1736 2372; x_wconf 76' lang='lat' dir='ltr'>obscaenam</span> <span class='ocrx_word' id='word_1_257' title='bbox 1753 2316 1834 2372; x_wconf 89' lang='lat' dir='ltr'>duce·</span> 
     </span>
    </p>
   </div>
   <div class='ocr_carea' id='block_1_7' title="bbox 127 2404 1837 2863">
    <p class='ocr_par' dir='ltr' id='par_1_10' title="bbox 127 2404 1837 2863">
     <span class='ocr_line' id='line_1_26' title="bbox 127 2404 1835 2504; baseline -0.006 -33"><span class='ocrx_word' id='word_1_258' title='bbox 127 2441 213 2491; x_wconf 60' lang='lat' dir='ltr'>,tam</span> <span class='ocrx_word' id='word_1_259' title='bbox 230 2434 420 2491; x_wconf 54' lang='lat' dir='ltr'>scelestum</span> <span class='ocrx_word' id='word_1_260' title='bbox 433 2433 555 2504; x_wconf 59' lang='lat' dir='ltr'>impium</span> <span class='ocrx_word' id='word_1_261' title='bbox 567 2434 706 2490; x_wconf 42' lang='lat' dir='ltr'><strong>studium·</strong></span> <span class='ocrx_word' id='word_1_262' title='bbox 719 2435 850 2504; x_wconf 59' lang='lat' dir='ltr'><strong>Quivem</strong></span> <span class='ocrx_word' id='word_1_263' title='bbox 866 2447 955 2490; x_wconf 63' lang='lat' dir='ltr'>ausus</span> <span class='ocrx_word' id='word_1_264' title='bbox 1010 2420 1058 2472; x_wconf 69' lang='lat' dir='ltr'>rer</span> <span class='ocrx_word' id='word_1_265' title='bbox 1083 2404 1182 2462; x_wconf 87' lang='lat' dir='ltr'>divino</span> <span class='ocrx_word' id='word_1_266' title='bbox 1207 2405 1371 2462; x_wconf 85' lang='lat' dir='ltr'>obedientes</span> <span class='ocrx_word' id='word_1_267' title='bbox 1394 2405 1527 2475; x_wconf 82' lang='lat' dir='ltr'>apostola</span> <span class='ocrx_word' id='word_1_268' title='bbox 1553 2405 1747 2477; x_wconf 83' lang='lat' dir='ltr'>pvraeeipienti,</span> <span class='ocrx_word' id='word_1_269' title='bbox 1773 2419 1835 2461; x_wconf 87' lang='lat' dir='ltr'>oum</span> 
     </span>
     <span class='ocr_line' id='line_1_27' title="bbox 127 2493 1835 2597; baseline -0.003 -23"><span class='ocrx_word' id='word_1_270' title='bbox 127 2522 247 2580; x_wconf 78' lang='lat' dir='ltr'>»tuerit</span> <span class='ocrx_word' id='word_1_271' title='bbox 267 2523 369 2580; x_wconf 89' lang='lat' dir='ltr'>amodo</span> <span class='ocrx_word' id='word_1_272' title='bbox 387 2527 554 2579; x_wconf 89' lang='lat' dir='ltr'>construere</span> <span class='ocrx_word' id='word_1_273' title='bbox 577 2524 741 2596; x_wconf 89' lang='lat' dir='ltr'>imaginem,</span> <span class='ocrx_word' id='word_1_274' title='bbox 758 2524 799 2581; x_wconf 89' lang='lat' dir='ltr'>vel</span> <span class='ocrx_word' id='word_1_275' title='bbox 824 2524 952 2596; x_wconf 89' lang='lat' dir='ltr'>adorare,</span> <span class='ocrx_word' id='word_1_276' title='bbox 1010 2495 1206 2565; x_wconf 62' lang='lat' dir='ltr'>hu5⁰⁸⁶0¹¹¹⁰di</span> <span class='ocrx_word' id='word_1_277' title='bbox 1221 2509 1271 2596; x_wconf 43' lang='lat' dir='ltr'>¹¹⁰,ss</span> <span class='ocrx_word' id='word_1_278' title='bbox 1287 2494 1383 2551; x_wconf 65' lang='lat' dir='ltr'>Cibum</span> <span class='ocrx_word' id='word_1_279' title='bbox 1400 2493 1628 2597; x_wconf 58' lang='lat' dir='ltr'>iumiieilcti·</span> <span class='ocrx_word' id='word_1_280' title='bbox 1647 2495 1691 2566; x_wconf 71' lang='lat' dir='ltr'>V)-</span> <span class='ocrx_word' id='word_1_281' title='bbox 1705 2495 1741 2550; x_wconf 72' lang='grc' dir='ltr'>Εῑ</span> <span class='ocrx_word' id='word_1_282' title='bbox 1762 2494 1835 2565; x_wconf 64' lang='grc' dir='ltr'>(ΝΜ</span> 
     </span>
     <span class='ocr_line' id='line_1_28' title="bbox 128 2584 1835 2684; baseline -0.006 -34"><span class='ocrx_word' id='word_1_283' title='bbox 128 2632 141 2665; x_wconf 87' lang='lat'><em>„</em></span> <span class='ocrx_word' id='word_1_284' title='bbox 158 2618 208 2669; x_wconf 67' lang='lat' dir='ltr'>am</span> <span class='ocrx_word' id='word_1_285' title='bbox 223 2616 348 2668; x_wconf 57' lang='lat' dir='ltr'>,patuere</span> <span class='ocrx_word' id='word_1_286' title='bbox 364 2612 394 2668; x_wconf 71' lang='lat' dir='ltr'>pn</span> <span class='ocrx_word' id='word_1_287' title='bbox 408 2612 529 2668; x_wconf 58' lang='lat' dir='ltr'>ecclesia</span> <span class='ocrx_word' id='word_1_288' title='bbox 544 2613 586 2668; x_wconf 67' lang='lat' dir='ltr'>,ep</span> <span class='ocrx_word' id='word_1_289' title='bbox 610 2613 640 2669; x_wconf 69' lang='lat' dir='ltr'>in</span> <span class='ocrx_word' id='word_1_290' title='bbox 666 2613 775 2683; x_wconf 57' lang='lat' dir='ltr'>wiva„</span> <span class='ocrx_word' id='word_1_291' title='bbox 790 2614 885 2684; x_wconf 49' lang='lat' dir='ltr'>domo,</span> <span class='ocrx_word' id='word_1_292' title='bbox 901 2626 952 2669; x_wconf 57' lang='lat' dir='ltr'>seu</span> <span class='ocrx_word' id='word_1_293' title='bbox 1008 2590 1051 2642; x_wconf 89' lang='lat' dir='ltr'>est</span> <span class='ocrx_word' id='word_1_294' title='bbox 1065 2586 1166 2642; x_wconf 83' lang='lat' dir='ltr'>bonum</span> <span class='ocrx_word' id='word_1_295' title='bbox 1179 2599 1307 2641; x_wconf 86' lang='lat' dir='ltr'>omnium</span> <span class='ocrx_word' id='word_1_296' title='bbox 1318 2586 1541 2658; x_wconf 90' lang='lat' dir='ltr'>atvocrssimum,</span> <span class='ocrx_word' id='word_1_297' title='bbox 1556 2584 1723 2656; x_wconf 82' lang='lat' dir='ltr'>quinetiam</span> <span class='ocrx_word' id='word_1_298' title='bbox 1745 2596 1835 2655; x_wconf 85' lang='lat' dir='ltr'>nsque</span> 
     </span>
     <span class='ocr_line' id='line_1_29' title="bbox 128 2672 1836 2774; baseline -0.006 -35"><span class='ocrx_word' id='word_1_299' title='bbox 128 2721 142 2754; x_wconf 79' lang='lat'>„</span> <span class='ocrx_word' id='word_1_300' title='bbox 158 2701 302 2760; x_wconf 58' lang='lat' dir='ltr'><strong>occultam</strong></span> <span class='ocrx_word' id='word_1_301' title='bbox 313 2718 320 2756; x_wconf 60' lang='lat'>2</span> <span class='ocrx_word' id='word_1_302' title='bbox 333 2702 477 2772; x_wconf 59' lang='lat' dir='ltr'>siquidem</span> <span class='ocrx_word' id='word_1_303' title='bbox 490 2702 652 2773; x_wconf 30' lang='lat' dir='ltr'><strong>episcopus!</strong></span> <span class='ocrx_word' id='word_1_304' title='bbox 666 2708 717 2760; x_wconf 59' lang='lat' dir='ltr'>au,</span> <span class='ocrx_word' id='word_1_305' title='bbox 733 2703 888 2774; x_wconf 51' lang='lat' dir='ltr'>presbype,&#39;</span> <span class='ocrx_word' id='word_1_306' title='bbox 904 2706 955 2759; x_wconf 65' lang='lat' dir='ltr'>au,</span> <span class='ocrx_word' id='word_1_307' title='bbox 1009 2675 1040 2731; x_wconf 91' lang='lat' dir='ltr'>in</span> <span class='ocrx_word' id='word_1_308' title='bbox 1054 2681 1177 2746; x_wconf 81' lang='lat' dir='ltr'>praesens</span> <span class='ocrx_word' id='word_1_309' title='bbox 1193 2675 1251 2730; x_wconf 80' lang='lat' dir='ltr'>baec</span> <span class='ocrx_word' id='word_1_310' title='bbox 1262 2674 1394 2745; x_wconf 90' lang='lat' dir='ltr'>impietas</span> <span class='ocrx_word' id='word_1_311' title='bbox 1409 2672 1836 2773; x_wconf 75' lang='lat' dir='ltr'>profanationisvenerabilium</span> 
     </span>
     <span class='ocr_line' id='line_1_30' title="bbox 130 2763 1837 2863; baseline -0.004 -18"><span class='ocrx_word' id='word_1_312' title='bbox 130 2811 142 2844; x_wconf 90' lang='grc' dir='ltr'>ι</span> <span class='ocrx_word' id='word_1_313' title='bbox 157 2793 299 2849; x_wconf 86' lang='lat' dir='ltr'>diaconus</span> <span class='ocrx_word' id='word_1_314' title='bbox 313 2790 411 2863; x_wconf 86' lang='lat' dir='ltr'>tuerit,</span> <span class='ocrx_word' id='word_1_315' title='bbox 427 2792 587 2861; x_wconf 90' lang='lat' dir='ltr'>deponatur</span> <span class='ocrx_word' id='word_1_316' title='bbox 597 2791 717 2848; x_wconf 80' lang='lat' dir='ltr'>:sivero</span> <span class='ocrx_word' id='word_1_317' title='bbox 734 2792 890 2848; x_wconf 88' lang='lat' dir='ltr'>monachus</span> <span class='ocrx_word' id='word_1_318' title='bbox 905 2796 955 2847; x_wconf 87' lang='lat' dir='ltr'>ant</span> <span class='ocrx_word' id='word_1_319' title='bbox 1010 2765 1248 2821; x_wconf 61' lang='lat' dir='ltr'>¹¹¹⁰¹¹²¹⁵t⁰f¹⁰f¹¹¹¹¹</span> <span class='ocrx_word' id='word_1_320' title='bbox 1266 2764 1342 2834; x_wconf 57' lang='grc' dir='ltr'>ΨΜ</span> <span class='ocrx_word' id='word_1_321' title='bbox 1363 2764 1502 2836; x_wconf 71' lang='lat' dir='ltr'>q⁰⁰⁵d³ffl</span> <span class='ocrx_word' id='word_1_322' title='bbox 1522 2763 1754 2834; x_wconf 57' lang='lat' dir='ltr'>iiaeffliiffl‘ifflss</span> <span class='ocrx_word' id='word_1_323' title='bbox 1770 2775 1837 2832; x_wconf 90' lang='lat' dir='ltr'>per-</span> 
     </span>
    </p>
   </div>
   <div class='ocr_carea' id='block_1_8' title="bbox 130 2851 1837 2953">
    <p class='ocr_par' dir='ltr' id='par_1_11' title="bbox 130 2851 1837 2953">
     <span class='ocr_line' id='line_1_31' title="bbox 130 2851 1837 2953; baseline 0 -43"><span class='ocrx_word' id='word_1_324' title='bbox 130 2881 263 2953; x_wconf 48' lang='lat' dir='ltr'>„fflcus’</span> <span class='ocrx_word' id='word_1_325' title='bbox 293 2880 559 2952; x_wconf 41' lang='lat' dir='ltr'>,nahematpzetm’</span> <span class='ocrx_word' id='word_1_326' title='bbox 582 2885 611 2937; x_wconf 57' lang='lat' dir='ltr'>et</span> <span class='ocrx_word' id='word_1_327' title='bbox 639 2880 834 2951; x_wconf 56' lang='lat' dir='ltr'>imperialium</span> <span class='ocrx_word' id='word_1_328' title='bbox 861 2880 955 2952; x_wconf 65' lang='lat' dir='ltr'>legum</span> <span class='ocrx_word' id='word_1_329' title='bbox 1010 2859 1119 2910; x_wconf 89' lang='lat' dir='ltr'>manet:</span> <span class='ocrx_word' id='word_1_330' title='bbox 1137 2859 1166 2911; x_wconf 89' lang='lat' dir='ltr'>et</span> <span class='ocrx_word' id='word_1_331' title='bbox 1183 2868 1233 2924; x_wconf 93' lang='lat' dir='ltr'>pro</span> <span class='ocrx_word' id='word_1_332' title='bbox 1248 2854 1340 2910; x_wconf 89' lang='lat' dir='ltr'>sacris</span> <span class='ocrx_word' id='word_1_333' title='bbox 1362 2854 1475 2925; x_wconf 87' lang='lat' dir='ltr'>hymnis</span> <span class='ocrx_word' id='word_1_334' title='bbox 1490 2858 1518 2910; x_wconf 92' lang='lat' dir='ltr'>et</span> <span class='ocrx_word' id='word_1_335' title='bbox 1539 2867 1605 2910; x_wconf 86' lang='lat' dir='ltr'>voce</span> <span class='ocrx_word' id='word_1_336' title='bbox 1620 2851 1837 2910; x_wconf 81' lang='lat' dir='ltr'>exsultationis.</span> 
     </span>
    </p>
   </div>
   <div class='ocr_carea' id='block_1_9' title="bbox 130 2941 1841 3041">
    <p class='ocr_par' dir='ltr' id='par_1_12' title="bbox 130 2941 1841 3041">
     <span class='ocr_line' id='line_1_32' title="bbox 130 2941 1841 3041; baseline -0.001 -43"><span class='ocrx_word' id='word_1_337' title='bbox 130 2970 303 3028; x_wconf 59' lang='lat' dir='ltr'>„obnoxius</span> <span class='ocrx_word' id='word_1_338' title='bbox 326 2970 375 3041; x_wconf 49' lang='lat' dir='ltr'>sip,</span> <span class='ocrx_word' id='word_1_339' title='bbox 405 2975 540 3040; x_wconf 60' lang='lat' dir='ltr'>,anquam</span> <span class='ocrx_word' id='word_1_340' title='bbox 563 2970 725 3026; x_wconf 41' lang='lat' dir='ltr'><strong>contradus</strong></span> <span class='ocrx_word' id='word_1_341' title='bbox 750 2975 955 3041; x_wconf 58' lang='lat' dir='ltr'><strong>maeoepmfflm</strong></span> <span class='ocrx_word' id='word_1_342' title='bbox 1011 2958 1074 3015; x_wconf 74' lang='lat' dir='ltr'>quac</span> <span class='ocrx_word' id='word_1_343' title='bbox 1088 2944 1117 2999; x_wconf 93' lang='lat' dir='ltr'>in</span> <span class='ocrx_word' id='word_1_344' title='bbox 1144 2942 1338 2999; x_wconf 88' lang='lat' dir='ltr'>tabernaculis</span> <span class='ocrx_word' id='word_1_345' title='bbox 1356 2943 1500 3013; x_wconf 80' lang='lat' dir='ltr'>iustorum</span> <span class='ocrx_word' id='word_1_346' title='bbox 1517 2943 1600 3011; x_wconf 87' lang='lat' dir='ltr'>dunt,</span> <span class='ocrx_word' id='word_1_347' title='bbox 1615 2941 1729 2997; x_wconf 90' lang='lat' dir='ltr'>cantica</span> <span class='ocrx_word' id='word_1_348' title='bbox 1745 2953 1841 2997; x_wconf 68' lang='lat' dir='ltr'>mere</span> 
     </span>
    </p>
   </div>
   <div class='ocr_carea' id='block_1_10' title="bbox 129 3017 1841 3133">
    <p class='ocr_par' dir='ltr' id='par_1_13' title="bbox 129 3017 1841 3133">
     <span class='ocr_line' id='line_1_33' title="bbox 129 3017 1841 3133; baseline -0.019 -15"><span class='ocrx_word' id='word_1_349' title='bbox 129 3061 218 3133; x_wconf 79' lang='lat' dir='ltr'>anat,</span> <span class='ocrx_word' id='word_1_350' title='bbox 234 3067 262 3118; x_wconf 92' lang='lat' dir='ltr'>et</span> <span class='ocrx_word' id='word_1_351' title='bbox 273 3059 413 3117; x_wconf 89' lang='lat' dir='ltr'>inimicus</span> <span class='ocrx_word' id='word_1_352' title='bbox 426 3060 591 3132; x_wconf 87' lang='lat' dir='ltr'>dogmatum</span> <span class='ocrx_word' id='word_1_353' title='bbox 608 3065 801 3131; x_wconf 89' lang='lat' dir='ltr'>paternorum.</span> <span class='ocrx_word' id='word_1_354' title='bbox 820 3078 833 3111; x_wconf 93' lang='grc' dir='ltr'>ι</span> <span class='ocrx_word' id='word_1_355' title='bbox 971 3017 994 3079; x_wconf 73' lang='lat' dir='ltr'>C</span> <span class='ocrx_word' id='word_1_356' title='bbox 1011 3033 1096 3090; x_wconf 84' lang='lat' dir='ltr'>tricia</span> <span class='ocrx_word' id='word_1_357' title='bbox 1106 3039 1134 3089; x_wconf 90' lang='lat' dir='ltr'>et</span> <span class='ocrx_word' id='word_1_358' title='bbox 1142 3033 1276 3090; x_wconf 79' lang='lat' dir='ltr'>suante-e</span> <span class='ocrx_word' id='word_1_359' title='bbox 1305 3033 1530 3090; x_wconf 89' lang='lat' dir='ltr'>modulationes:</span> <span class='ocrx_word' id='word_1_360' title='bbox 1543 3036 1571 3088; x_wconf 92' lang='lat' dir='ltr'>et</span> <span class='ocrx_word' id='word_1_361' title='bbox 1583 3045 1634 3102; x_wconf 91' lang='lat' dir='ltr'>pro</span> <span class='ocrx_word' id='word_1_362' title='bbox 1656 3030 1841 3087; x_wconf 90' lang='lat' dir='ltr'>creberrimis</span> 
     </span>
    </p>
   </div>
   <div class='ocr_carea' id='block_1_11' title="bbox 319 3186 749 3257">
    <p class='ocr_par' dir='ltr' id='par_1_14' title="bbox 319 3186 749 3257">
     <span class='ocr_line' id='line_1_34' title="bbox 319 3186 749 3257; baseline 0.002 -16"><span class='ocrx_word' id='word_1_363' title='bbox 319 3186 491 3257; x_wconf 78' lang='lat' dir='ltr'>Epiphanius</span> <span class='ocrx_word' id='word_1_364' title='bbox 511 3186 642 3242; x_wconf 82' lang='lat' dir='ltr'>diaconus</span> <span class='ocrx_word' id='word_1_365' title='bbox 665 3188 749 3256; x_wconf 82' lang='lat' dir='ltr'>lepit:</span> 
     </span>
    </p>
   </div>
   <div class='ocr_carea' id='block_1_12' title="bbox 130 3311 964 4366">
    <p class='ocr_par' dir='ltr' id='par_1_15' title="bbox 130 3311 964 4366">
     <span class='ocr_line' id='line_1_35' title="bbox 164 3311 959 3383; baseline -0.004 -12"><span class='ocrx_word' id='word_1_366' title='bbox 164 3311 320 3371; x_wconf 89' lang='lat' dir='ltr'>Ecclesiam</span> <span class='ocrx_word' id='word_1_367' title='bbox 332 3311 494 3368; x_wconf 88' lang='lat' dir='ltr'>universam</span> <span class='ocrx_word' id='word_1_368' title='bbox 505 3317 681 3383; x_wconf 88' lang='lat' dir='ltr'>accusantes,</span> <span class='ocrx_word' id='word_1_369' title='bbox 693 3316 721 3367; x_wconf 92' lang='lat' dir='ltr'>et</span> <span class='ocrx_word' id='word_1_370' title='bbox 732 3312 762 3368; x_wconf 93' lang='lat' dir='ltr'>in</span> <span class='ocrx_word' id='word_1_371' title='bbox 774 3312 828 3368; x_wconf 93' lang='lat' dir='ltr'>boc</span> <span class='ocrx_word' id='word_1_372' title='bbox 840 3312 959 3368; x_wconf 91' lang='lat' dir='ltr'>minime</span> 
     </span>
     <span class='ocr_line' id='line_1_36' title="bbox 130 3401 957 3475; baseline -0.004 -14"><span class='ocrx_word' id='word_1_373' title='bbox 130 3402 374 3475; x_wconf 64' lang='lat' dir='ltr'>contentiusque</span> <span class='ocrx_word' id='word_1_374' title='bbox 396 3401 576 3458; x_wconf 82' lang='lat' dir='ltr'>saturitatem</span> <span class='ocrx_word' id='word_1_375' title='bbox 600 3401 758 3472; x_wconf 80' lang='lat' dir='ltr'>impietatis</span> <span class='ocrx_word' id='word_1_376' title='bbox 772 3401 957 3473; x_wconf 85' lang='lat' dir='ltr'>accipientes,</span> 
     </span>
     <span class='ocr_line' id='line_1_37' title="bbox 130 3490 959 3565; baseline -0.004 -15"><span class='ocrx_word' id='word_1_377' title='bbox 130 3494 225 3550; x_wconf 89' lang='lat' dir='ltr'>adbuc</span> <span class='ocrx_word' id='word_1_378' title='bbox 237 3492 301 3549; x_wconf 87' lang='lat' dir='ltr'>sine</span> <span class='ocrx_word' id='word_1_379' title='bbox 312 3491 372 3565; x_wconf 88' lang='lat' dir='ltr'>lege</span> <span class='ocrx_word' id='word_1_380' title='bbox 382 3495 410 3548; x_wconf 91' lang='lat' dir='ltr'>et</span> <span class='ocrx_word' id='word_1_381' title='bbox 421 3491 485 3548; x_wconf 89' lang='lat' dir='ltr'>sine</span> <span class='ocrx_word' id='word_1_382' title='bbox 498 3491 564 3561; x_wconf 85' lang='lat' dir='ltr'>jure</span> <span class='ocrx_word' id='word_1_383' title='bbox 580 3491 724 3548; x_wconf 88' lang='lat' dir='ltr'>deliniunt</span> <span class='ocrx_word' id='word_1_384' title='bbox 733 3505 789 3548; x_wconf 95' lang='lat' dir='ltr'>non</span> <span class='ocrx_word' id='word_1_385' title='bbox 802 3490 959 3548; x_wconf 84' lang='lat' dir='ltr'>taciendam</span> 
     </span>
     <span class='ocr_line' id='line_1_38' title="bbox 133 3580 961 3655; baseline -0.005 -15"><span class='ocrx_word' id='word_1_386' title='bbox 133 3582 296 3655; x_wconf 85' lang='lat' dir='ltr'>imaginem.</span> <span class='ocrx_word' id='word_1_387' title='bbox 312 3581 366 3636; x_wconf 89' lang='lat' dir='ltr'>Sed</span> <span class='ocrx_word' id='word_1_388' title='bbox 384 3581 460 3651; x_wconf 85' lang='lat' dir='ltr'>quis,</span> <span class='ocrx_word' id='word_1_389' title='bbox 482 3594 561 3652; x_wconf 82' lang='lat' dir='ltr'>rogo,</span> <span class='ocrx_word' id='word_1_390' title='bbox 575 3593 676 3636; x_wconf 91' lang='lat' dir='ltr'>eorum</span> <span class='ocrx_word' id='word_1_391' title='bbox 692 3580 742 3650; x_wconf 86' lang='lat' dir='ltr'>qui</span> <span class='ocrx_word' id='word_1_392' title='bbox 759 3580 806 3649; x_wconf 90' lang='lat' dir='ltr'>pie</span> <span class='ocrx_word' id='word_1_393' title='bbox 817 3581 919 3636; x_wconf 89' lang='lat' dir='ltr'>vivunt</span> <span class='ocrx_word' id='word_1_394' title='bbox 933 3583 961 3636; x_wconf 91' lang='grc' dir='ltr'>ει</span> 
     </span>
     <span class='ocr_line' id='line_1_39' title="bbox 132 3667 962 3741; baseline -0.004 -13"><span class='ocrx_word' id='word_1_395' title='bbox 132 3671 271 3741; x_wconf 88' lang='lat' dir='ltr'>sentiunt,</span> <span class='ocrx_word' id='word_1_396' title='bbox 289 3668 355 3724; x_wconf 90' lang='lat' dir='ltr'>istis</span> <span class='ocrx_word' id='word_1_397' title='bbox 370 3667 508 3725; x_wconf 78' lang='lat' dir='ltr'>obediat?</span> <span class='ocrx_word' id='word_1_398' title='bbox 521 3667 597 3723; x_wconf 78' lang='lat' dir='ltr'>Adeo</span> <span class='ocrx_word' id='word_1_399' title='bbox 608 3681 729 3738; x_wconf 88' lang='lat' dir='ltr'>namque</span> <span class='ocrx_word' id='word_1_400' title='bbox 737 3667 904 3725; x_wconf 82' lang='lat' dir='ltr'>confirmata</span> <span class='ocrx_word' id='word_1_401' title='bbox 918 3674 962 3725; x_wconf 89' lang='lat' dir='ltr'>est</span> 
     </span>
     <span class='ocr_line' id='line_1_40' title="bbox 133 3754 962 3826; baseline -0.002 -9"><span class='ocrx_word' id='word_1_402' title='bbox 133 3757 340 3817; x_wconf 90' lang='lat' dir='ltr'>venerabilium</span> <span class='ocrx_word' id='word_1_403' title='bbox 358 3756 388 3811; x_wconf 93' lang='lat' dir='ltr'>in</span> <span class='ocrx_word' id='word_1_404' title='bbox 399 3754 530 3812; x_wconf 88' lang='lat' dir='ltr'>eeclesiis</span> <span class='ocrx_word' id='word_1_405' title='bbox 546 3755 702 3826; x_wconf 89' lang='lat' dir='ltr'>imaginum</span> <span class='ocrx_word' id='word_1_406' title='bbox 714 3755 866 3825; x_wconf 80' lang='lat' dir='ltr'>enlribitio,</span> <span class='ocrx_word' id='word_1_407' title='bbox 886 3762 962 3815; x_wconf 83' lang='lat' dir='ltr'>ntea</span> 
     </span>
     <span class='ocr_line' id='line_1_41' title="bbox 133 3844 961 3921; baseline -0.002 -15"><span class='ocrx_word' id='word_1_408' title='bbox 133 3862 190 3921; x_wconf 86' lang='lat' dir='ltr'>quo</span> <span class='ocrx_word' id='word_1_409' title='bbox 205 3845 406 3904; x_wconf 88' lang='lat' dir='ltr'>denuntiatum</span> <span class='ocrx_word' id='word_1_410' title='bbox 432 3849 475 3900; x_wconf 86' lang='lat' dir='ltr'>est</span> <span class='ocrx_word' id='word_1_411' title='bbox 500 3844 684 3916; x_wconf 89' lang='lat' dir='ltr'>Evangelium</span> <span class='ocrx_word' id='word_1_412' title='bbox 707 3859 799 3916; x_wconf 87' lang='lat' dir='ltr'>nsque</span> <span class='ocrx_word' id='word_1_413' title='bbox 819 3859 904 3920; x_wconf 86' lang='lat' dir='ltr'>nunc,</span> <span class='ocrx_word' id='word_1_414' title='bbox 932 3848 961 3904; x_wconf 91' lang='lat' dir='ltr'>in</span> 
     </span>
     <span class='ocr_line' id='line_1_42' title="bbox 135 3931 964 4005; baseline -0.001 -12"><span class='ocrx_word' id='word_1_415' title='bbox 135 3937 197 3993; x_wconf 93' lang='lat' dir='ltr'>illis</span> <span class='ocrx_word' id='word_1_416' title='bbox 220 3931 408 3992; x_wconf 76' lang='lat' dir='ltr'>manifestate</span> <span class='ocrx_word' id='word_1_417' title='bbox 433 3932 610 3990; x_wconf 90' lang='lat' dir='ltr'>consistant:</span> <span class='ocrx_word' id='word_1_418' title='bbox 639 3938 667 3990; x_wconf 90' lang='lat' dir='ltr'>et</span> <span class='ocrx_word' id='word_1_419' title='bbox 681 3947 763 3991; x_wconf 92' lang='lat' dir='ltr'>omne</span> <span class='ocrx_word' id='word_1_420' title='bbox 784 3936 860 4005; x_wconf 83' lang='lat' dir='ltr'>qnod</span> <span class='ocrx_word' id='word_1_421' title='bbox 882 3937 964 3994; x_wconf 91' lang='lat' dir='ltr'>anti-</span> 
     </span>
     <span class='ocr_line' id='line_1_43' title="bbox 135 4020 961 4098; baseline 0.002 -17"><span class='ocrx_word' id='word_1_422' title='bbox 135 4025 245 4098; x_wconf 86' lang='lat' dir='ltr'>quitate</span> <span class='ocrx_word' id='word_1_423' title='bbox 268 4020 393 4093; x_wconf 81' lang='lat' dir='ltr'>excellit,</span> <span class='ocrx_word' id='word_1_424' title='bbox 418 4021 603 4080; x_wconf 89' lang='lat' dir='ltr'>reverendum</span> <span class='ocrx_word' id='word_1_425' title='bbox 618 4028 670 4079; x_wconf 87' lang='lat' dir='ltr'>est.</span> <span class='ocrx_word' id='word_1_426' title='bbox 700 4023 774 4092; x_wconf 84' lang='lat' dir='ltr'>Quid</span> <span class='ocrx_word' id='word_1_427' title='bbox 789 4024 865 4081; x_wconf 90' lang='lat' dir='ltr'>euim</span> <span class='ocrx_word' id='word_1_428' title='bbox 881 4026 961 4084; x_wconf 86' lang='lat' dir='ltr'>aliud</span> 
     </span>
     <span class='ocr_line' id='line_1_44' title="bbox 133 4108 963 4187; baseline 0.001 -16"><span class='ocrx_word' id='word_1_429' title='bbox 133 4113 215 4185; x_wconf 86' lang='lat' dir='ltr'>jubet</span> <span class='ocrx_word' id='word_1_430' title='bbox 229 4112 347 4169; x_wconf 89' lang='lat' dir='ltr'>divinus</span> <span class='ocrx_word' id='word_1_431' title='bbox 361 4110 516 4182; x_wconf 78' lang='lat' dir='ltr'>apostatas</span> <span class='ocrx_word' id='word_1_432' title='bbox 530 4110 690 4169; x_wconf 85' lang='lat' dir='ltr'>Corinthiis</span> <span class='ocrx_word' id='word_1_433' title='bbox 711 4108 963 4187; x_wconf 78' lang='lat' dir='ltr'>[Thessalonicen-</span> 
     </span>
     <span class='ocr_line' id='line_1_45' title="bbox 136 4199 964 4278; baseline 0.001 -18"><span class='ocrx_word' id='word_1_434' title='bbox 136 4199 237 4278; x_wconf 86' lang='lat' dir='ltr'>sibus]</span> <span class='ocrx_word' id='word_1_435' title='bbox 267 4201 413 4259; x_wconf 88' lang='lat' dir='ltr'>scribens:</span> <span class='ocrx_word' id='word_1_436' title='bbox 444 4204 539 4258; x_wconf 82' lang='lat' dir='ltr'>Tcuetc</span> <span class='ocrx_word' id='word_1_437' title='bbox 574 4203 735 4258; x_wconf 81' lang='lat' dir='ltr'>traditiones</span> <span class='ocrx_word' id='word_1_438' title='bbox 759 4220 828 4274; x_wconf 80' lang='lat' dir='ltr'>quus</span> <span class='ocrx_word' id='word_1_439' title='bbox 855 4208 964 4276; x_wconf 88' lang='lat' dir='ltr'>accepi-</span> 
     </span>
     <span class='ocr_line' id='line_1_46' title="bbox 136 4290 964 4366; baseline 0 -16"><span class='ocrx_word' id='word_1_440' title='bbox 136 4296 185 4350; x_wconf 85' lang='lat' dir='ltr'>stis</span> <span class='ocrx_word' id='word_1_441' title='bbox 206 4291 260 4365; x_wconf 86' lang='lat' dir='ltr'>(ll</span> <span class='ocrx_word' id='word_1_442' title='bbox 283 4293 374 4348; x_wconf 83' lang='lat' dir='ltr'>Thess.</span> <span class='ocrx_word' id='word_1_443' title='bbox 391 4290 459 4364; x_wconf 80' lang='lat' dir='ltr'>ttl‘l</span> <span class='ocrx_word' id='word_1_444' title='bbox 486 4295 514 4349; x_wconf 90' lang='lat' dir='ltr'>et</span> <span class='ocrx_word' id='word_1_445' title='bbox 537 4307 640 4349; x_wconf 91' lang='lat' dir='ltr'>rursus</span> <span class='ocrx_word' id='word_1_446' title='bbox 667 4293 816 4350; x_wconf 84' lang='lat' dir='ltr'>Timotheo</span> <span class='ocrx_word' id='word_1_447' title='bbox 843 4295 964 4366; x_wconf 83' lang='lat' dir='ltr'>Titoque</span> 
     </span>
    </p>
   </div>
   <div class='ocr_carea' id='block_1_13' title="bbox 1012 3115 1850 4360">
    <p class='ocr_par' dir='ltr' id='par_1_16' title="bbox 1012 3115 1850 4360">
     <span class='ocr_line' id='line_1_47' title="bbox 1012 3115 1842 3196; baseline -0.006 -17"><span class='ocrx_word' id='word_1_448' title='bbox 1012 3122 1270 3196; x_wconf 81' lang='lat' dir='ltr'>genuflexionibus,</span> <span class='ocrx_word' id='word_1_449' title='bbox 1292 3122 1448 3179; x_wconf 84' lang='lat' dir='ltr'>saltatoriae</span> <span class='ocrx_word' id='word_1_450' title='bbox 1462 3122 1675 3193; x_wconf 89' lang='lat' dir='ltr'>disputationes</span> <span class='ocrx_word' id='word_1_451' title='bbox 1691 3115 1842 3194; x_wconf 75' lang='lat' dir='ltr'>[indeuia-</span> 
     </span>
     <span class='ocr_line' id='line_1_48' title="bbox 1013 3210 1842 3288; baseline -0.005 -18"><span class='ocrx_word' id='word_1_452' title='bbox 1013 3210 1090 3288; x_wconf 78' lang='lat' dir='ltr'>nesl.</span> <span class='ocrx_word' id='word_1_453' title='bbox 1109 3213 1179 3270; x_wconf 87' lang='lat' dir='ltr'>Cum</span> <span class='ocrx_word' id='word_1_454' title='bbox 1202 3212 1354 3269; x_wconf 87' lang='lat' dir='ltr'>bisantem</span> <span class='ocrx_word' id='word_1_455' title='bbox 1371 3211 1509 3284; x_wconf 84' lang='lat' dir='ltr'>pericula,</span> <span class='ocrx_word' id='word_1_456' title='bbox 1530 3210 1699 3282; x_wconf 88' lang='lat' dir='ltr'>tumultum,</span> <span class='ocrx_word' id='word_1_457' title='bbox 1711 3222 1842 3266; x_wconf 85' lang='lat' dir='ltr'>commo-</span> 
     </span>
     <span class='ocr_line' id='line_1_49' title="bbox 1014 3297 1843 3374; baseline -0.007 -15"><span class='ocrx_word' id='word_1_458' title='bbox 1014 3304 1130 3374; x_wconf 90' lang='lat' dir='ltr'>tionem,</span> <span class='ocrx_word' id='word_1_459' title='bbox 1144 3302 1269 3374; x_wconf 88' lang='lat' dir='ltr'>verbera,</span> <span class='ocrx_word' id='word_1_460' title='bbox 1287 3316 1394 3373; x_wconf 83' lang='lat' dir='ltr'>pvoenas,</span> <span class='ocrx_word' id='word_1_461' title='bbox 1410 3301 1574 3358; x_wconf 91' lang='lat' dir='ltr'>orbationes</span> <span class='ocrx_word' id='word_1_462' title='bbox 1588 3299 1751 3370; x_wconf 89' lang='lat' dir='ltr'>oculorum,</span> <span class='ocrx_word' id='word_1_463' title='bbox 1769 3297 1843 3354; x_wconf 78' lang='lat' dir='ltr'>esci-</span> 
     </span>
     <span class='ocr_line' id='line_1_50' title="bbox 1014 3388 1842 3464; baseline -0.008 -14"><span class='ocrx_word' id='word_1_464' title='bbox 1014 3394 1110 3450; x_wconf 89' lang='lat' dir='ltr'>siaues</span> <span class='ocrx_word' id='word_1_465' title='bbox 1123 3394 1247 3464; x_wconf 92' lang='lat' dir='ltr'>narium,</span> <span class='ocrx_word' id='word_1_466' title='bbox 1265 3392 1461 3449; x_wconf 88' lang='lat' dir='ltr'>mutilationes</span> <span class='ocrx_word' id='word_1_467' title='bbox 1475 3391 1651 3463; x_wconf 79' lang='lat' dir='ltr'>linguarum,</span> <span class='ocrx_word' id='word_1_468' title='bbox 1671 3388 1842 3462; x_wconf 80' lang='lat' dir='ltr'>ignominia</span> 
     </span>
     <span class='ocr_line' id='line_1_51' title="bbox 1015 3478 1844 3556; baseline -0.01 -16"><span class='ocrx_word' id='word_1_469' title='bbox 1015 3499 1061 3540; x_wconf 89' lang='lat' dir='ltr'>sas</span> <span class='ocrx_word' id='word_1_470' title='bbox 1074 3482 1166 3556; x_wconf 78' lang='lat' dir='ltr'>iuges,</span> <span class='ocrx_word' id='word_1_471' title='bbox 1177 3483 1259 3538; x_wconf 90' lang='lat' dir='ltr'>idest</span> <span class='ocrx_word' id='word_1_472' title='bbox 1272 3482 1376 3538; x_wconf 84' lang='lat' dir='ltr'>exsilia</span> <span class='ocrx_word' id='word_1_473' title='bbox 1390 3482 1608 3538; x_wconf 86' lang='lat' dir='ltr'>reverendorum</span> <span class='ocrx_word' id='word_1_474' title='bbox 1618 3480 1761 3551; x_wconf 89' lang='lat' dir='ltr'>virorum,</span> <span class='ocrx_word' id='word_1_475' title='bbox 1776 3478 1844 3550; x_wconf 84' lang='lat' dir='ltr'>quia</span> 
     </span>
     <span class='ocr_line' id='line_1_52' title="bbox 1016 3565 1845 3642; baseline -0.007 -14"><span class='ocrx_word' id='word_1_476' title='bbox 1016 3586 1065 3642; x_wconf 88' lang='lat' dir='ltr'>per</span> <span class='ocrx_word' id='word_1_477' title='bbox 1080 3572 1245 3628; x_wconf 90' lang='lat' dir='ltr'>universum</span> <span class='ocrx_word' id='word_1_478' title='bbox 1258 3570 1354 3627; x_wconf 91' lang='lat' dir='ltr'>orbem</span> <span class='ocrx_word' id='word_1_479' title='bbox 1370 3571 1495 3641; x_wconf 89' lang='lat' dir='ltr'>dispersi</span> <span class='ocrx_word' id='word_1_480' title='bbox 1510 3575 1598 3640; x_wconf 70' lang='lat' dir='ltr'>sunt,</span> <span class='ocrx_word' id='word_1_481' title='bbox 1615 3573 1783 3625; x_wconf 86' lang='lat' dir='ltr'>sanctarum</span> <span class='ocrx_word' id='word_1_482' title='bbox 1799 3565 1845 3622; x_wconf 87' lang='lat' dir='ltr'>la-</span> 
     </span>
     <span class='ocr_line' id='line_1_53' title="bbox 1015 3657 1845 3733; baseline -0.006 -16"><span class='ocrx_word' id='word_1_483' title='bbox 1015 3662 1124 3718; x_wconf 91' lang='lat' dir='ltr'>cierum</span> <span class='ocrx_word' id='word_1_484' title='bbox 1137 3660 1327 3733; x_wconf 88' lang='lat' dir='ltr'>adustionem,</span> <span class='ocrx_word' id='word_1_485' title='bbox 1338 3660 1524 3717; x_wconf 88' lang='lat' dir='ltr'>barbarorum</span> <span class='ocrx_word' id='word_1_486' title='bbox 1541 3658 1685 3730; x_wconf 88' lang='lat' dir='ltr'>incendia,</span> <span class='ocrx_word' id='word_1_487' title='bbox 1696 3657 1845 3730; x_wconf 83' lang='lat' dir='ltr'>virginum</span> 
     </span>
     <span class='ocr_line' id='line_1_54' title="bbox 1018 3746 1847 3823; baseline -0.007 -15"><span class='ocrx_word' id='word_1_488' title='bbox 1018 3757 1080 3822; x_wconf 89' lang='lat' dir='ltr'>post</span> <span class='ocrx_word' id='word_1_489' title='bbox 1095 3749 1188 3808; x_wconf 82' lang='lat' dir='ltr'>ioedus</span> <span class='ocrx_word' id='word_1_490' title='bbox 1201 3750 1316 3807; x_wconf 84' lang='lat' dir='ltr'>Cbristo</span> <span class='ocrx_word' id='word_1_491' title='bbox 1332 3751 1517 3823; x_wconf 90' lang='lat' dir='ltr'>promissum,</span> <span class='ocrx_word' id='word_1_492' title='bbox 1534 3750 1667 3820; x_wconf 85' lang='lat' dir='ltr'>iniquum</span> <span class='ocrx_word' id='word_1_493' title='bbox 1688 3752 1718 3804; x_wconf 90' lang='lat' dir='ltr'>et</span> <span class='ocrx_word' id='word_1_494' title='bbox 1731 3746 1847 3804; x_wconf 90' lang='lat' dir='ltr'>violen-</span> 
     </span>
     <span class='ocr_line' id='line_1_55' title="bbox 1016 3835 1846 3913; baseline -0.006 -17"><span class='ocrx_word' id='word_1_495' title='bbox 1016 3846 1077 3896; x_wconf 86' lang='lat' dir='ltr'>tum</span> <span class='ocrx_word' id='word_1_496' title='bbox 1097 3840 1281 3913; x_wconf 77' lang='lat' dir='ltr'>coniugium:</span> <span class='ocrx_word' id='word_1_497' title='bbox 1298 3845 1325 3896; x_wconf 91' lang='lat' dir='ltr'>et</span> <span class='ocrx_word' id='word_1_498' title='bbox 1339 3840 1413 3910; x_wconf 89' lang='lat' dir='ltr'>quod</span> <span class='ocrx_word' id='word_1_499' title='bbox 1429 3839 1477 3896; x_wconf 87' lang='lat' dir='ltr'>lais</span> <span class='ocrx_word' id='word_1_500' title='bbox 1489 3837 1624 3895; x_wconf 91' lang='lat' dir='ltr'>omnibus</span> <span class='ocrx_word' id='word_1_501' title='bbox 1642 3842 1685 3894; x_wconf 92' lang='lat' dir='ltr'>est</span> <span class='ocrx_word' id='word_1_502' title='bbox 1700 3835 1846 3893; x_wconf 88' lang='lat' dir='ltr'>truculen-</span> 
     </span>
     <span class='ocr_line' id='line_1_56' title="bbox 1017 3927 1846 4001; baseline -0.007 -16"><span class='ocrx_word' id='word_1_503' title='bbox 1017 3929 1086 4001; x_wconf 88' lang='lat' dir='ltr'>tius,</span> <span class='ocrx_word' id='word_1_504' title='bbox 1105 3929 1270 3986; x_wconf 91' lang='lat' dir='ltr'>bomicidia.</span> <span class='ocrx_word' id='word_1_505' title='bbox 1300 3929 1334 3984; x_wconf 91' lang='lat' dir='ltr'>lli</span> <span class='ocrx_word' id='word_1_506' title='bbox 1351 3935 1419 3985; x_wconf 94' lang='lat' dir='ltr'>sunt</span> <span class='ocrx_word' id='word_1_507' title='bbox 1450 3929 1561 3985; x_wconf 87' lang='lat' dir='ltr'>tructus</span> <span class='ocrx_word' id='word_1_508' title='bbox 1580 3933 1680 3983; x_wconf 88' lang='lat' dir='ltr'>contra</span> <span class='ocrx_word' id='word_1_509' title='bbox 1696 3927 1846 3982; x_wconf 83' lang='lat' dir='ltr'>veritatem</span> 
     </span>
     <span class='ocr_line' id='line_1_57' title="bbox 1018 4012 1845 4090; baseline -0.005 -17"><span class='ocrx_word' id='word_1_510' title='bbox 1018 4018 1205 4090; x_wconf 87' lang='lat' dir='ltr'>pervicaciter</span> <span class='ocrx_word' id='word_1_511' title='bbox 1219 4018 1469 4075; x_wconf 87' lang='lat' dir='ltr'>contendentium:</span> <span class='ocrx_word' id='word_1_512' title='bbox 1495 4018 1554 4074; x_wconf 76' lang='lat' dir='ltr'>bec</span> <span class='ocrx_word' id='word_1_513' title='bbox 1568 4024 1612 4073; x_wconf 92' lang='lat' dir='ltr'>est</span> <span class='ocrx_word' id='word_1_514' title='bbox 1623 4017 1741 4072; x_wconf 88' lang='lat' dir='ltr'>vesania</span> <span class='ocrx_word' id='word_1_515' title='bbox 1758 4012 1845 4070; x_wconf 90' lang='lat' dir='ltr'>mani·</span> 
     </span>
     <span class='ocr_line' id='line_1_58' title="bbox 1018 4105 1847 4181; baseline -0.006 -18"><span class='ocrx_word' id='word_1_516' title='bbox 1018 4107 1099 4181; x_wconf 87' lang='lat' dir='ltr'>testa,</span> <span class='ocrx_word' id='word_1_517' title='bbox 1115 4114 1143 4165; x_wconf 92' lang='lat' dir='ltr'>et</span> <span class='ocrx_word' id='word_1_518' title='bbox 1157 4121 1213 4164; x_wconf 91' lang='lat' dir='ltr'>non</span> <span class='ocrx_word' id='word_1_519' title='bbox 1235 4108 1380 4179; x_wconf 87' lang='lat' dir='ltr'>judicium</span> <span class='ocrx_word' id='word_1_520' title='bbox 1399 4122 1514 4165; x_wconf 85' lang='lat' dir='ltr'>verum:</span> <span class='ocrx_word' id='word_1_521' title='bbox 1531 4121 1594 4179; x_wconf 80' lang='lat' dir='ltr'>qnae</span> <span class='ocrx_word' id='word_1_522' title='bbox 1619 4105 1692 4162; x_wconf 90' lang='lat' dir='ltr'>vidit</span> <span class='ocrx_word' id='word_1_523' title='bbox 1708 4107 1803 4172; x_wconf 80' lang='lat' dir='ltr'>Deus,</span> <span class='ocrx_word' id='word_1_524' title='bbox 1820 4108 1847 4159; x_wconf 90' lang='lat' dir='ltr'>et</span> 
     </span>
     <span class='ocr_line' id='line_1_59' title="bbox 1019 4194 1848 4256; baseline -0.007 -1"><span class='ocrx_word' id='word_1_525' title='bbox 1019 4200 1065 4255; x_wconf 92' lang='lat' dir='ltr'>his</span> <span class='ocrx_word' id='word_1_526' title='bbox 1087 4198 1222 4256; x_wconf 92' lang='lat' dir='ltr'>omnibus</span> <span class='ocrx_word' id='word_1_527' title='bbox 1246 4198 1396 4255; x_wconf 87' lang='lat' dir='ltr'>continuis</span> <span class='ocrx_word' id='word_1_528' title='bbox 1421 4198 1505 4255; x_wconf 90' lang='lat' dir='ltr'>malis</span> <span class='ocrx_word' id='word_1_529' title='bbox 1538 4196 1672 4253; x_wconf 86' lang='lat' dir='ltr'>liberavit</span> <span class='ocrx_word' id='word_1_530' title='bbox 1691 4194 1848 4252; x_wconf 76' lang='lat' dir='ltr'>Ecclesiam</span> 
     </span>
     <span class='ocr_line' id='line_1_60' title="bbox 1019 4286 1850 4360; baseline -0.008 -14"><span class='ocrx_word' id='word_1_531' title='bbox 1019 4304 1109 4347; x_wconf 90' lang='lat' dir='ltr'>suam.</span> <span class='ocrx_word' id='word_1_532' title='bbox 1122 4290 1155 4346; x_wconf 89' lang='lat' dir='ltr'>Et</span> <span class='ocrx_word' id='word_1_533' title='bbox 1167 4286 1259 4360; x_wconf 86' lang='lat' dir='ltr'>gloria</span> <span class='ocrx_word' id='word_1_534' title='bbox 1275 4287 1342 4359; x_wconf 87' lang='lat' dir='ltr'>ipsi.</span> <span class='ocrx_word' id='word_1_535' title='bbox 1355 4288 1453 4344; x_wconf 85' lang='lat' dir='ltr'>dmen.</span> <span class='ocrx_word' id='word_1_536' title='bbox 1470 4290 1509 4344; x_wconf 84' lang='lat' dir='ltr'>De</span> <span class='ocrx_word' id='word_1_537' title='bbox 1525 4299 1646 4360; x_wconf 89' lang='lat' dir='ltr'>nequam</span> <span class='ocrx_word' id='word_1_538' title='bbox 1664 4290 1763 4342; x_wconf 88' lang='lat' dir='ltr'>autem</span> <span class='ocrx_word' id='word_1_539' title='bbox 1778 4297 1850 4341; x_wconf 89' lang='lat' dir='ltr'>con-</span> 
     </span>
    </p>
   </div>
   <div class='ocr_carea' id='block_1_14' title="bbox 138 4374 1850 4456">
    <p class='ocr_par' dir='ltr' id='par_1_17' title="bbox 138 4374 1850 4456">
     <span class='ocr_line' id='line_1_61' title="bbox 138 4374 1850 4456; baseline -0.006 -17"><span class='ocrx_word' id='word_1_540' title='bbox 138 4380 271 4456; x_wconf 89' lang='lat' dir='ltr'>proianas</span> <span class='ocrx_word' id='word_1_541' title='bbox 311 4394 411 4438; x_wconf 91' lang='lat' dir='ltr'>vocum</span> <span class='ocrx_word' id='word_1_542' title='bbox 443 4381 584 4439; x_wconf 82' lang='lat' dir='ltr'>novitates</span> <span class='ocrx_word' id='word_1_543' title='bbox 625 4380 796 4452; x_wconf 74' lang='lat' dir='ltr'>precipiens</span> <span class='ocrx_word' id='word_1_544' title='bbox 837 4378 1365 4449; x_wconf 88' lang='lat' dir='ltr'>devitareDsiliosuocontempti,a</span> <span class='ocrx_word' id='word_1_545' title='bbox 1387 4377 1506 4434; x_wconf 89' lang='lat' dir='ltr'>veritate</span> <span class='ocrx_word' id='word_1_546' title='bbox 1526 4374 1789 4449; x_wconf 80' lang='lat' dir='ltr'>arguuntur,dum</span> <span class='ocrx_word' id='word_1_547' title='bbox 1804 4379 1850 4429; x_wconf 87' lang='lat' dir='ltr'>ta-</span> 
     </span>
    </p>
   </div>
   <div class='ocr_carea' id='block_1_15' title="bbox 135 4470 973 5610">
    <p class='ocr_par' dir='ltr' id='par_1_18' title="bbox 135 4470 973 5610">
     <span class='ocr_line' id='line_1_62' title="bbox 135 4470 964 4547; baseline 0.002 -18"><span class='ocrx_word' id='word_1_548' title='bbox 135 4471 173 4547; x_wconf 82' lang='lat' dir='ltr'>(l</span> <span class='ocrx_word' id='word_1_549' title='bbox 199 4475 267 4528; x_wconf 82' lang='lat' dir='ltr'>Tim.</span> <span class='ocrx_word' id='word_1_550' title='bbox 297 4485 337 4544; x_wconf 91' lang='lat' dir='ltr'>vr,</span> <span class='ocrx_word' id='word_1_551' title='bbox 363 4473 393 4527; x_wconf 87' lang='lat' dir='ltr'>ll</span> <span class='ocrx_word' id='word_1_552' title='bbox 419 4473 487 4526; x_wconf 83' lang='lat' dir='ltr'>Tim.</span> <span class='ocrx_word' id='word_1_553' title='bbox 517 4483 550 4543; x_wconf 93' lang='lat' dir='ltr'>n,</span> <span class='ocrx_word' id='word_1_554' title='bbox 580 4472 632 4525; x_wconf 82' lang='lat' dir='ltr'>Tit.</span> <span class='ocrx_word' id='word_1_555' title='bbox 652 4485 684 4526; x_wconf 94' lang='grc' dir='ltr'>ιιι</span> <span class='ocrx_word' id='word_1_556' title='bbox 702 4470 742 4545; x_wconf 73' lang='lat' dir='ltr'>it</span> <span class='ocrx_word' id='word_1_557' title='bbox 769 4472 874 4530; x_wconf 91' lang='lat' dir='ltr'>Omnes</span> <span class='ocrx_word' id='word_1_558' title='bbox 897 4488 964 4547; x_wconf 88' lang='lat' dir='ltr'>ergo</span> 
     </span>
     <span class='ocr_line' id='line_1_63' title="bbox 137 4559 965 4632; baseline 0.001 -12"><span class='ocrx_word' id='word_1_559' title='bbox 137 4561 297 4620; x_wconf 81' lang='lat' dir='ltr'>Christiani</span> <span class='ocrx_word' id='word_1_560' title='bbox 321 4567 457 4632; x_wconf 72' lang='lat' dir='ltr'>unquam</span> <span class='ocrx_word' id='word_1_561' title='bbox 487 4559 518 4616; x_wconf 92' lang='lat' dir='ltr'>in</span> <span class='ocrx_word' id='word_1_562' title='bbox 547 4562 644 4615; x_wconf 87' lang='lat' dir='ltr'>sancta</span> <span class='ocrx_word' id='word_1_563' title='bbox 672 4560 815 4618; x_wconf 85' lang='lat' dir='ltr'>catholiea</span> <span class='ocrx_word' id='word_1_564' title='bbox 840 4563 965 4621; x_wconf 87' lang='lat' dir='ltr'>Ecclesia</span> 
     </span>
     <span class='ocr_line' id='line_1_64' title="bbox 139 4649 965 4726; baseline 0.004 -18"><span class='ocrx_word' id='word_1_565' title='bbox 139 4651 241 4724; x_wconf 87' lang='lat' dir='ltr'>geniti,</span> <span class='ocrx_word' id='word_1_566' title='bbox 257 4651 428 4707; x_wconf 87' lang='lat' dir='ltr'>traditiones</span> <span class='ocrx_word' id='word_1_567' title='bbox 446 4662 519 4721; x_wconf 82' lang='lat' dir='ltr'>quas</span> <span class='ocrx_word' id='word_1_568' title='bbox 537 4649 709 4721; x_wconf 84' lang='lat' dir='ltr'>accepimus,</span> <span class='ocrx_word' id='word_1_569' title='bbox 728 4655 865 4726; x_wconf 88' lang='lat' dir='ltr'>tenemus,</span> <span class='ocrx_word' id='word_1_570' title='bbox 882 4657 911 4711; x_wconf 93' lang='grc' dir='ltr'>ει</span> <span class='ocrx_word' id='word_1_571' title='bbox 935 4653 965 4710; x_wconf 89' lang='lat' dir='ltr'>in</span> 
     </span>
     <span class='ocr_line' id='line_1_65' title="bbox 140 4738 967 4816; baseline 0.005 -20"><span class='ocrx_word' id='word_1_572' title='bbox 140 4739 203 4797; x_wconf 90' lang='lat' dir='ltr'>illis</span> <span class='ocrx_word' id='word_1_573' title='bbox 214 4739 389 4810; x_wconf 89' lang='lat' dir='ltr'>stabilimur,</span> <span class='ocrx_word' id='word_1_574' title='bbox 405 4745 433 4795; x_wconf 90' lang='lat' dir='ltr'>et</span> <span class='ocrx_word' id='word_1_575' title='bbox 452 4738 592 4795; x_wconf 86' lang='lat' dir='ltr'>novitates</span> <span class='ocrx_word' id='word_1_576' title='bbox 606 4752 707 4797; x_wconf 94' lang='lat' dir='ltr'>vocum</span> <span class='ocrx_word' id='word_1_577' title='bbox 722 4741 893 4816; x_wconf 87' lang='lat' dir='ltr'>devitamus,</span> <span class='ocrx_word' id='word_1_578' title='bbox 918 4757 967 4800; x_wconf 90' lang='lat' dir='ltr'>se-</span> 
     </span>
     <span class='ocr_line' id='line_1_66' title="bbox 141 4827 967 4905; baseline 0.007 -21"><span class='ocrx_word' id='word_1_579' title='bbox 141 4835 259 4901; x_wconf 82' lang='lat' dir='ltr'>quentes</span> <span class='ocrx_word' id='word_1_580' title='bbox 271 4828 402 4885; x_wconf 90' lang='lat' dir='ltr'>divinum</span> <span class='ocrx_word' id='word_1_581' title='bbox 410 4827 588 4899; x_wconf 79' lang='lat' dir='ltr'>Apostolum.</span> <span class='ocrx_word' id='word_1_582' title='bbox 597 4831 632 4886; x_wconf 90' lang='lat' dir='ltr'>Et</span> <span class='ocrx_word' id='word_1_583' title='bbox 640 4835 782 4902; x_wconf 85' lang='lat' dir='ltr'>quotquot</span> <span class='ocrx_word' id='word_1_584' title='bbox 793 4847 842 4903; x_wconf 90' lang='lat' dir='ltr'>per</span> <span class='ocrx_word' id='word_1_585' title='bbox 850 4833 967 4905; x_wconf 88' lang='lat' dir='ltr'>singula</span> 
     </span>
     <span class='ocr_line' id='line_1_67' title="bbox 141 4917 968 4994; baseline 0.006 -19"><span class='ocrx_word' id='word_1_586' title='bbox 141 4925 268 4990; x_wconf 89' lang='lat' dir='ltr'>tempora</span> <span class='ocrx_word' id='word_1_587' title='bbox 283 4917 432 4975; x_wconf 91' lang='lat' dir='ltr'>nobilibus</span> <span class='ocrx_word' id='word_1_588' title='bbox 446 4918 579 4976; x_wconf 88' lang='lat' dir='ltr'>Patribus</span> <span class='ocrx_word' id='word_1_589' title='bbox 598 4920 706 4977; x_wconf 87' lang='lat' dir='ltr'>nostris</span> <span class='ocrx_word' id='word_1_590' title='bbox 721 4921 783 4978; x_wconf 89' lang='lat' dir='ltr'>visa</span> <span class='ocrx_word' id='word_1_591' title='bbox 797 4927 866 4979; x_wconf 91' lang='lat' dir='ltr'>suut</span> <span class='ocrx_word' id='word_1_592' title='bbox 880 4937 968 4994; x_wconf 91' lang='lat' dir='ltr'>supra</span> 
     </span>
     <span class='ocr_line' id='line_1_68' title="bbox 143 5007 969 5084; baseline 0.005 -20"><span class='ocrx_word' id='word_1_593' title='bbox 143 5007 360 5066; x_wconf 89' lang='lat' dir='ltr'>tundamentum</span> <span class='ocrx_word' id='word_1_594' title='bbox 380 5008 576 5080; x_wconf 88' lang='lat' dir='ltr'>apostolorum</span> <span class='ocrx_word' id='word_1_595' title='bbox 595 5013 624 5066; x_wconf 92' lang='lat' dir='ltr'>et</span> <span class='ocrx_word' id='word_1_596' title='bbox 645 5011 847 5081; x_wconf 85' lang='lat' dir='ltr'>prophetarum</span> <span class='ocrx_word' id='word_1_597' title='bbox 863 5027 969 5084; x_wconf 92' lang='lat' dir='ltr'>snper-</span> 
     </span>
     <span class='ocr_line' id='line_1_69' title="bbox 143 5096 966 5174; baseline 0.006 -20"><span class='ocrx_word' id='word_1_598' title='bbox 143 5096 320 5170; x_wconf 83' lang='lat' dir='ltr'>aedificanda,</span> <span class='ocrx_word' id='word_1_599' title='bbox 337 5097 508 5168; x_wconf 83' lang='lat' dir='ltr'>recipimus.-</span> <span class='ocrx_word' id='word_1_600' title='bbox 521 5111 627 5156; x_wconf 87' lang='lat' dir='ltr'>cavero</span> <span class='ocrx_word' id='word_1_601' title='bbox 638 5114 701 5170; x_wconf 86' lang='lat' dir='ltr'>quae</span> <span class='ocrx_word' id='word_1_602' title='bbox 715 5100 801 5157; x_wconf 91' lang='lat' dir='ltr'>aliter</span> <span class='ocrx_word' id='word_1_603' title='bbox 810 5115 841 5157; x_wconf 85' lang='lat' dir='ltr'>se</span> <span class='ocrx_word' id='word_1_604' title='bbox 852 5101 966 5174; x_wconf 88' lang='lat' dir='ltr'>babent,</span> 
     </span>
     <span class='ocr_line' id='line_1_70' title="bbox 144 5187 969 5261; baseline 0.004 -16"><span class='ocrx_word' id='word_1_605' title='bbox 144 5192 177 5245; x_wconf 91' lang='lat' dir='ltr'>ut</span> <span class='ocrx_word' id='word_1_606' title='bbox 192 5187 352 5245; x_wconf 79' lang='lat' dir='ltr'>inimicaret</span> <span class='ocrx_word' id='word_1_607' title='bbox 372 5187 572 5259; x_wconf 87' lang='lat' dir='ltr'>impugnantia</span> <span class='ocrx_word' id='word_1_608' title='bbox 596 5201 787 5261; x_wconf 82' lang='lat' dir='ltr'>exsecramur,</span> <span class='ocrx_word' id='word_1_609' title='bbox 808 5190 905 5247; x_wconf 90' lang='lat' dir='ltr'>omnia</span> <span class='ocrx_word' id='word_1_610' title='bbox 922 5193 969 5248; x_wconf 91' lang='lat' dir='ltr'>vi-</span> 
     </span>
     <span class='ocr_line' id='line_1_71' title="bbox 144 5277 970 5350; baseline 0.001 -11"><span class='ocrx_word' id='word_1_611' title='bbox 144 5280 249 5340; x_wconf 87' lang='lat' dir='ltr'>delicet</span> <span class='ocrx_word' id='word_1_612' title='bbox 264 5291 357 5350; x_wconf 88' lang='lat' dir='ltr'>quaea</span> <span class='ocrx_word' id='word_1_613' title='bbox 374 5277 509 5349; x_wconf 89' lang='lat' dir='ltr'>pessimis</span> <span class='ocrx_word' id='word_1_614' title='bbox 534 5283 562 5334; x_wconf 90' lang='lat' dir='ltr'>et</span> <span class='ocrx_word' id='word_1_615' title='bbox 589 5278 689 5349; x_wconf 91' lang='lat' dir='ltr'>impiis</span> <span class='ocrx_word' id='word_1_616' title='bbox 718 5279 876 5337; x_wconf 87' lang='lat' dir='ltr'>haeresibus</span> <span class='ocrx_word' id='word_1_617' title='bbox 899 5296 970 5340; x_wconf 88' lang='lat' dir='ltr'>vane</span> 
     </span>
     <span class='ocr_line' id='line_1_72' title="bbox 144 5366 972 5441; baseline 0 -13"><span class='ocrx_word' id='word_1_618' title='bbox 144 5371 312 5441; x_wconf 89' lang='lat' dir='ltr'>deprompta</span> <span class='ocrx_word' id='word_1_619' title='bbox 330 5371 414 5425; x_wconf 89' lang='lat' dir='ltr'>snut:</span> <span class='ocrx_word' id='word_1_620' title='bbox 437 5379 503 5424; x_wconf 92' lang='lat' dir='ltr'>cum</span> <span class='ocrx_word' id='word_1_621' title='bbox 529 5366 636 5437; x_wconf 88' lang='lat' dir='ltr'>quibus</span> <span class='ocrx_word' id='word_1_622' title='bbox 659 5373 687 5424; x_wconf 90' lang='lat' dir='ltr'>et</span> <span class='ocrx_word' id='word_1_623' title='bbox 714 5369 824 5425; x_wconf 92' lang='lat' dir='ltr'>noviter</span> <span class='ocrx_word' id='word_1_624' title='bbox 845 5367 972 5428; x_wconf 80' lang='lat' dir='ltr'>sabrata-</span> 
     </span>
     <span class='ocr_line' id='line_1_73' title="bbox 147 5457 972 5532; baseline 0.001 -14"><span class='ocrx_word' id='word_1_625' title='bbox 147 5467 221 5518; x_wconf 89' lang='lat' dir='ltr'>ctam</span> <span class='ocrx_word' id='word_1_626' title='bbox 236 5458 416 5516; x_wconf 87' lang='lat' dir='ltr'>Cbristianos</span> <span class='ocrx_word' id='word_1_627' title='bbox 437 5457 634 5513; x_wconf 87' lang='lat' dir='ltr'>accusantium</span> <span class='ocrx_word' id='word_1_628' title='bbox 650 5458 858 5531; x_wconf 84' lang='lat' dir='ltr'>garrulitatem,</span> <span class='ocrx_word' id='word_1_629' title='bbox 874 5465 972 5532; x_wconf 92' lang='lat' dir='ltr'>utpote</span> 
     </span>
     <span class='ocr_line' id='line_1_74' title="bbox 148 5547 973 5610; baseline 0.005 -4"><span class='ocrx_word' id='word_1_630' title='bbox 148 5554 205 5608; x_wconf 82' lang='lat' dir='ltr'>bea</span> <span class='ocrx_word' id='word_1_631' title='bbox 229 5549 366 5607; x_wconf 90' lang='lat' dir='ltr'>odibilem</span> <span class='ocrx_word' id='word_1_632' title='bbox 381 5561 563 5605; x_wconf 82' lang='lat' dir='ltr'>exsecramur</span> <span class='ocrx_word' id='word_1_633' title='bbox 576 5547 781 5606; x_wconf 89' lang='lat' dir='ltr'>abominantes.</span> <span class='ocrx_word' id='word_1_634' title='bbox 811 5552 896 5608; x_wconf 84' lang='lat' dir='ltr'>Porro</span> <span class='ocrx_word' id='word_1_635' title='bbox 919 5567 973 5610; x_wconf 84' lang='lat' dir='ltr'>ex-</span> 
     </span>
    </p>
   </div>
   <div class='ocr_carea' id='block_1_16' title="bbox 1020 4468 1645 4647">
    <p class='ocr_par' dir='ltr' id='par_1_19' title="bbox 1020 4468 1645 4647">
     <span class='ocr_line' id='line_1_75' title="bbox 1020 4468 1199 4529; baseline -0.028 -3"><span class='ocrx_word' id='word_1_636' title='bbox 1020 4469 1087 4529; x_wconf 88' lang='lat' dir='ltr'>liter</span> <span class='ocrx_word' id='word_1_637' title='bbox 1099 4468 1199 4526; x_wconf 90' lang='lat' dir='ltr'>aiunt:</span> 
     </span>
     <span class='ocr_line' id='line_1_76' title="bbox 1253 4575 1645 4647; baseline -0.005 -18"><span class='ocrx_word' id='word_1_638' title='bbox 1253 4576 1395 4644; x_wconf 74' lang='lat' dir='ltr'>Gregorius</span> <span class='ocrx_word' id='word_1_639' title='bbox 1410 4577 1550 4647; x_wconf 84' lang='lat' dir='ltr'>episcopus</span> <span class='ocrx_word' id='word_1_640' title='bbox 1564 4575 1645 4641; x_wconf 77' lang='lat' dir='ltr'>lepis:</span> 
     </span>
    </p>
   </div>
   <div class='ocr_carea' id='block_1_17' title="bbox 1023 4699 1853 5321">
    <p class='ocr_par' dir='ltr' id='par_1_20' title="bbox 1023 4699 1853 5321">
     <span class='ocr_line' id='line_1_77' title="bbox 1059 4699 1851 4774; baseline -0.001 -16"><span class='ocrx_word' id='word_1_641' title='bbox 1059 4725 1072 4758; x_wconf 82' lang='lat' dir='ltr'>a</span> <span class='ocrx_word' id='word_1_642' title='bbox 1088 4703 1245 4760; x_wconf 79' lang='lat' dir='ltr'>Definimus</span> <span class='ocrx_word' id='word_1_643' title='bbox 1258 4708 1352 4760; x_wconf 87' lang='lat' dir='ltr'>autem</span> <span class='ocrx_word' id='word_1_644' title='bbox 1372 4708 1400 4760; x_wconf 91' lang='grc' dir='ltr'>ει</span> <span class='ocrx_word' id='word_1_645' title='bbox 1422 4703 1484 4774; x_wconf 93' lang='lat' dir='ltr'>boc,</span> <span class='ocrx_word' id='word_1_646' title='bbox 1501 4716 1556 4760; x_wconf 96' lang='lat' dir='ltr'>non</span> <span class='ocrx_word' id='word_1_647' title='bbox 1578 4701 1684 4759; x_wconf 85' lang='lat' dir='ltr'>audere</span> <span class='ocrx_word' id='word_1_648' title='bbox 1704 4699 1851 4759; x_wconf 88' lang='lat' dir='ltr'>bominem</span> 
     </span>
     <span class='ocr_line' id='line_1_78' title="bbox 1023 4790 1850 4867; baseline -0.001 -20"><span class='ocrx_word' id='word_1_649' title='bbox 1023 4814 1036 4847; x_wconf 87' lang='grc' dir='ltr'>ιι</span> <span class='ocrx_word' id='word_1_650' title='bbox 1053 4794 1219 4867; x_wconf 71' lang='lat' dir='ltr'>quemlibet,</span> <span class='ocrx_word' id='word_1_651' title='bbox 1236 4793 1287 4866; x_wconf 84' lang='lat' dir='ltr'>qui</span> <span class='ocrx_word' id='word_1_652' title='bbox 1299 4792 1434 4850; x_wconf 77' lang='lat' dir='ltr'>Ecclesia</span> <span class='ocrx_word' id='word_1_653' title='bbox 1444 4792 1493 4849; x_wconf 87' lang='lat' dir='ltr'>Dei</span> <span class='ocrx_word' id='word_1_654' title='bbox 1511 4799 1561 4849; x_wconf 90' lang='lat' dir='ltr'>aut</span> <span class='ocrx_word' id='word_1_655' title='bbox 1575 4790 1738 4849; x_wconf 88' lang='lat' dir='ltr'>venerabili</span> <span class='ocrx_word' id='word_1_656' title='bbox 1752 4791 1850 4850; x_wconf 91' lang='lat' dir='ltr'>domni</span> 
     </span>
     <span class='ocr_line' id='line_1_79' title="bbox 1023 4882 1851 4956; baseline -0.005 -14"><span class='ocrx_word' id='word_1_657' title='bbox 1023 4903 1037 4935; x_wconf 79' lang='lat' dir='ltr'>a</span> <span class='ocrx_word' id='word_1_658' title='bbox 1054 4890 1164 4956; x_wconf 82' lang='lat' dir='ltr'>praest.</span> <span class='ocrx_word' id='word_1_659' title='bbox 1181 4884 1235 4941; x_wconf 87' lang='lat' dir='ltr'>sub</span> <span class='ocrx_word' id='word_1_660' title='bbox 1248 4884 1366 4941; x_wconf 90' lang='lat' dir='ltr'>obtentu</span> <span class='ocrx_word' id='word_1_661' title='bbox 1380 4882 1588 4940; x_wconf 89' lang='lat' dir='ltr'>diminutionis</span> <span class='ocrx_word' id='word_1_662' title='bbox 1602 4882 1670 4938; x_wconf 89' lang='lat' dir='ltr'>talis</span> <span class='ocrx_word' id='word_1_663' title='bbox 1692 4882 1851 4956; x_wconf 88' lang='lat' dir='ltr'>imaginum</span> 
     </span>
     <span class='ocr_line' id='line_1_80' title="bbox 1024 4973 1850 5043; baseline 0 -17"><span class='ocrx_word' id='word_1_664' title='bbox 1024 4976 1160 5032; x_wconf 82' lang='lat' dir='ltr'>»erroris</span> <span class='ocrx_word' id='word_1_665' title='bbox 1183 4975 1296 5031; x_wconf 88' lang='lat' dir='ltr'>mittere</span> <span class='ocrx_word' id='word_1_666' title='bbox 1323 4987 1423 5030; x_wconf 88' lang='lat' dir='ltr'>manus</span> <span class='ocrx_word' id='word_1_667' title='bbox 1448 4986 1516 5030; x_wconf 90' lang='lat' dir='ltr'>snas</span> <span class='ocrx_word' id='word_1_668' title='bbox 1532 4973 1561 5028; x_wconf 90' lang='lat' dir='ltr'>in</span> <span class='ocrx_word' id='word_1_669' title='bbox 1584 4977 1684 5028; x_wconf 88' lang='lat' dir='ltr'>sancta</span> <span class='ocrx_word' id='word_1_670' title='bbox 1707 4985 1777 5029; x_wconf 90' lang='lat' dir='ltr'>vasa</span> <span class='ocrx_word' id='word_1_671' title='bbox 1791 4983 1850 5043; x_wconf 80' lang='lat' dir='ltr'>quac</span> 
     </span>
     <span class='ocr_line' id='line_1_81' title="bbox 1025 5060 1852 5137; baseline 0.001 -22"><span class='ocrx_word' id='word_1_672' title='bbox 1025 5083 1038 5116; x_wconf 90' lang='grc' dir='ltr'>ι</span> <span class='ocrx_word' id='word_1_673' title='bbox 1052 5070 1121 5122; x_wconf 92' lang='lat' dir='ltr'>sunt</span> <span class='ocrx_word' id='word_1_674' title='bbox 1145 5066 1201 5121; x_wconf 86' lang='lat' dir='ltr'>Deo</span> <span class='ocrx_word' id='word_1_675' title='bbox 1225 5064 1369 5137; x_wconf 89' lang='lat' dir='ltr'>deputata,</span> <span class='ocrx_word' id='word_1_676' title='bbox 1390 5076 1476 5121; x_wconf 88' lang='lat' dir='ltr'>causa</span> <span class='ocrx_word' id='word_1_677' title='bbox 1500 5061 1742 5120; x_wconf 85' lang='lat' dir='ltr'>transterendiea</span> <span class='ocrx_word' id='word_1_678' title='bbox 1767 5060 1852 5119; x_wconf 90' lang='lat' dir='ltr'>insi·</span> 
     </span>
     <span class='ocr_line' id='line_1_82' title="bbox 1025 5150 1853 5228; baseline 0 -22"><span class='ocrx_word' id='word_1_679' title='bbox 1025 5174 1038 5206; x_wconf 84' lang='grc' dir='ltr'>ιι</span> <span class='ocrx_word' id='word_1_680' title='bbox 1056 5154 1181 5211; x_wconf 88' lang='lat' dir='ltr'>mulacra</span> <span class='ocrx_word' id='word_1_681' title='bbox 1191 5150 1266 5228; x_wconf 84' lang='lat' dir='ltr'>[Gr.,</span> <span class='ocrx_word' id='word_1_682' title='bbox 1278 5154 1308 5210; x_wconf 93' lang='lat' dir='ltr'>in</span> <span class='ocrx_word' id='word_1_683' title='bbox 1323 5153 1397 5210; x_wconf 90' lang='lat' dir='ltr'>alios</span> <span class='ocrx_word' id='word_1_684' title='bbox 1410 5168 1491 5227; x_wconf 92' lang='lat' dir='ltr'>usus,</span> <span class='ocrx_word' id='word_1_685' title='bbox 1502 5153 1578 5228; x_wconf 88' lang='lat' dir='ltr'>quod</span> <span class='ocrx_word' id='word_1_686' title='bbox 1590 5152 1761 5210; x_wconf 87' lang='lat' dir='ltr'>simulacris</span> <span class='ocrx_word' id='word_1_687' title='bbox 1769 5151 1853 5223; x_wconf 90' lang='lat' dir='ltr'>depi-</span> 
     </span>
     <span class='ocr_line' id='line_1_83' title="bbox 1026 5240 1230 5321; baseline -0.005 -25"><span class='ocrx_word' id='word_1_688' title='bbox 1026 5262 1039 5296; x_wconf 88' lang='grc' dir='ltr'>ι</span> <span class='ocrx_word' id='word_1_689' title='bbox 1054 5249 1099 5301; x_wconf 89' lang='lat' dir='ltr'>cta</span> <span class='ocrx_word' id='word_1_690' title='bbox 1112 5240 1199 5321; x_wconf 89' lang='lat' dir='ltr'>sint].</span> <span class='ocrx_word' id='word_1_691' title='bbox 1216 5262 1230 5295; x_wconf 88' lang='grc' dir='ltr'>ι</span> 
     </span>
    </p>
   </div>
   <div class='ocr_carea' id='block_1_18' title="bbox 1025 5352 1858 5624">
    <p class='ocr_par' dir='ltr' id='par_1_21' title="bbox 1025 5352 1858 5624">
     <span class='ocr_line' id='line_1_84' title="bbox 1220 5352 1633 5424; baseline 0 -16"><span class='ocrx_word' id='word_1_692' title='bbox 1220 5353 1391 5424; x_wconf 84' lang='lat' dir='ltr'>Epiphanius</span> <span class='ocrx_word' id='word_1_693' title='bbox 1407 5352 1537 5409; x_wconf 68' lang='lat' dir='ltr'>ducamus</span> <span class='ocrx_word' id='word_1_694' title='bbox 1551 5353 1633 5421; x_wconf 76' lang='lat' dir='ltr'>huit:</span> 
     </span>
     <span class='ocr_line' id='line_1_85' title="bbox 1061 5461 1856 5520; baseline -0.004 -2"><span class='ocrx_word' id='word_1_695' title='bbox 1061 5464 1124 5518; x_wconf 68' lang='lat' dir='ltr'>llaec</span> <span class='ocrx_word' id='word_1_696' title='bbox 1139 5476 1188 5520; x_wconf 90' lang='lat' dir='ltr'>ora</span> <span class='ocrx_word' id='word_1_697' title='bbox 1215 5476 1270 5519; x_wconf 91' lang='lat' dir='ltr'>non</span> <span class='ocrx_word' id='word_1_698' title='bbox 1300 5461 1464 5519; x_wconf 89' lang='lat' dir='ltr'>timentium</span> <span class='ocrx_word' id='word_1_699' title='bbox 1491 5461 1645 5518; x_wconf 85' lang='lat' dir='ltr'>Dominum</span> <span class='ocrx_word' id='word_1_700' title='bbox 1672 5465 1856 5520; x_wconf 88' lang='lat' dir='ltr'>eructarunt.</span> 
     </span>
     <span class='ocr_line' id='line_1_86' title="bbox 1025 5549 1858 5624; baseline 0 -14"><span class='ocrx_word' id='word_1_701' title='bbox 1025 5553 1097 5624; x_wconf 81' lang='lat' dir='ltr'>Quis</span> <span class='ocrx_word' id='word_1_702' title='bbox 1106 5553 1183 5611; x_wconf 87' lang='lat' dir='ltr'>anim</span> <span class='ocrx_word' id='word_1_703' title='bbox 1193 5565 1293 5611; x_wconf 89' lang='lat' dir='ltr'>eorum</span> <span class='ocrx_word' id='word_1_704' title='bbox 1303 5552 1353 5623; x_wconf 83' lang='lat' dir='ltr'>qui</span> <span class='ocrx_word' id='word_1_705' title='bbox 1366 5551 1471 5609; x_wconf 88' lang='lat' dir='ltr'>babent</span> <span class='ocrx_word' id='word_1_706' title='bbox 1481 5551 1582 5609; x_wconf 83' lang='lat' dir='ltr'>diuino</span> <span class='ocrx_word' id='word_1_707' title='bbox 1594 5549 1700 5609; x_wconf 85' lang='lat' dir='ltr'>timore</span> <span class='ocrx_word' id='word_1_708' title='bbox 1715 5553 1858 5610; x_wconf 80' lang='lat' dir='ltr'>confluam</span> 
     </span>
    </p>
   </div>
   <div class='ocr_carea' id='block_1_19' title="bbox 0 0 1978 6084">
    <p class='ocr_par' dir='ltr' id='par_1_22' title="bbox 0 0 1978 6084">
     <span class='ocr_line' id='line_1_87' title="bbox 0 0 1978 6084; baseline 0 0"><span class='ocrx_word' id='word_1_709' title='bbox 0 0 1978 6084; x_wconf 95' lang='lat' dir='ltr'> </span> 
     </span>
    </p>
   </div>
  </div>
 </body>
</html>
