3876 6090
70 298 143 359 «ιιι
613 294 660 353 us
677 293 830 355 uouaea.
850 296 1026 360 ιιιοιιι.
1046 300 1232 362 mammo.
1703 309 1773 373 ιιιι

68 431 147 487 cuim
167 428 198 484 iu
224 431 372 497 capturam
396 426 669 495 Norcomannorum,
684 427 712 481 et
732 423 775 480 sic
795 436 894 481 eorum
906 421 935 482 A
949 434 1044 486 scente
1058 435 1153 501 posset
1168 443 1314 506 apparere,
1340 439 1497 506 praesertin
1516 453 1581 497 cum
1604 440 1634 497 iu
1653 441 1772 512 pericu-

69 519 165 592 poeuis
185 517 306 574 attritus
322 515 480 573 interierat.
505 516 604 587 ltaque
626 514 764 585 paulatim
778 513 895 571 adnles-
949 516 1049 575 losiori
1065 524 1147 576 atate
1158 521 1217 591 tam
1234 530 1407 592 pervenerat.
1423 527 1490 582 Erat
1505 529 1592 600 enlm,
1607 533 1639 586 ut
1652 530 1773 587 aestima·

68 625 138 668 cens
158 607 369 666 informabatur
387 609 420 663 ut
440 605 546 662 collum
570 604 625 661 sub
651 604 786 678 levilugo
806 603 894 659 curi·
948 606 1043 679 batur,
1056 610 1152 667 decem
1162 616 1191 667 et
1204 617 1268 669 octo
1283 626 1434 672 annorum.
1454 616 1558 672 lterum
1574 624 1670 676 autem
1684 632 1772 677 vene-

68 703 108 760 sti
133 699 317 759 submitteret
339 701 426 766 atque
449 696 627 766 propositum
655 694 891 767 patrisexpleret
949 698 1052 756 rabilis
1065 700 1218 772 episcopus
1228 704 1402 774 perquisivit
1411 705 1437 761 st
1449 707 1676 767 cunetisdtebus
1686 710 1773 767 deget.

67 789 270 861 Sedmagister
293 787 322 843 id
352 785 414 841 tleri
438 799 520 855 posse
543 784 672 857 negabat,
687 784 895 854 dicenszQuie
950 791 1046 844 nasset
1065 802 1243 859 perseverare
1264 793 1295 849 lu
1319 793 1421 851 ordine
1436 796 1602 854 monastico.
1630 798 1682 854 llln
1705 813 1771 857 vern

69 891 251 952 nequaquam
281 876 338 933 buc
361 874 466 931 venisti
494 878 526 930 ut
548 874 704 931 monachus
732 872 893 943 efficereris,
949 875 1117 935 adtrmante
1140 884 1169 937 et
1184 885 1361 939 coratestante
1374 897 1469 941 coram
1491 886 1636 956 omulbus,
1651 887 1731 944 dedit
1743 888 1771 945 ei

69 984 122 1028 nec
138 970 202 1026 iden
218 972 367 1023 tonsuram
389 964 537 1035 accepisti,
563 963 610 1020 sed
635 978 685 1021 uec
707 967 837 1035 parentes
851 962 894 1019 tul
949 964 1177 1026 benedictionem
1191 970 1314 1029 domuus
1334 974 1496 1046 episcopus,
1515 976 1714 1049 concessitque
1726 977 1773 1036 lo-

69 1061 117 1117 bis
141 1055 325 1116 sermonibus
350 1054 546 1126 adquiescent.
575 1055 774 1111 perseverante
799 1057 894 1110 autem
948 1070 1013 1113 cum
1026 1060 1054 1114 ιι
1066 1059 1195 1117 ordinem
1210 1064 1398 1121 monasticum
1425 1078 1507 1136 quem
1521 1066 1641 1137 petebat.
1658 1067 1709 1124 llls
1733 1068 1773 1126 ita

69 1150 123 1207 illo
148 1148 179 1204 iu
202 1145 403 1203 antrustione
429 1147 458 1200 et
484 1143 650 1201 defensione
670 1143 711 1200 rei
732 1157 794 1215 quae
815 1146 895 1213 pete-
949 1148 1114 1219 transactis,
1125 1163 1190 1207 cum
1203 1152 1335 1209 audisset
1351 1151 1487 1224 praelatus
1506 1156 1677 1229 avunculus,
1688 1157 1774 1214 vide-

68 1239 157 1295 batur
171 1251 226 1294 unu
250 1235 359 1304 tleudae,
380 1234 504 1306 contigit
518 1239 551 1290 ut
571 1232 732 1291 avunculus
752 1232 826 1309 ejus,
843 1229 894 1301 qui
949 1235 1018 1294 licet
1031 1238 1112 1310 Urso,
1125 1245 1283 1297 remactam
1299 1241 1335 1299 ab
1353 1244 1487 1317 episcopo
1506 1244 1573 1316 (unu
1586 1246 1663 1304 enlm
1678 1245 1773 1304 tuerat

67 1342 133 1386 eum
163 1335 280 1398 paterno
312 1325 415 1382 adectu
443 1327 616 1395 susceperat,
643 1322 777 1380 videlicet
812 1320 893 1392 Urso,
950 1327 1018 1382 tuuc
1031 1342 1165 1397 praesens,
1180 1331 1248 1401 quia
1260 1331 1423 1391 infirmatus
1436 1334 1558 1406 quodam
1571 1335 1633 1393 loco
1640 1336 1772 1411 lacebat).

67 1418 228 1476 declinaret
268 1417 298 1473 iu
340 1415 546 1474 monasterium
585 1427 671 1471 causa
704 1412 891 1470 visitationis.
950 1416 1193 1490 graviteraccepit
1207 1435 1272 1477 cum
1283 1423 1395 1479 caeteris
1410 1423 1578 1495 parentibus
1596 1426 1671 1496 quod
1685 1439 1773 1496 nepos

67 1506 148 1576 Quod
171 1520 236 1564 cum
266 1505 354 1563 edilia
378 1507 607 1576 procurarentur
628 1509 656 1560 et
676 1502 796 1559 inuicem
822 1514 895 1557 cou-
949 1518 1047 1562 eorum
1061 1508 1191 1577 perditus
1203 1515 1278 1567 esset
1289 1512 1422 1569 seculoet
1435 1514 1602 1586 adquisitus
1613 1517 1679 1572 Deo
1694 1515 1775 1572 Misit

68 1598 279 1667 fabularentur,
315 1596 390 1652 iuter
422 1599 523 1651 catera
549 1608 633 1651 orsus
656 1596 700 1650 est
730 1591 895 1649 adolescens
949 1596 1296 1657 adarcersieudumeum.
1306 1601 1772 1676 Cumqueauteeumadstitisset,

67 1688 211 1747 avunculo
224 1688 373 1746 ostendere
387 1686 561 1744 voluntatem
580 1685 731 1757 propositi,
749 1683 895 1742 laborem·
949 1700 1014 1743 oum
1030 1689 1138 1745 omni
1130 1703 1173 1745 rra
1183 1693 1212 1747 et
1227 1691 1352 1748 mentis
1346 1692 1458 1749 msauia
1475 1693 1515 1750 ita
1530 1693 1564 1749 ad
1579 1708 1645 1751 eum
1660 1693 1774 1773 locutus

68 1795 124 1852 que
139 1794 223 1852 quem
242 1777 414 1852 patiebatur,
437 1791 470 1833 ιι
482 1781 576 1834 votum
594 1777 693 1847 patris.
707 1776 758 1832 llis
771 1776 891 1849 auditis,
908 1765 1007 1833 Βιιι.
1000 1776 1098 1847 ·Quid
1117 1775 1223 1849 iecisti,
1238 1779 1346 1837 miseri
1368 1780 1461 1850 Quare
1477 1782 1633 1839 monachus
1647 1796 1708 1840 esse
1720 1797 1775 1841 vo·

68 1871 203 1927 sacerdos
218 1883 274 1926 uon
301 1868 419 1924 minime
437 1865 810 1940 auxiusgraviterlerebat,
836 1880 892 1924 uou
949 1865 1242 1939 lunstn‘lCurelegrstr
1253 1882 1340 1925 unum
1354 1882 1471 1939 parvum
1483 1883 1773 1942 pauemprouumero

69 1956 186 2034 [umen]
201 1957 320 2014 minime
338 1957 535 2015 contradicere
549 1957 674 2014 audebat
696 1956 771 2029 quod
785 1956 893 2013 erbor-
947 1956 1111 2013 centenario
1124 1959 1153 2012 et
1166 1969 1266 2027 parum
1282 1957 1381 2013 viuum
1394 1971 1444 2028 pro
1459 1958 1601 2016 calicibus
1621 1962 1771 2031 epotandis

68 2048 124 2104 tari
138 2046 262 2104 uolebat.
283 2047 435 2104 consensit
451 2053 543 2103 tamen
559 2046 658 2102 nolens
672 2045 725 2102 diu
739 2046 846 2118 petenti
863 2049 893 2102 ut
948 2047 1082 2118 usquead
1095 2045 1280 2103 satietatem?
1293 2046 1481 2117 Quamobrem
1501 2048 1560 2105 vita
1576 2061 1726 2119 porcorum
1741 2051 1772 2108 lu

68 2136 175 2194 laceret
188 2137 263 2207 quod
281 2136 422 2207 poscebat.
438 2136 599 2207 Statimque
614 2139 723 2193 mutato
733 2134 836 2193 babitu
850 2137 893 2192 iu·
947 2135 1144 2208 leguminibus
1153 2141 1181 2193 et
1188 2136 1272 2193 horto
1284 2141 1315 2193 ut
1324 2135 1469 2194 sulflcieus
1479 2137 1534 2194 tibi
1547 2151 1624 2196 esses
1632 2137 1774 2197 voluisti?

67 2226 304 2297 duitcucullam3
319 2240 352 2283 ac
366 2228 470 2284 cadens
480 2227 513 2282 ad
529 2226 613 2297 pedes
625 2226 771 2297 avunculi,
784 2225 894 2283 oscula·
947 2224 1001 2281 Ubi
1017 2229 1103 2283 erunt
1113 2225 1226 2283 delicia
1241 2227 1372 2283 carnium
1386 2240 1458 2298 quas
1476 2227 1628 2302 dimisisti,
1644 2230 1773 2288 suavitas

71 2315 251 2373 tusestillos.
262 2314 309 2371 Sic
320 2314 355 2371 ab
367 2314 475 2372 illodlc
485 2314 654 2387 etmagister
664 2315 714 2386 qui
726 2315 891 2388 denegabat,
949 2316 1109 2388 potionum,
1125 2316 1278 2373 delectatio
1297 2330 1399 2374 cauum
1420 2316 1658 2389 accipitrumque,
1679 2324 1774 2377 tactus

67 2409 95 2462 et
110 2404 156 2461 illi
172 2405 222 2477 qul
237 2403 407 2461 deridebant
426 2417 522 2460 vocem
536 2403 692 2477 loquentis,
707 2404 736 2460 in
756 2403 894 2461 exhorta·
949 2405 1139 2475 voluptuosus
1157 2404 1336 2463 mulierum?
1350 2405 1419 2464 Cum
1442 2420 1510 2479 ergo
1522 2407 1651 2464 animum
1671 2408 1773 2466 adole-

69 2495 178 2551 tinuem
199 2498 227 2551 et
249 2493 475 2552 consolationem
499 2494 574 2550 versi
599 2497 675 2550 sunt.
700 2495 810 2551 luterea
832 2493 894 2551 illis
948 2494 1055 2550 sceutls
1073 2494 1247 2551 coutrahaec
1271 2493 1386 2552 tortlter
1401 2495 1534 2553 resistere
1547 2496 1668 2554 vidisset
1682 2502 1710 2555 et
1724 2511 1773 2553 re-

66 2585 171 2641 diebus
183 2583 488 2656 episcopusaoivitate
501 2583 617 2655 lougius
630 2589 793 2655 recesserat,
809 2598 895 2641 exer·
948 2596 1052 2653 sponsa
1077 2595 1133 2639 uon
1154 2582 1294 2654 juvenilis
1318 2584 1365 2640 sed
1390 2584 1491 2641 robore
1512 2584 1614 2642 senilis
1633 2589 1771 2657 cerneret,

68 2688 137 2731 cens
149 2688 223 2745 opus
243 2674 459 2746 predicationis
473 2678 501 2730 et
517 2674 747 2731 confirmationis
762 2688 812 2746 per
823 2688 894 2745 pro-
947 2672 1069 2730 addebat
1094 2672 1185 2729 multo
1208 2673 1401 2746 sceleratiora,
1427 2674 1467 2731 ita
1491 2678 1523 2732 ut
1548 2675 1634 2732 etlam
1658 2675 1775 2734 lenones

70 2765 197 2823 vinciam
214 2764 287 2821 locis
299 2763 480 2820 necessariis.
500 2763 569 2821 Cum
594 2769 688 2820 autem
705 2768 893 2824 reverteretur
949 2761 1116 2819 immitteret
1126 2762 1176 2834 qui
1190 2776 1254 2819 eum
1271 2767 1470 2835 provocarent3
1487 2764 1775 2822 necnouetlamcou-

67 2860 98 2911 et
111 2859 190 2911 esset
202 2867 258 2911 uon
275 2852 402 2925 lougeab
416 2852 495 2924 urbe,
508 2853 794 2925 vocaritmagistrum
806 2867 893 2924 supra
947 2851 1049 2906 citavit
1062 2855 1181 2907 caeteros
1192 2851 1361 2925 avunculos,
1378 2853 1682 2926 scilicetLetbardum,
1701 2855 1775 2913 Wa-

68 2943 220 3000 memorati
231 2941 430 3009 adolescentis
441 2942 492 3013 qui
503 2945 531 2999 ιι
541 2941 628 2998 abbas
641 2942 808 2998 monasterii
821 2945 891 3015 erat,
949 2939 1086 3010 ailonem,
1103 2942 1131 2994 et
1145 2940 1252 2996 multos
1265 2940 1340 2996 alios
1362 2945 1503 3011 parentes,
1524 2943 1574 3013 qui
1594 2948 1623 3000 ιι
1642 2942 1776 3001 dicebaut

69 3036 105 3090 ut
116 3031 205 3088 sciret
218 3044 282 3103 quac
292 3031 533 3103 agerenturcrrca
545 3029 699 3087 monachos
714 3033 742 3086 et
757 3035 895 3087 monaste
949 3028 993 3085 ei:
1009 3028 1068 3085 cur
1093 3041 1145 3085 nos
1168 3028 1340 3101 degenerare
1361 3028 1506 3087 voluisti?
1520 3030 1599 3102 opus
1627 3033 1775 3105 progenici

65 3120 158 3178 rium
184 3121 336 3192 Postquam
358 3133 425 3176 vero
449 3123 551 3177 cuncta
573 3119 716 3191 cognovit,
739 3118 932 3180 novissimcG
950 3120 1053 3174 nostra
1067 3131 1133 3174 cum
1149 3117 1362 3188 pauperibuset
1374 3118 1515 3176 mendicis
1530 3132 1586 3177 uon
1602 3117 1667 3176 luit.
1685 3120 1775 3179 Nobis

64 3213 104 3269 de
118 3209 266 3283 discipulo
281 3210 478 3283 interrogavit.
490 3209 601 3280 Quibus
618 3209 894 3282 interrogationibus
949 3206 1047 3262 tloruit
1072 3205 1206 3279 muudus,
1222 3207 1305 3276 copia
1318 3207 1383 3263 auri
1407 3211 1436 3264 et
1453 3208 1564 3281 urgenti
1587 3184 1778 3281 lapidumque

65 3312 238 3372 responsum
253 3298 334 3355 dedit
345 3297 442 3370 abbas,
453 3304 540 3369 atque
551 3298 648 3355 omnia
665 3313 728 3370 quae
742 3296 815 3354 lacta
829 3297 895 3356 lue-
948 3297 1023 3365 apud
1040 3309 1091 3352 uos
1105 3293 1170 3352 luit.
1194 3295 1283 3352 Nobis
1297 3309 1376 3353 arma
1395 3294 1507 3368 fulgida
1522 3296 1771 3367 resplenduerunt,

66 3391 138 3445 rant
170 3386 340 3444 euuntiavlt.
372 3387 434 3457 Quo
457 3386 568 3458 audito,
592 3387 715 3443 domnus
741 3387 894 3458 episcopus
948 3383 1014 3454 equi
1039 3385 1150 3441 auratis
1175 3384 1235 3441 oris
1255 3388 1284 3440 ιι
1298 3388 1374 3441 torto
1397 3383 1472 3441 collo
1495 3385 1666 3442 arriserunt.
1692 3387 1727 3442 Et
1741 3390 1774 3443 tu

64 3474 240 3544 admiratus,
263 3476 395 3533 concitus
411 3477 441 3533 iu
468 3476 561 3534 eundo
581 3489 672 3540 usque
699 3476 734 3532 ad
747 3476 893 3533 civitatem
948 3472 1044 3529 omnia
1065 3474 1120 3530 ista
1144 3472 1303 3545 sprevisti?
1325 3474 1388 3529 llaee
1409 3473 1543 3531 dicebant
1562 3473 1705 3546 scelestes,
1722 3474 1773 3547 qul

66 3563 210 3634 pervenit,
235 3564 432 3621 scire-volens
455 3578 540 3636 quam
567 3565 691 3636 speciem
712 3564 827 3621 baberet
849 3578 894 3621 res
948 3577 1012 3620 curn
1026 3563 1060 3620 ad
1078 3563 1195 3619 meliora
1208 3564 1332 3620 excitare
1346 3562 1512 3628 debuerant,
1524 3565 1575 3635 qui
1587 3564 1678 3639 magis
1690 3578 1775 3636 pom-

65 3651 181 3721 audita,
193 3653 241 3709 scd
256 3653 456 3725 incredibilis,
470 3654 618 3726 jussitque
633 3653 762 3712 abbatem
774 3661 803 3712 ιι
818 3655 894 3711 novi·
951 3653 1175 3726 paticevivcntes
1184 3653 1310 3728 demergi
1319 3653 1426 3710 letbeas
1438 3654 1568 3711 inundas
1577 3653 1677 3712 volunt
1687 3669 1772 3728 quarn

66 3740 146 3797 tium
167 3747 267 3798 vocare
283 3747 311 3798 et
331 3743 469 3813 quosdam
482 3757 517 3800 ex
534 3741 682 3801 tratribus.
702 3745 830 3816 Cumque
844 3757 897 3802 co-
950 3758 1014 3801 cum
1029 3742 1160 3799 liberatis
1171 3741 1249 3799 toute
1259 3741 1380 3800 salutari
1388 3742 1467 3799 ablui
1479 3746 1507 3799 et
1519 3742 1652 3814 piissimo
1664 3744 1774 3804 libera-

67 3842 132 3886 ram
148 3829 469 3903 coassistereut,stunte
481 3833 591 3890 circum
605 3834 682 3890 circa
695 3834 896 3891 omnicaterva
951 3831 1006 3888 tori
1021 3830 1123 3888 ellectu
1147 3831 1293 3888 decantari
1319 3836 1383 3902 post
1402 3830 1551 3891 veniarum
1570 3831 1707 3906 laborem,
1725 3835 1776 3892 di-

66 3917 245 3975 clerlcnrum
254 3919 455 3992 laicorumque
462 3919 616 3991 (eratenim
626 3922 696 3979 bora
707 3922 741 3978 ad
755 3921 898 3979 celebran·
952 3920 1060 3977 ccudc:
1080 3923 1267 3976 transivimus
1278 3936 1330 3991 per
1343 3923 1433 3989 iqnem
1448 3925 1473 3976 et
1483 3937 1595 3992 uquam,
1615 3926 1641 3978 ιι
1655 3924 1777 3980 eduxisti

66 4006 299 4065 dummissarum
307 4009 455 4081 solemnia,
463 4009 899 4082 qulatestivitasPurificatiouis
953 4024 1001 4064 nos
1012 4011 1042 4063 ιι
1052 4011 1226 4076 refrigerium
1241 4009 1326 4075 (Psoi.
1345 4024 1411 4082 ιιι,
1430 4008 1481 4086 li).
1497 4011 1549 4067 Sed
1565 4011 1680 4069 animus
1690 4013 1776 4083 tuve-

67 4099 177 4152 sauctae
187 4097 283 4153 blaciae
293 4098 438 4172 instabat),
448 4099 489 4156 ait
499 4099 677 4171 stupetactus
686 4099 897 4170 adjamdictum
954 4098 1000 4152 uis
1013 4097 1139 4153 inuictus
1153 4099 1322 4168 permansit,
1335 4099 1455 4170 cupiens
1468 4099 1618 4157 observare
1632 4101 1708 4172 quod
1724 4115 1777 4159 ιιι·
1877 4137 1882 4147 -

68 4185 232 4242 novitium:
249 4188 347 4258 Nuper
361 4192 398 4259 te,
411 4187 663 4263 traterlllgraune,
672 4191 841 4246 canonicum
857 4188 899 4245 dl·
953 4189 1042 4256 pcrat,
1059 4185 1145 4242 itaut
1159 4199 1210 4257 per
1233 4185 1362 4257 quinque
1375 4200 1466 4245 anuos
1491 4202 1556 4246 euru
1574 4202 1706 4246 revocare
1721 4203 1776 4247 uon

68 4275 154 4346 misi,
168 4279 197 4331 et
208 4276 291 4333 modo
301 4277 477 4334 cucullatum
491 4279 583 4336 video.
603 4279 655 4335 Dic
667 4293 734 4352 ergo
750 4278 834 4336 nobis
847 4292 899 4335 cur
954 4281 1078 4347 possent,
1094 4275 1211 4332 ordines
1223 4288 1291 4332 suos
1301 4278 1329 4331 ιι
1338 4274 1456 4332 auectus
1471 4277 1617 4348 regulares
1628 4278 1657 4333 in
1674 4291 1776 4333 mona·
1870 4268 1875 4277 '

68 4366 128 4423 boc
143 4362 249 4436 iecisti,
262 4366 305 4423 vel
323 4367 389 4439 quls
407 4367 510 4440 coegit,
523 4372 574 4424 aut
588 4367 743 4426 consilium
757 4369 847 4426 dedit.
863 4370 900 4426 nt
953 4366 1042 4423 sterio
1056 4379 1122 4422 cum
1133 4364 1245 4421 caeteris
1257 4362 1432 4421 custodiens.
1445 4365 1532 4421 Porro
1548 4365 1624 4422 inter
1639 4356 1700 4420 hac'
1710 4378 1776 4420 cum

68 4453 125 4512 ille
140 4454 304 4526 respondit:
319 4456 437 4513 Nullius
447 4457 570 4514 consilio
584 4456 626 4514 vel
642 4458 834 4530 suggestione,
850 4459 899 4516 sed
915 4447 1064 4513 Domuem
1080 4455 1294 4512 bacchationem
1311 4466 1398 4526 super
1411 4453 1581 4524 tamdictum
1604 4453 1775 4527 magistrum

68 4543 135 4601 sola
151 4543 296 4601 voluntate
306 4550 333 4601 et
343 4547 497 4617 sponsione
514 4547 624 4618 proprii
637 4547 738 4619 animi,
756 4561 772 4604 a
789 4561 832 4603 me
847 4548 900 4605 boc
954 4545 1141 4617 exagitarent,
1152 4545 1295 4615 culpando
1311 4544 1405 4615 illurn,
1420 4548 1448 4601 et
1460 4543 1633 4615 requirendo
1651 4542 1780 4615 discipu·

68 4635 170 4690 actum
178 4636 231 4688 est.
242 4633 901 4706 Retulititaqueaudientibusomnlbuscuncta
955 4636 1026 4705 lum,
1039 4634 1163 4690 testlnus
1189 4633 1324 4706 magister
1339 4634 1456 4691 reddere
1472 4633 1700 4690 commendatum
1720 4648 1777 4691 uon

69 4721 210 4793 superins
225 4723 311 4781 dicta.
328 4723 457 4781 Addebat
469 4726 554 4781 etiam
566 4725 709 4781 somnium
722 4725 855 4782 mirabile
871 4739 902 4784 se
956 4723 1091 4796 neglexit.
1101 4722 1156 4793 Qui
1169 4723 1341 4793 recipientes
1353 4727 1493 4795 nepotem,
1505 4723 1689 4781 retinuerunt
1702 4725 1778 4796 apud

68 4812 193 4885 vidisse,
217 4814 302 4884 cujus
321 4814 520 4885 interpretatio
544 4813 612 4870 talls
624 4818 694 4884 erat,
721 4819 754 4870 ut
773 4815 901 4872 seculum
957 4826 986 4869 se
999 4826 1110 4883 semper
1122 4813 1241 4885 liguram
1254 4812 1385 4869 mouaobi
1397 4812 1555 4868 habentem.
1572 4813 1638 4869 Post
1647 4814 1782 4871 retentio·

25 4914 32 4921 ·
68 4901 244 4974 dimitteret,
277 4908 306 4959 ιι
329 4903 417 4960 ιιιιιι
442 4904 629 4960 monasticam
655 4907 776 4960 teneret.
802 4903 903 4961 Adbuc
958 4915 1021 4958 nem
1036 4915 1102 4959 vero
1116 4906 1181 4958 octo
1192 4900 1304 4957 dierum
1320 4904 1349 4957 et
1366 4901 1502 4972 amplius,
1518 4915 1621 4958 rursus
1639 4901 1721 4959 valde
1734 4902 1782 4960 ob

68 4993 238 5048 autemnon
253 4992 386 5049 credente
400 4993 545 5063 episcopo,
561 5005 612 5048 uec
625 4993 738 5049 ceteris
752 4993 905 5051 adtenden.
958 4995 1102 5048 secrantes
1124 4990 1297 5047 remiserunt
1316 5003 1380 5047 eum
1395 4990 1424 5045 in
1446 4992 1663 5065 monasterium,
1678 4993 1783 5065 depre-

69 5078 165 5151 tibus,
181 5080 325 5150 adjuravit
333 5095 399 5138 eum
409 5095 443 5138 ιι
452 5095 504 5138 suo
516 5081 678 5138 ministerio
688 5081 860 5139 terribiliter
872 5085 905 5138 ut
958 5084 1040 5137 cante
1053 5079 1209 5151 discipulo,
1219 5083 1249 5137 ct
1262 5079 1325 5135 illis
1334 5078 1590 5138 consentientibus.
1604 5082 1674 5140 Cum
1689 5086 1783 5138 autem

70 5168 260 5241 promeretur
269 5170 295 5226 sl
306 5184 370 5227 uera
379 5176 482 5227 essent.
495 5173 557 5241 lpse
566 5185 632 5228 vero
643 5171 829 5228 coutlrmabat
838 5185 904 5227 cum
959 5176 1072 5241 tempus
1085 5167 1246 5240 accipleudi
1258 5169 1367 5240 primos
1377 5169 1484 5241 gradus
1496 5170 1706 5228 ecclesiasticos
1717 5179 1784 5237 per-

68 5258 265 5331 jureturando
281 5259 357 5316 nibil
372 5261 505 5317 mendose
517 5260 645 5317 locutum
669 5274 699 5317 se
712 5273 784 5317 esse.
797 5260 907 5330 Quam·
961 5259 1215 5330 transiret,audita
1226 5257 1470 5315 circumventione
1485 5258 1692 5316 avunculorum
1704 5266 1785 5309 vene

71 5345 172 5404 obrem
188 5343 526 5420 venerabilisepiscopus
542 5353 660 5407 moestus
679 5354 706 5405 et
727 5349 822 5406 omnls
834 5363 907 5407 con·
962 5349 1065 5406 rabilis
1081 5349 1235 5420 episcopus
1254 5347 1334 5405 misit
1353 5349 1388 5405 ad
1412 5349 1580 5420 pradictum
1599 5344 1785 5410 sacerdotem,

73 5436 206 5510 gregatio
216 5437 280 5508 ejus
289 5437 424 5495 dolebant
437 5439 520 5510 quasi
533 5438 660 5496 ablatum
674 5438 809 5496 solatium
819 5439 908 5509 adju·
963 5442 994 5495 ut
1009 5439 1082 5510 quod
1100 5437 1182 5509 prius
1197 5442 1387 5509 concesserat,
1400 5438 1477 5494 sicut
1491 5434 1629 5501 diximus,
1647 5434 1675 5487 et
1689 5433 1787 5502 postea

74 5525 458 5599 tortumqueltcclesiasuae
465 5529 616 5600 traditum,
630 5529 812 5586 sciscitantes
820 5528 907 5585 etiam
963 5542 979 5584 a
993 5540 1135 5585 consensu
1150 5527 1267 5600 longius
1281 5541 1312 5585 se
1324 5527 1491 5584 retraxerat.
1507 5522 1565 5592 lam
1575 5524 1645 5578 tuuc
1656 5522 1789 5576 amenta-

77 5614 157 5674 luter
171 5629 202 5673 se
216 5616 389 5674 admirando
411 5632 475 5690 qua
489 5621 570 5676 tanta
592 5618 746 5690 prudentia
763 5618 793 5674 iu
812 5619 913 5676 adole-
964 5620 1053 5691 retur,
1068 5620 1100 5674 ut
1109 5617 1216 5689 gradus
1228 5614 1439 5675 eccleslastlcos
1458 5608 1511 5668 sub
1527 5610 1591 5680 ipso
1607 5608 1708 5666 babitu
1724 5622 1791 5666 ruo·
