3876 6090
131 294 184 355 eei

743 298 920 353 nurlS'txsu
938 297 1208 353 ulutlehuueahn

1784 301 1837 357 363

131 429 155 479 et
168 441 333 495 quoeettnque
346 426 374 477 ht
385 429 458 478 terre
470 425 604 493 deorsum,
617 432 642 481 et
654 440 820 496 querulaque
836 426 865 477 in
875 423 955 492 eqrtis
970 420 999 480 A
1046 425 1167 479 ioannes
1180 424 1237 479 Deo
1248 424 1382 480 amabilis
1398 426 1552 498 presbyter,
1570 427 1730 484 menachus
1740 435 1768 483 et
1781 429 1838 484 leci

130 515 225 568 subtus
245 518 364 568 terrem:
384 531 438 568 non
457 515 586 569 :adorabis
605 533 647 576 ee,
669 530 754 583 neque
773 516 872 568 seruire
887 514 956 566 illis·

129 602 226 674 (Ered.
243 617 293 666 xx,
312 607 390 658 lieet.
408 604 443 676 v).
466 604 618 660 Scholion:
636 607 669 660 Et
685 605 710 660 si
730 603 851 659 facimus
875 601 955 657 simi·

130 690 281 748 litudinem
299 692 447 749 hominum
462 695 511 748 Dei
533 694 688 763 cultorum,
708 707 763 749 non
784 693 818 747 ad
837 693 955 747 adoran-

127 780 195 837 dum
222 786 254 837 ut
278 781 356 850 dees,
382 783 429 838 sed
460 789 492 839 ut
515 783 654 852 videntes,
683 784 717 838 ad
742 782 952 837 seminationem

128 869 255 937 ipserum
273 870 430 926 veniamus.
451 869 487 926 ht
505 885 570 927 vere
589 872 613 926 si
635 871 761 926 facimus
783 870 953 925 similitudi-

127 971 177 1014 nes
190 958 309 1030 Christi,
327 973 382 1014 non
397 965 429 1015 ut
441 960 666 1016 similitudinem
681 960 843 1031 adoremus,
857 959 904 1014 sed
921 962 952 1013 ut

126 1059 205 1102 mens
223 1046 346 1103 videndo
361 1049 395 1104 ad
411 1049 560 1118 superiora
581 1049 664 1104 volet.
681 1050 742 1104 Non
760 1048 835 1103 enim
853 1047 952 1118 imagi-

126 1147 189 1190 nem
201 1134 419 1206 corruptibilem
434 1136 624 1207 eerrnptiblis
637 1136 764 1192 heminis
777 1137 948 1207 aderamus3

126 1223 173 1279 sed
199 1226 334 1295 quoniam
360 1227 436 1282 Deus
461 1227 597 1298 dignatus
623 1232 664 1281 est
690 1225 951 1281 inconvertibiliter

124 1312 186 1370 fieri
208 1313 301 1386 home,
318 1312 441 1370 facimus
458 1314 521 1384 elus
543 1315 652 1371 iconam
672 1319 703 1370 ut
723 1314 859 1381 heminis,
883 1314 950 1368 lieet

124 1403 247 1459 scientes
263 1416 328 1458 eum
344 1408 446 1459 natura
465 1404 564 1459 Deum.
584 1405 645 1459 Non
662 1417 728 1473 ergo
750 1403 840 1473 ipsam
861 1405 949 1458 Deum

123 1491 235 1549 iconam
250 1490 386 1560 dicimus,
401 1491 448 1548 sed
466 1493 554 1548 Deum
570 1488 639 1565 [Gr.,
658 1489 800 1566 nevimus]
820 1491 950 1548 videntes

123 1579 245 1638 inicona
254 1581 411 1652 depictum,
423 1581 506 1650 eujus
516 1580 739 1637 similitudinem
749 1579 832 1635 habet
844 1581 947 1652 imago.

1011 520 1138 568 servator
1146 513 1336 569 Orientalium
1348 516 1515 584 pontificum
1526 516 1618 570 dixit:
1632 517 1735 573 terum
1744 516 1840 572 dicen·

1009 601 1076 656 dum
1088 606 1147 669 est,
1158 601 1224 656 mali
1238 617 1329 658 meres
1339 604 1452 659 cedices
1467 604 1681 660 incendentium
1693 619 1726 660 ae
1741 605 1839 662 iconas

1009 691 1202 761 frangentium
1225 690 1393 748 lucidiorem
1413 695 1601 749 ostenderunt
1619 695 1781 750 veritatem.

1043 779 1178 835 Thrasius
1198 780 1398 837 sanctissimus
1418 782 1581 851 patriarcha
1601 782 1694 838 dixit:
1711 784 1772 839 Non
1788 798 1838 839 se-

1008 868 1067 923 lum
1091 883 1185 927 sacras
1212 871 1309 925 iconas
1330 877 1488 940 eraserunt,
1512 871 1559 926 sed
1578 876 1606 927 et
1625 871 1790 943 Evangelia,
1810 879 1837 928 et

1007 957 1064 1013 alia
1080 961 1207 1029 quaedam
1222 974 1301 1016 sacra
1317 978 1323 1013 ι
1340 960 1379 1015 ita
1394 959 1470 1015 enim
1488 959 1569 1014 novit
1584 960 1691 1015 veritas
1707 974 1836 1030 persecu-

1007 1046 1112 1102 tionem
1133 1063 1214 1118 passa
1231 1049 1395 1119 expressius
1416 1061 1560 1118 apparere.

1040 1135 1200 1206 Stephanus
1213 1139 1367 1194 menachus
1378 1137 1469 1193 dixit:
1482 1136 1582 1193 Adhuc
1597 1142 1625 1192 et
1640 1138 1732 1193 alium
1750 1137 1834 1192 codi-

1005 1237 1065 1278 cem
1087 1223 1223 1282 hahemus
1242 1227 1425 1296 depravatum
1445 1239 1461 1281 a
1480 1225 1691 1282 cristianorum
1713 1240 1835 1282 accusa-

1006 1311 1120 1368 toribus
1133 1332 1141 1379 ς
1155 1319 1183 1369 et
1197 1315 1221 1370 si
1233 1314 1352 1386 jubetis,
1375 1315 1451 1370 hune
1467 1315 1613 1370 ostendam
1634 1314 1725 1371 vebis.

1040 1401 1140 1457 Sancta
1162 1404 1288 1473 synodus
1305 1403 1401 1459 dixit:
1419 1402 1601 1459 Ostendetur.

1040 1490 1074 1544 Et
1088 1502 1183 1546 ceram
1201 1492 1334 1548 universa
1349 1491 1456 1563 synode
1471 1497 1604 1549 ostensus
1618 1497 1663 1547 est
1676 1491 1788 1549 habens
1803 1493 1832 1548 in

1003 1576 1117 1634 duabus
1136 1581 1250 1652 paginis
1269 1581 1369 1637 deleta.

122 1672 210 1727 Perre
234 1670 337 1743 pagani
359 1673 496 1740 errantes,
522 1668 732 1725 similitudines
755 1671 824 1725 dees
849 1670 950 1739 praedi-
1038 1665 1194 1739 Gregorius
1206 1670 1256 1725 Dei
1272 1670 1367 1726 culter
1382 1670 1528 1741 presbyter
1540 1676 1568 1726 et
1585 1672 1764 1743 hegumenus
1778 1686 1832 1728 me·

964 1719 990 1779 B

121 1766 197 1831 eant,
217 1759 324 1830 quibus
344 1763 372 1815 et
389 1759 547 1815 immolant.
571 1760 687 1815 Delatus
703 1763 747 1815 est
763 1759 840 1815 alius
860 1760 948 1815 codex
1005 1756 1121 1811 nasterii
1141 1758 1297 1814 llerachitii
1318 1755 1386 1832 ier„
1407 1759 1558 1829 llyaeinthi
1577 1764 1601 1814 et
1616 1760 1674 1813 cort.
1689 1756 1766 1832 Jet.,]
1783 1760 1833 1815 di-

122 1848 229 1907 habens
251 1848 516 1919 interpretationem
531 1848 696 1918 Scripturas,
715 1847 744 1902 in
763 1862 819 1918 qua
835 1847 947 1916 jacebat

121 1937 319 2008 praescriptum
342 1936 490 1992 scholion:
513 1950 596 2006 quem
611 1941 638 1992 et
658 1950 774 1991 sumens
788 1936 945 2007 Gregorius

118 2028 176 2084 Dee
195 2024 330 2082 amabilis
349 2025 501 2095 episeopus
517 2025 700 2082 Neocaesariae
720 2025 798 2096 legit.
818 2025 946 2094 Cumque

119 2115 260 2185 adjaceret
273 2129 336 2185 quae
352 2113 443 2169 deleta
460 2111 562 2184 fuerat,
581 2121 608 2170 et
627 2113 801 2185 relegeretur
814 2109 883 2188 lde,
896 2113 943 2168 cui

117 2203 265 2274 adjacebat
279 2220 306 2275 q.
322 2205 351 2259 d.
368 2203 387 2258 f.
403 2208 430 2259 et
447 2200 648 2277 relegebaturl.

153 2293 288 2350 Tarasias
307 2292 509 2348 sanctissimus
532 2291 692 2360 patriarcha
712 2292 805 2347 dixit:
823 2292 886 2347 llaec
909 2290 946 2347 fe

65 2370 71 2379 ¹
117 2387 219 2439 cerunt
236 2381 286 2452 qui
308 2381 379 2437 dicti
396 2387 464 2436 sunt
486 2380 655 2449 patriarchae
678 2380 859 2451 Anastasius,
875 2380 964 2436 Cen·¹

117 2471 264 2527 stantiuus
278 2477 306 2526 et
319 2469 417 2525 Niceta
432 2469 568 2525 haeretici.

151 2559 318 2615 Theederus
328 2558 530 2613 sanctissimus
544 2557 696 2627 episcopus
706 2559 880 2628 llyrensium
896 2560 943 2630 Ly-

116 2649 168 2706 eiae
183 2647 319 2703 dixit:Si
336 2652 410 2703 esset
431 2647 582 2702 thesaurus
605 2647 659 2702 iste
674 2653 742 2703 tunc
762 2645 939 2715 manifestus,

116 2753 172 2796 nen
187 2743 262 2794 esset
278 2737 361 2793 heme
377 2736 471 2791 laesus.
488 2735 539 2791 Sed
556 2737 631 2791 Deus
646 2736 746 2791 reddat
759 2735 807 2790 his
819 2736 868 2806 qui
880 2735 941 2791 abs-

114 2827 274 2884 conderunt
291 2840 355 2882 eum
378 2826 408 2880 in
425 2825 472 2882 die
488 2824 549 2879 illa.

149 2916 315 2973 Theodorus
334 2914 537 2970 sanctissimus
551 2914 703 2984 episcopus
717 2914 828 2969 Catenae
842 2913 936 2969 dixit:

112 3005 199 3078 Digni
222 3008 289 3061 sunt
308 3003 357 3059 isti
378 3004 568 3074 anathemate,
589 3004 725 3074 queniam
745 3004 939 3059 adulterantes

1002 1843 1063 1899 xit:
1075 1844 1205 1914 AEqualis
1220 1845 1418 1916 formaremus
1435 1846 1534 1917 habeo,
1548 1848 1672 1919 demini,
1689 1848 1829 1920 codicem,

1001 1932 1072 1987 etsi
1092 1933 1211 2003 jubetis,
1234 1934 1352 2007 legatur.

1038 2022 1071 2075 Et
1095 2022 1240 2091 accipiens
1263 2023 1423 2093 Stephanus
1448 2025 1613 2095 menachus,
1635 2030 1664 2081 et
1685 2025 1827 2083 librorum

1001 2116 1108 2180 custos,
1123 2111 1211 2184 legit:

1000 2254 1037 2308 De
1049 2255 1238 2309 Ecclesiastico
1253 2257 1375 2310 Historia
1392 2259 1515 2325 lleeqrii,
1534 2274 1567 2312 ear
1581 2274 1701 2313 seraone
1717 2266 1825 2329 quarte.

1034 2379 1103 2433 Cum
1136 2378 1211 2434 enim
1241 2394 1374 2452 agressus
1405 2387 1479 2436 esset
1512 2381 1648 2437 adversus
1679 2382 1826 2440 civitatem

998 2466 1147 2538 Chosroes,
1179 2468 1367 2540 millenosque
1401 2470 1524 2539 impetus
1556 2476 1690 2540 operatus
1720 2480 1826 2529 terram

1000 2555 1117 2611 multam
1138 2557 1322 2628 cumulasset,
1343 2559 1413 2613 adee
1431 2564 1462 2614 ut
1483 2572 1579 2615 mures
1595 2560 1724 2617 civitatis
1741 2576 1828 2618 exee-

997 2642 1086 2714 deret,
1106 2658 1214 2701 necnon
1233 2651 1261 2701 et
1277 2646 1349 2702 alias
1368 2647 1515 2703 machinas
1534 2649 1706 2720 consuisset,
1730 2650 1826 2706 inedi-

997 2745 1091 2787 cacem
1108 2733 1237 2803 patrabat
1251 2748 1411 2807 regressum
1425 2754 1431 2789 :
1446 2736 1539 2791 dicam
1554 2743 1648 2792 autem
1667 2752 1731 2808 quae
1752 2737 1827 2794 faeta

996 2827 1073 2876 sunt.
1093 2822 1278 2892 Pracipiebat
1291 2824 1431 2880 Ghosrees
1446 2825 1639 2894 potentatibus
1654 2827 1718 2883 suis
1731 2827 1824 2899 ligne-

996 2923 1059 2964 rum
1070 2910 1207 2983 colligere
1222 2927 1349 2984 magnam
1364 2915 1515 2983 quamdam
1529 2919 1636 2970 struem
1650 2915 1683 2971 ad
1696 2916 1824 2973 devasta-

995 2997 1113 3067 tionem,
1137 3001 1285 3084 cujusque·
1304 3003 1429 3057 materia
1449 3021 1455 3056 :
1472 3018 1534 3073 quae
1556 3004 1669 3073 quande
1694 3006 1823 3062 collecta

113 3099 195 3150 erant
213 3092 372 3159 veritatem,
393 3096 422 3147 et
441 3091 626 3148 insidiatores
645 3093 759 3148 Patrem
771 3109 777 3145 ι
790 3095 818 3147 et
837 3091 887 3162 qui
903 3091 938 3147 ab
955 3085 979 3148 C
995 3093 1063 3143 sunt
1082 3089 1210 3145 velocius
1228 3104 1311 3160 quam
1333 3097 1502 3162 praeceptum
1521 3091 1622 3162 fuerat,
1643 3092 1672 3147 in
1691 3094 1822 3150 circuitu

113 3181 157 3238 eis
170 3180 403 3237 anathematizati
420 3185 498 3252 sunt,
514 3179 596 3252 digni
611 3184 679 3236 sunt
695 3180 788 3235 laude.

147 3270 282 3327 Tarasius
308 3269 508 3325 sanctissimus
545 3269 707 3339 patriarcha
738 3266 813 3342 [dr.,
841 3275 938 3325 sancta

112 3355 248 3432 synodus]
269 3357 362 3414 dixit:
375 3358 421 3413 Vae
442 3357 593 3413 animabus
612 3371 709 3414 eorum
731 3357 866 3428 queniam
888 3372 940 3413 ve-

112 3447 225 3505 ritatem
245 3446 473 3504 absconderunt!

147 3539 248 3592 Petrus
261 3536 463 3593 sanctissimus
477 3535 630 3604 episcopus
644 3534 765 3590 Germia
779 3535 873 3590 dixit:
888 3537 938 3590 lle-

112 3625 224 3681 leantur
241 3625 356 3679 nomina
375 3636 473 3678 eorum
491 3622 526 3677 de
545 3621 620 3677 libre
640 3621 806 3692 viventium,
826 3626 935 3677 etcum

108 3713 198 3784 justis
218 3725 273 3767 nen
296 3709 460 3767 scribantur
478 3706 561 3779 (Psoi.
582 3709 692 3780 nxvrn).

145 3798 351 3857 Constantinus
372 3797 574 3853 sanctissimus
592 3796 744 3866 episeopus
762 3797 935 3854 Constantius

109 3888 193 3959 Cypri
205 3887 296 3943 dixit:
308 3885 477 3940 Benedictus
486 3885 571 3948 Deus,
584 3885 634 3955 qui
646 3891 710 3954 post
721 3890 829 3941 mntem
843 3887 935 3942 incen-

109 3977 201 4038 dium,
219 3974 399 4043 incisienem,
413 3978 441 4028 et
451 3973 648 4045 abolitionem,
665 3974 785 4045 reliquit
801 3975 860 4030 illa.

145 4063 311 4120 Theodorus
325 4062 526 4118 sanctissimas
536 4062 687 4133 episcopus
698 4064 872 4134 llyrensium
888 4066 934 4135 Ly-

110 4153 163 4210 cia
173 4153 266 4210 dixit:
276 4152 330 4222 Qui
346 4152 404 4208 hac
417 4150 553 4222 fecerunt,
569 4151 693 4222 demine,
712 4158 870 4222 pesuerunt
884 4153 935 4209 lu-

109 4255 223 4298 cernam
239 4256 319 4299 suam
338 4240 392 4298 sub
408 4240 512 4297 medie.
528 4240 580 4296 Sed
597 4239 764 4297 benedictus
781 4243 866 4311 Deus,
881 4242 931 4312 qui

110 4332 235 4388 ostendit
254 4331 284 4386 in
302 4317 544 4388 tenebrislumen
560 4329 681 4385 salutisl

995 3178 1115 3246 propius
1133 3193 1240 3247 ponens
1258 3185 1360 3235 terram
1383 3180 1412 3234 in
1432 3180 1556 3236 medium
1571 3181 1651 3252 jecit,
1671 3189 1701 3236 et
1723 3190 1822 3240 centra

995 3262 1114 3320 frontem
1130 3268 1258 3323 civitatis
1275 3268 1343 3323 ibat.
1361 3269 1464 3339 Sicque
1482 3269 1618 3338 paulatim
1634 3272 1822 3340 superedifi-

993 3355 1065 3410 catis
1079 3355 1167 3428 lignis
1180 3362 1265 3427 atque
1279 3358 1402 3427 pulvere,
1413 3357 1617 3429 civitatemque
1627 3358 1740 3425 adiens,
1755 3367 1822 3416 tan-

993 3449 1052 3499 tum
1065 3444 1094 3498 in
1105 3444 1194 3500 altum
1206 3446 1320 3516 extulit,
1331 3451 1359 3500 et
1372 3461 1485 3501 murum
1496 3447 1626 3516 excessit,
1641 3452 1672 3502 ut
1683 3449 1822 3518 superius

992 3533 1102 3603 sagittae
1117 3537 1215 3588 centra
1230 3548 1279 3589 ees
1294 3534 1344 3604 qui
1359 3549 1409 3603 pre
1424 3535 1540 3590 civitate
1554 3535 1676 3603 perituri
1693 3543 1777 3593 erant
1793 3539 1821 3594 in

992 3634 1072 3676 mure
1090 3621 1148 3689 jaci
1169 3621 1344 3677 viderentur.
1367 3623 1459 3694 lgitur
1477 3624 1591 3693 quando
1610 3624 1639 3677 hi
1658 3625 1709 3695 qui
1727 3626 1821 3698 depo-

992 3711 1164 3779 pulationem
1177 3710 1367 3781 patiebantur,
1378 3718 1480 3766 terram
1494 3712 1627 3767 videbant
1637 3728 1725 3783 prope
1734 3715 1818 3785 quasi

990 3805 1113 3856 montem
1132 3801 1356 3871 proticiscentem
1373 3801 1436 3856 urhi
1459 3802 1639 3873 appropiare,
1658 3803 1821 3874 gloriosos-

989 3903 1045 3959 que
1068 3888 1163 3944 hostes
1188 3889 1320 3959 existere,
1341 3895 1369 3944 et
1384 3889 1522 3944 similiter
1542 3888 1688 3945 civitatem
1707 3893 1818 3961 pedites

990 3976 1180 4048 ingressuros,
1200 3978 1276 4033 ultro
1298 3977 1500 4032 machinantur
1520 3974 1589 4051 fiir„
1605 3992 1727 4050 esseque
1741 3982 1772 4036 in
1787 3997 1819 4037 ee

991 4066 1093 4138 hestes,
1116 4074 1148 4122 ut
1164 4067 1307 4122 civitatem
1336 4067 1446 4136 pedites
1472 4068 1700 4140 ingrederentur,
1726 4071 1817 4140 prima

989 4153 1052 4210 luce
1067 4152 1277 4229 machinantur]¹
1294 4170 1328 4210 ex
1342 4155 1460 4211 adverse
1482 4159 1563 4210 terrae
1580 4158 1739 4231 congeriei,
1756 4172 1818 4230 quae

987 4244 1062 4311 apud
1086 4244 1226 4300 liemanes
1252 4257 1337 4315 agger
1360 4244 1542 4314 appellatur,
1564 4242 1667 4300 lessam
1696 4246 1816 4316 subtus,

989 4345 1072 4401 quam
1097 4330 1238 4388 fodientes
1260 4332 1328 4388 hine
1353 4337 1456 4387 terram
1480 4331 1619 4404 fecerunt,
1640 4338 1673 4389 ut
1692 4335 1819 4392 flammis

144 4422 260 4478 Cesmas
284 4422 341 4477 Dee
366 4419 501 4476 amabilis
527 4419 667 4474 diaconus
695 4424 723 4474 et
748 4419 932 4476 cubuclesius
948 4406 975 4468 D
989 4415 1112 4492 [ducere
1128 4425 1155 4475 et
1169 4421 1234 4476 inde
1251 4421 1343 4493 ignem
1357 4421 1505 4492 emittere:
1523 4427 1555 4477 ut
1576 4421 1709 4498 lammis]
1737 4425 1817 4499 ligna

108 4510 202 4568 dixit:
219 4510 382 4568 invenimus
396 4513 490 4564 antem
505 4512 534 4563 et
547 4507 673 4563 codicem
691 4508 767 4564 hunc
783 4509 812 4565 in
828 4524 933 4566 sceuo-

109 4600 241 4671 phylacio
250 4597 457 4656 venerabilium
468 4596 660 4653 oratoriorum
674 4597 855 4669 patriarchii,
868 4613 932 4655 cen·

108 4688 246 4745 tinentem
269 4688 446 4743 diversorum
474 4691 628 4756 martyrum
653 4701 776 4759 agones:
794 4702 858 4744 cum
885 4688 931 4743 his

107 4774 928 4847 autemetdeimaginenenmanufactat'amulianensium.

107 4865 244 4921 Praeterea
266 4861 372 4940 [perro]
393 4864 554 4920 reciderunt
570 4862 651 4936 felia,
671 4865 700 4920 in
722 4849 834 4935 quibus*
849 4871 931 4922 erant

108 4953 144 5010 de
172 4953 348 5026 imaginihus
381 4953 487 5024 scripta
514 4972 520 5008 :
551 4958 579 5009 et
606 4967 669 5010 ecce
697 4955 831 5010 omnihus
865 4969 929 5011 eurn

106 5042 235 5098 ostende.

141 5132 261 5188 Michael
277 5132 478 5188 sanctissimus
493 5132 646 5202 episeopus
660 5131 866 5203 Synadensium
879 5133 930 5188 di-

104 5222 149 5280 xit
161 5240 167 5276 :
179 5220 361 5278 Pastillarius
375 5220 498 5290 dicebat,
510 5220 690 5276 sanctissime
699 5220 824 5290 domine,
842 5219 929 5277 falses

106 5311 276 5382 interpretes
295 5313 323 5365 et
344 5310 353 5364 i
376 5309 528 5365 sidiatores
550 5307 656 5364 divinae
678 5309 833 5379 Scripturas
856 5323 929 5365 ana-

103 5400 209 5459 thema.

139 5488 273 5548 Tausius
289 5488 489 5547 sanctissimus
503 5487 666 5559 patriarcha
681 5484 842 5545 dixit-„see
854 5503 927 5545 een-

95 5560 202 5647 'vdisas
216 5562 261 5639 est
273 5578 356 5637 dolor
374 5578 437 5649 etus
455 5577 487 5637 ia
501 5582 590 5650 caput
606 5577 678 5649 ejus.
780 5566 783 5570 ’

130 5676 179 5729 ,g
306 5667 314 5694 ³

989 4509 1103 4564 incensa
1128 4523 1257 4581 aggerem
1282 4510 1316 4564 ad
1340 4513 1444 4565 terram
1471 4511 1653 4579 depenerent.
1684 4514 1718 4568 lit
1742 4528 1819 4585 opus

987 4598 1101 4668 quiden
1117 4606 1344 4654 consummatum
1355 4603 1417 4655 est:
1435 4612 1563 4672 aggerem
1580 4605 1676 4657 antem
1690 4617 1818 4660 succen-

986 4688 1084 4742 dentes
1102 4687 1223 4743 eensilie
1249 4686 1410 4743 defraudati
1431 4695 1507 4759 sunt,
1528 4704 1584 4745 non
1605 4689 1729 4747 habente
1751 4693 1817 4766 igne

987 4776 1223 4847 progressionem,
1243 4777 1318 4831 unde
1335 4790 1399 4831 aere
1415 4783 1525 4846 recepte
1542 4779 1689 4835 materiam
1705 4794 1814 4837 censu-

986 4877 1061 4919 mere
1084 4871 1186 4934 posset.
1204 4865 1274 4919 Cum
1296 4878 1362 4936 ergo
1381 4865 1410 4919 in
1427 4879 1536 4920 emnem
1556 4865 1745 4924 defectionem
1762 4870 1813 4926 de-

985 4953 1138 5024 venissent,
1166 4951 1298 5008 defernnt
1320 4954 1464 5009 divinitus
1486 4953 1651 5010 fabricatam
1675 4952 1810 5030 [fabrefa-

984 5038 1068 5115 ctam]
1087 5041 1207 5110 iconam,
1224 5054 1308 5111 quam
1327 5041 1473 5096 hominum
1495 5041 1609 5112 quidem
1634 5057 1739 5102 manns
1755 5059 1806 5102 narn

984 5135 1105 5200 operata
1125 5137 1210 5185 sunt:
1228 5129 1357 5201 hhagare
1372 5135 1466 5185 autem
1485 5131 1618 5188 Christus
1632 5134 1718 5203 Deus,
1736 5149 1807 5206 que-

984 5219 1060 5274 niam
1075 5233 1138 5274 eum
1155 5219 1249 5273 videre
1268 5217 1416 5289 gestiebat,
1437 5220 1608 5276 transmisit.
1628 5222 1706 5278 llanc
1720 5224 1807 5297 igitur

984 5308 1194 5364 sanctissimam
1213 5308 1365 5379 imaginem
1385 5322 1433 5377 per
1447 5307 1627 5365 effossionem
1648 5326 1735 5381 quam
1752 5311 1805 5369 sihi

981 5398 1090 5466 operati
1107 5402 1184 5468 sunt,
1204 5396 1440 5466 intromittentes,
1458 5405 1485 5453 ct
1497 5410 1571 5467 aqua
1592 5398 1806 5470 perfundentes,

982 5485 1017 5542 ab
1032 5501 1063 5541 ea
1079 5492 1177 5542 contra
1193 5499 1291 5557 regum
1307 5492 1335 5540 et
1353 5486 1431 5559 ligna
1448 5487 1625 5543 dimiserunt
1643 5485 1712 5562 lde,
1732 5505 1766 5546 ex
1778 5505 1806 5546 ea

980 5589 1080 5647 regem
1090 5583 1118 5632 et
1129 5575 1207 5647 ligna
1222 5572 1428 5651 resperserunt]
1440 5593 1447 5646 3
1457 5574 1592 5633 etstatim
1604 5576 1706 5637 divina
1716 5581 1810 5639 virtm
