3876 6090
72 5718 78 5847 l

72 5854 80 5915 Ι.

72 5920 76 6033 l

109 302 162 362 tta

493 306 767 364 mlshrnbtntlo
786 306 909 364 SYNODI
928 307 987 362 vill
1005 307 1207 367 GENERALIS.
1223 341 1260 352 -
1277 311 1377 369 netto
1395 313 1431 368 X.

1765 314 1818 374 tlt

110 430 156 487 bis
168 430 310 488 doctrinm
333 432 544 501 confirmantes,
558 435 593 490 ad
615 433 777 490 divinarum
799 432 937 489 volunta·
951 430 982 492 A
996 450 1029 492 ca
1052 452 1114 508 quae
1135 443 1203 494 sunt
1223 439 1312 494 nostri
1333 438 1445 495 ordinis
1458 441 1613 511 requirere.
1630 443 1710 497 Nunc
1722 447 1817 499 autern

110 526 171 575 tum
197 519 319 592 dirigite
349 519 566 591 perfectionem:
595 536 644 578 eos
672 536 737 579 vero
765 521 815 592 qui
844 533 939 576 errore

111 607 251 664 hereseos
292 609 466 680 cujusquam
499 611 675 682 detinentur,
714 616 848 682 tanquam
888 623 942 679 pa-

111 700 202 753 stores
229 696 298 753 boni
333 699 500 754 convertite.
531 700 648 755 Noverit
676 698 752 756 enim
780 698 939 755 virtutibus

112 784 193 855 plena
219 783 360 855 perfectio
381 790 473 844 vestra
499 788 567 858 quia
591 788 616 843 si
644 794 742 844 notum
770 786 859 844 luerit
886 800 943 842 no·

112 873 156 928 bis
170 874 248 945 quod
277 875 397 932 haeresis
421 890 605 948 quacunque
622 876 652 933 in
669 877 816 947 provincia
839 876 942 945 cuius-

112 977 196 1039 quam
210 969 341 1020 vestrum
363 965 490 1037 latitans,
514 980 569 1022 non
586 981 635 1036 per
656 967 803 1023 assiduam
828 964 942 1020 doctri-

113 1067 175 1111 nam
211 1058 338 1110 vestram
368 1053 510 1111 radicitus
543 1055 691 1129 evellatur,
720 1053 753 1111 'et
780 1068 878 1111 omnes
906 1054 940 1109 ad

113 1143 303 1200 orthodoxam
315 1143 399 1199 tidem
413 1157 498 1200 manu
509 1145 653 1201 ducantur
665 1140 728 1217 [ot.
741 1139 941 1217 reducantur]‘

115 1231 251 1289 mnonice
267 1232 437 1303 hujusmodi
448 1232 627 1304 episcopusa
649 1233 765 1304 proprio
780 1232 944 1303 patriarcha

116 1320 373 1378 condemnabItur:
402 1327 431 1378 et
449 1323 540 1379 sacris
555 1323 670 1393 quidem
695 1322 838 1378 doctrinis
859 1325 944 1392 atque

117 1411 367 1468 admonitionibus
378 1412 476 1468 taliter
490 1412 705 1470 sacratissimus
715 1426 783 1484 grex
794 1415 887 1467 vester
896 1424 944 1480 per

995 528 1124 584 videmus
1139 527 1208 582 adeo
1233 524 1339 582 multos
1352 528 1462 583 malitia
1488 529 1517 583 in
1532 528 1672 585 insaniam
1688 533 1816 603 accendi,

999 620 1031 672 ut
1063 616 1265 671 obliviscentes
1300 616 1409 685 proprii
1444 617 1566 688 ordinis,
1598 621 1626 672 et
1658 619 1733 688 quod
1769 633 1821 688 pe-

995 704 1045 759 des
1077 704 1138 759 sint
1166 704 1285 759 minime
1317 703 1485 775 cogitantes,
1515 703 1603 776 legem
1636 719 1739 775 ponere
1767 721 1820 762 ve-

996 791 1052 846 lint
1075 791 1178 861 oculis,
1205 806 1260 847 non
1285 797 1438 848 utnatura
1462 793 1607 863 sehabet,
1634 795 1680 850 sed
1706 800 1737 850 ut
1763 795 1818 864 ipsi

996 880 1127 950 cupiunt,
1155 885 1182 935 et
1206 879 1314 950 singuli
1341 881 1376 936 ad
1404 882 1597 937 accusandum
1624 883 1738 952 quidem
1765 895 1821 939 ma-

994 968 1071 1037 jores
1092 968 1221 1024 existunt
1243 982 1354 1038 semper
1380 970 1598 1041 promptissimi,
1617 972 1651 1033 ad
1678 970 1823 1042 corrIgen·

996 1056 1065 1111 dum
1084 1062 1178 1112 autem
1201 1056 1358 1127 quidquam
1379 1071 1476 1113 eorum
1494 1059 1523 1113 in
1546 1059 1652 1129 quibus
1679 1073 1822 1116 accusan-

998 1147 1046 1200 tur
1070 1150 1098 1200 et
1120 1145 1313 1202 criminantur
1339 1147 1497 1219 pigerrimi.
1524 1147 1576 1203 Sed
1602 1162 1701 1204 moneo
1722 1155 1750 1205 et
1768 1162 1823 1204 es·
1863 1196 1866 1200 .

1000 1234 1098 1289 hortor
1119 1246 1217 1289 omnes
1242 1235 1292 1305 qui
1319 1234 1390 1290 tales
1406 1242 1483 1306 sunt,
1511 1241 1543 1292 ut
1577 1237 1759 1294 maledictum
1794 1245 1824 1295 et

999 1322 1141 1380 alternum
1175 1322 1273 1378 odium
1298 1329 1466 1396 avertentes,
1496 1331 1524 1381 et
1546 1326 1677 1395 jndicare
1708 1328 1823 1396 judices

998 1411 1170 1481 desinentes,
1198 1413 1347 1468 attendant
1372 1413 1481 1469 sibiet
1512 1415 1667 1471 secundum
1693 1415 1843 1474 divinam.

119 1513 221 1568 pascua
251 1499 394 1556 salutaria
424 1506 565 1571 pascatur.
593 1500 651 1570 ipsi
678 1504 771 1557 autem
798 1500 827 1555 in
853 1498 945 1554 alter-

120 1591 214 1645 utrum
245 1586 360 1659 pacifici
385 1592 484 1658 estote,
511 1595 540 1645 et
565 1588 699 1646 Ecclesiae
721 1588 868 1645 vinculum
896 1587 945 1642 in-

999 1501 1173 1557 voluntatem
1216 1503 1377 1558 conversari
1420 1505 1602 1559 contendant.
1655 1506 1724 1559 Nam
1765 1519 1822 1562 non

1000 1588 1124 1659 quiescit
1150 1603 1305 1658 supernum
1322 1590 1477 1662 judicium,
1495 1593 1542 1648 sed
1564 1598 1663 1648 contra
1683 1594 1824 1651 dissiden-

120 1676 286 1749 disruptum
313 1682 487 1745 conservate,
513 1677 542 1733 in
572 1693 629 1749 quo
645 1676 797 1734 laborastis
823 1683 850 1732 et
873 1689 944 1732 con·
999 1681 1041 1731 tes
1071 1677 1189 1734 divinus
1221 1677 1302 1734 furor
1331 1679 1466 1750 stillabit,
1495 1684 1524 1735 et
1548 1679 1686 1737 ultionem
1715 1682 1824 1751 justam

120 1766 264 1823 cordastis
294 1767 429 1837 qnodque
460 1765 545 1823 verbo
575 1773 604 1822 et
639 1780 724 1822 manu
752 1766 782 1821 in
812 1750 1082 1835 prasentiBopere
1107 1766 1221 1823 cunctis
1239 1769 1378 1825 ostendet.
1402 1769 1524 1825 Oramus
1539 1776 1633 1825 autem
1656 1785 1743 1841 super
1766 1785 1824 1827 om·

121 1861 214 1911 sancta
241 1859 271 1911 et
299 1855 455 1911 universali
485 1853 593 1926 synodo
619 1854 805 1926 confirmatis,
835 1868 870 1909 ne
896 1868 945 1924 per
1000 1854 1048 1909 nia
1074 1859 1203 1911 sanctum
1226 1857 1315 1912 Deum
1342 1870 1440 1913 omnes
1471 1857 1645 1928 melioratos,
1670 1865 1698 1915 et
1726 1872 1825 1915 secun·

120 1944 344 2013 contentionem,
383 1949 411 2000 et
447 1944 633 2015 pertinaciam
670 1950 808 2014 mutuam,
844 1942 947 1999 disru-
999 1942 1068 1998 dum
1091 1942 1319 2013 beneplacentem
1344 1946 1400 2001 sibi
1417 1945 1591 2002 voluntatem
1611 1946 1821 2005 clarescentes:

122 2031 245 2101 ptionem
272 2046 375 2088 rursus
400 2032 562 2088 communIs
588 2032 723 2088 Ecclesia
745 2030 875 2100 corporis
900 2028 946 2086 ia·
1001 2044 1058 2087 non
1080 2031 1314 2088 solumadivina
1342 2034 1385 2090 ira
1410 2034 1565 2090 intentatos
1589 2049 1748 2105 mansuros,
1774 2035 1821 2091 sed

122 2121 215 2188 ciatis,
228 2123 258 2175 et
270 2134 327 2176 non
342 2119 472 2177 habeatis
483 2121 594 2177 veniam
616 2118 886 2190 indiejustissimae
899 2131 948 2174 rc-
1001 2121 1106 2175 aeterna
1138 2119 1211 2177 hona
1238 2127 1442 2178 consecuturos
1472 2123 1653 2180 orationibus
1692 2123 1825 2179 interces

122 2208 316 2278 tributionts3
339 2209 387 2266 sed
415 2209 544 2267 amicitia
565 2213 658 2266 vestra
682 2214 709 2264 et
728 2222 886 2266 consensus
909 2207 948 2263 sit
1002 2206 1134 2264 sionibus
1144 2209 1333 2265 sanctissimae
1346 2210 1469 2267 domina
1482 2217 1585 2268 nostrae
1595 2212 1644 2267 Dei
1655 2211 1823 2283 Genitricis,

122 2298 152 2354 ad
167 2298 384 2356 ordinationem
397 2299 488 2356 totius
499 2299 586 2356 ovilis
599 2298 818 2355 districtissima
834 2310 945 2353 norma:
1002 2300 1030 2351 et
1044 2297 1172 2353 omnium
1196 2302 1370 2370 sanctorum,
1395 2304 1423 2355 et
1444 2300 1578 2369 precibus
1600 2314 1634 2356 ac
1654 2300 1825 2357 obsecratio

124 2388 150 2444 in
165 2402 218 2445 vos
240 2387 472 2458 contemplentur
495 2387 617 2460 subditi,
640 2386 878 2459 quemadmodum
909 2385 949 2454 pi·
1004 2384 1090 2441 nibus
1103 2392 1208 2443 sancta
1232 2388 1319 2458 hujus
1341 2393 1370 2443 et
1395 2388 1566 2445 unIversalis
1587 2390 1697 2460 synodi.
1725 2390 1823 2445 Amen.

125 2483 247 2533 ctores:
284 2476 320 2533 ad
354 2475 536 2549 principalia,
572 2481 600 2533 et
634 2475 668 2533 ad
703 2476 791 2532 vitam
826 2477 947 2530 vestram
1037 2475 1072 2530 Et
1096 2480 1159 2544 post
1186 2474 1337 2533 lectionem
1368 2477 1494 2534 Basilius
1521 2479 1633 2535 amicus
1663 2478 1770 2533 Christi
1799 2481 1828 2535 et

124 2573 149 2622 et
185 2579 293 2637 mores,
332 2579 383 2622 seu
426 2566 655 2623 conversationes
697 2564 838 2620 moderari
880 2576 950 2632 pro-
1004 2576 1124 2635 magnus
1150 2565 1304 2634 imperator
1322 2566 1417 2623 dixit:
1443 2567 1525 2622 Dicat
1549 2581 1635 2639 nunc,
1660 2568 1827 2638 quicunque

124 2653 237 2712 bantur.
267 2654 321 2710 sed
349 2655 451 2725 etqui
481 2654 511 2710 in
539 2654 616 2710 clero
642 2652 771 2723 deputati
799 2650 870 2707 estis
901 2652 950 2706 Ec·
1003 2651 1174 2707 volueritex
1196 2653 1362 2711 sedentibus
1386 2655 1415 2710 in
1443 2656 1495 2711 hac
1520 2661 1617 2712 sancta
1639 2661 1668 2711 et
1694 2656 1826 2712 universa

123 2742 220 2799 clasiae
255 2741 318 2814 Dei,
346 2743 473 2798 eamdem
505 2746 669 2798 conservate
702 2739 948 2809 constitutionem,
1005 2741 1121 2811 synodo,
1148 2742 1177 2797 in
1204 2757 1260 2813 quo
1280 2744 1400 2801 istorum
1422 2745 1533 2801 haesItet
1550 2746 1592 2800 vel
1613 2743 1739 2818 ambigat
1764 2759 1827 2816 quar

124 2836 151 2886 et
177 2831 322 2888 alternam
350 2830 541 2900 concordiam,
572 2830 652 2887 nullo
688 2829 875 2898 declinantes,
906 2827 949 2882 vel
1005 2842 1081 2884 nunc
1103 2829 1175 2885 lecta
1187 2836 1263 2887 sunt.
1287 2833 1388 2888 Sancta
1404 2833 1530 2903 synodus
1554 2833 1741 2889 exclamavit:
1764 2833 1829 2890 Om-

125 2926 225 2992 praeter
249 2933 314 2991 quae
336 2920 445 2974 sancita
469 2924 537 2975 sunt
561 2918 672 2988 Spiritu
699 2922 806 2989 sancto,
833 2916 869 2970 ab
898 2915 950 2971 hac
1006 2917 1092 2973 nibus
1116 2918 1309 2992 placentque
1338 2922 1409 2978 lecta
1423 2923 1509 2979 suntl
1534 2922 1638 2978 Omnes
1658 2921 1764 2979 eisdem
1788 2921 1829 2993 ip·

125 3023 224 3082 magna
248 3013 278 3064 et
305 3007 461 3063 universali
476 3011 504 3062 et
521 3007 628 3077 synodo
654 3005 849 3077 predicantes.
880 3005 950 3058 Nam
1005 3007 1047 3062 sis
1068 3010 1300 3066 concordamus?
1318 3011 1422 3068 Omnes
1449 3012 1571 3068 libenter
1591 3010 1827 3068 subscribimus?

125 3103 150 3153 et
168 3096 226 3168 ipsi
245 3096 276 3152 in
289 3095 424 3152 omnibus
440 3095 625 3166 convenistis,
639 3100 667 3149 et
682 3095 740 3150 sole
755 3093 864 3150 clarius
879 3091 951 3148 veri·
965 3085 991 3151 G
1005 3098 1185 3154 sanctissimi
1209 3099 1310 3155 vicarii
1331 3100 1455 3155 senioris
1467 3102 1561 3156 Romae
1579 3100 1732 3156 dixerunt:
1755 3100 1828 3168 Quo

124 3188 207 3242 tatem
226 3180 409 3255 resplendere
422 3184 548 3254 vidistis,
566 3185 595 3240 in
606 3197 692 3255 quam
703 3189 731 3239 et
749 3181 949 3255 consensistis,
1006 3187 1083 3242 niam
1102 3187 1280 3256 providentia
1300 3188 1349 3244 Dei
1375 3189 1403 3244 in
1430 3202 1594 3258 prosperum
1625 3188 1710 3243 tinem
1731 3186 1828 3243 omnia

123 3279 150 3329 et
185 3273 395 3331 concordantes
432 3272 619 3343 apparuIsIIs.
659 3274 699 3328 Dc
736 3271 819 3328 vobIS
855 3275 949 3325 autem
1004 3275 1137 3332 Ecclesia
1167 3276 1341 3333 devenerunt
1373 3277 1495 3348 negotia,
1528 3281 1639 3346 oportet
1664 3290 1716 3332 nos
1741 3280 1769 3331 et
1795 3275 1826 3330 in

124 3344 291 3434 tuicietam
307 3361 405 3433 quiin
426 3360 631 3434 dignitatibus,
649 3360 798 3432 quamqui
821 3358 952 3415 absolute
1006 3364 1124 3433 scriptis
1156 3377 1242 3420 manu
1264 3365 1379 3434 propria
1399 3366 1458 3420 brec
1490 3364 1634 3433 roborare,
1669 3363 1825 3419 secundum

125 3450 347 3517 conversamini,
381 3449 450 3521 quid
480 3449 605 3520 amplius
637 3450 732 3506 dicam
761 3462 817 3506 non
850 3446 949 3517 habeo,
1006 3452 1170 3522 synodicam
1195 3453 1437 3523 consequentiam.
1463 3452 1541 3507 Unde
1564 3451 1696 3507 volumus
1709 3456 1741 3506 ut
1762 3449 1828 3506 sub

125 3555 207 3613 mam
224 3539 296 3612 qnia
317 3539 592 3596 nullomodovobis
615 3533 951 3596 licetdeecclesiasticis
1006 3541 1135 3597 scribant
1170 3541 1306 3611 primitus
1345 3541 1454 3596 Christi
1489 3545 1630 3596 amatores
1669 3539 1827 3608 imperato-

124 3630 220 3686 ctnsis
244 3641 403 3685 sermonem
423 3641 542 3697 movere,
569 3641 659 3698 neque
679 3627 794 3697 penitus
817 3625 950 3682 resistere

125 3717 285 3790 integritati
318 3716 464 3788 Ecclesia,
497 3721 525 3772 et
561 3717 716 3772 universali
753 3717 860 3786 synodo
896 3714 952 3769 ad-

124 3806 242 3864 uersari.
266 3807 324 3862 Hoc
350 3805 426 3861 enim
443 3805 614 3877 investigare
629 3809 657 3861 et
683 3818 809 3876 quarere
825 3803 953 3874 patriar-

125 3897 256 3967 charum,
277 3894 457 3966 pontiticum,
478 3899 506 3950 et
528 3895 705 3951 sacerdotum
720 3898 773 3963 est,
798 3894 849 3964 qui
873 3892 953 3965 regi-

127 3987 213 4043 minis
228 3984 355 4042 odlcium
376 3984 473 4041 sortiti
489 3989 566 4054 sunt,
594 3985 644 4055 qui
666 3983 874 4053 sanctiileandi,
901 3981 951 4052 qui

127 4074 236 4148 ligandi
276 4080 306 4130 et
345 4075 473 4131 solvendi
516 4077 681 4144 potestatem
719 4072 856 4129 habent:
900 4069 951 4141 qui

127 4164 337 4221 ecclesiasticas
355 4167 383 4219 et
401 4163 530 4220 caelestes
551 4163 647 4233 adepti
664 4167 732 4218 sunt
754 4162 867 4218 claves:
895 4177 951 4220 non

128 4257 256 4309 nostrum
281 4251 333 4323 qni
352 4252 430 4323 pasci
445 4250 590 4323 debemus,
616 4251 666 4322 qui
689 4250 874 4322 sanctificam,
900 4251 950 4322 qui

1007 3644 1061 3699 res,
1086 3635 1115 3685 et
1135 3630 1238 3686 deinde
1261 3631 1416 3685 secundum
1432 3629 1561 3685 ordinem
1587 3632 1683 3685 sancta
1700 3627 1759 3682 haec
1784 3641 1828 3696 sy-

1007 3719 1107 3775 nodus.
1126 3718 1250 3774 Basilius
1267 3718 1419 3788 piissimus
1434 3723 1462 3772 et
1481 3717 1589 3772 Christi
1610 3715 1721 3772 amicus
1743 3716 1830 3784 impe-

1007 3811 1085 3864 rator
1103 3807 1198 3864 dixit:
1220 3806 1504 3878 Tranquillissimum
1526 3805 1678 3875 imperium
1699 3810 1828 3860 nostrum

1006 3909 1139 3952 securum
1166 3895 1354 3965 precedentes
1377 3900 1405 3950 et
1430 3893 1608 3964 Justissimos
1631 3893 1828 3962 imperatores,

1005 3984 1223 4040 Constantinum
1265 3983 1398 4040 videlicet
1441 3996 1583 4055 magnum,
1629 3989 1656 4037 et
1698 3981 1830 4036 Theodo-

1007 4074 1093 4144 sium,
1116 4078 1144 4128 et
1167 4073 1352 4144 Marcianum,
1373 4085 1405 4127 ac
1420 4077 1545 4140 caeteros,
1568 4069 1630 4125 vult
1649 4069 1830 4125 subscribere

1007 4168 1070 4234 post
1094 4162 1335 4231 subscriptionem
1359 4161 1487 4217 omnium
1499 4161 1554 4215 Deo
1578 4158 1746 4214 amabilium
1770 4157 1828 4227 epi-

1006 4265 1166 4322 scoporum.
1198 4251 1249 4306 Sed
1286 4249 1420 4320 quoniam
1456 4247 1580 4317 postulat
1613 4247 1740 4317 praeferri
1778 4260 1830 4302 nos

128 4340 222 4415 ligari,
252 4340 298 4398 vel
326 4355 343 4397 a
368 4341 524 4413 ligamento
552 4339 625 4398 solvi
660 4354 784 4412 egemus.
815 4339 952 4409 Quantae-
1005 4341 1144 4397 sanetitas
1174 4344 1277 4410 vestra,
1301 4336 1479 4393 subscribam
1504 4340 1566 4406 post
1587 4335 1829 4405 subscriptionem

128 4444 241 4503 cunque
265 4429 344 4487 enim
371 4429 523 4502 religionis
548 4434 576 4485 et
600 4428 748 4499 sapientiae
775 4427 867 4485 laicus
893 4423 1134 4487 exi-Domnium
1154 4427 1401 4484 sanctissimorum
1428 4427 1621 4482 vicariorum:
1641 4424 1733 4481 edocti
1750 4422 1828 4478 enim

128 4523 191 4590 stat,
212 4519 257 4575 vei
282 4519 370 4576 etiam
394 4519 420 4575 si
445 4519 579 4575 universa
603 4518 710 4574 virtute
735 4517 860 4574 interius
887 4519 953 4588 pol·
1007 4533 1107 4575 sumus
1121 4532 1137 4572 a
1151 4517 1266 4572 Christo
1290 4529 1354 4571 vero
1376 4517 1432 4570 Deo
1458 4518 1555 4571 nostro
1575 4513 1678 4569 habere
1704 4510 1830 4567 exaltan·

128 4606 190 4680 leat,
219 4608 313 4665 donec
333 4608 428 4664 laicus
447 4611 500 4676 cst,
528 4607 591 4664 ovis
612 4607 707 4663 vocari
732 4620 788 4662 non
811 4606 948 4662 desinet:
1008 4611 1062 4663 mm
1082 4605 1284 4663 humilitatem.
1312 4606 1347 4660 Et
1370 4609 1433 4674 post
1456 4605 1508 4659 hoc
1532 4602 1677 4672 accipiens
1700 4602 1831 4656 Donatus

129 4711 286 4769 rursusque
314 4702 534 4767 quantacunque
549 4696 700 4766 episcopus
723 4695 763 4750 sit
792 4694 952 4751 irreveren-
1006 4696 1206 4753 sanctissimus
1227 4694 1378 4764 epIscopus
1392 4693 1489 4765 Ostiae,
1504 4691 1676 4761 subscripsit
1691 4691 1721 4746 in
1749 4689 1832 4761 quin-

129 4785 164 4842 tia
177 4791 206 4842 et
221 4784 443 4857 irreligiositate
463 4785 573 4857 plenus,
587 4785 722 4840 etnudus
740 4784 817 4839 omni
833 4783 949 4856 virtute,
1006 4799 1060 4858 que
1085 4784 1178 4854 libris,
1202 4790 1230 4838 et
1252 4783 1354 4838 deinde
1377 4783 1537 4852 Stephanus
1561 4782 1712 4851 episeopus
1735 4784 1827 4850 Nepae,

128 4874 211 4932 donec
236 4875 360 4931 antistes
384 4879 437 4946 est,
451 4879 479 4930 et
493 4874 623 4930 veritatis
643 4872 760 4929 verbum
780 4877 855 4929 recte
884 4889 952 4944 praa
1005 4881 1033 4931 et
1064 4874 1192 4928 blarinus
1228 4872 1367 4928 diaconus
1406 4871 1671 4941 reverendissimus,
1708 4873 1735 4925 et
1772 4869 1829 4925 ho-

128 4962 274 5035 dicsverit,
299 4963 424 5035 pastoris
449 4963 604 5020 mentionis
624 4967 652 5018 et
670 4962 823 5035 dignitatis
847 4963 951 5019 damna
1007 4961 1213 5019 norabilissimi
1250 4960 1351 5015 vicarii
1389 4960 1513 5016 senioris
1551 4961 1645 5015 Roma:
1675 4975 1681 5012 :
1720 4958 1824 5014 deinde

130 5065 178 5110 son
203 5055 354 5126 patietur:
380 5067 444 5125 quae
465 5066 532 5126 ergo
556 5053 640 5109 nobis
655 5052 729 5108 ratio
741 5058 783 5108 est
798 5053 828 5108 in
850 5053 951 5108 ordine
1005 5051 1133 5124 Ignatius
1166 5049 1366 5105 sanctissimus
1398 5049 1560 5117 patriarcha
1591 5047 1830 5115 Constantinopo-

130 5145 219 5201 orium
248 5143 422 5200 constitutis
452 5147 580 5213 pastores
607 5142 756 5198 verborum
790 5142 950 5197 subtilitate
1007 5140 1074 5210 leos,
1111 5139 1214 5195 deinde
1252 5138 1353 5207 loseph
1392 5138 1647 5193 reverendissimus
1686 5134 1829 5191 archidia-

131 5231 312 5305 discntiendi,
349 5237 379 5288 et
406 5244 439 5287 ea
475 5245 538 5301 qua:
570 5245 655 5301 super
690 5245 741 5287 nos
767 5236 835 5287 sunt
869 5244 952 5301 quae-
1005 5243 1094 5286 conus
1121 5234 1150 5284 et
1174 5225 1300 5282 vicarius
1322 5227 1399 5282 sedis
1423 5226 1613 5296 Alexandriae,
1636 5224 1739 5281 deinde
1759 5223 1830 5278 Tho·

133 5324 200 5380 cudi
225 5328 255 5381 et
281 5320 463 5380 ambiendi?
488 5320 605 5390 Oportet
631 5335 682 5376 nos
707 5334 771 5376 cum
795 5321 898 5377 timore
923 5325 952 5375 et
1007 5333 1066 5373 mas
1090 5315 1345 5372 reverendissimus
1370 5315 1550 5385 metropolita
1574 5314 1651 5385 TyrI,
1679 5316 1707 5368 et
1733 5311 1826 5368 locum

134 5409 176 5469 tte
198 5414 313 5471 sincera
339 5412 396 5468 bos
420 5409 511 5478 adire,
536 5413 564 5465 et
587 5423 603 5464 a
628 5407 701 5465 facie
723 5422 821 5465 eorum
848 5409 950 5480 vereri,
1006 5407 1132 5463 retinens
1153 5405 1230 5462 sedis
1250 5405 1427 5462 Antiochia:
1458 5409 1486 5460 et
1500 5403 1635 5472 deinceps
1658 5402 1754 5457 ilelias
1775 5397 1824 5453 bei
1856 5462 1860 5469 .

134 5510 185 5558 tam
203 5503 263 5561 utut
275 5498 414 5560 ministri
425 5497 541 5555 Domini
563 5496 778 5567 omnipotentis,
793 5502 820 5552 et
845 5498 952 5567 butus-
1005 5496 1099 5552 cultor
1122 5494 1277 5551 monachus
1298 5498 1326 5550 et
1348 5494 1493 5564 presbyter
1516 5505 1549 5547 ac
1572 5490 1716 5561 syncellus
1738 5492 1825 5557 atque

137 5592 197 5650 todi
220 5591 348 5654 turmam
372 5586 561 5662 possideant:
589 5585 843 5656 etnihilamplius
864 5599 950 5657 quarn
1005 5584 1132 5644 vicarius
1154 5582 1232 5640 sedis
1254 5580 1523 5652 hierosolymorum.
1549 5580 1583 5635 Et
1602 5583 1666 5648 post
1681 5577 1733 5632 hos
1758 5575 1828 5647 piis·
