3876 6090
111 247 168 305 tos
488 241 761 301 rnranrnurnno
782 243 906 300 stnom
928 244 988 300 uu
1009 243 1255 302 cuneatus-
1272 247 1373 305 norro
1399 252 1453 307 vn.
1767 234 1820 317 loo

109 369 325 439 imperatorem,
349 381 434 439 quam
449 368 483 424 ad
510 368 724 424 sanctissimum
749 365 939 437 patriarcham
956 358 986 418 A
999 365 1098 421 minici
1114 368 1175 438 agri
1192 369 1301 424 strenui
1317 375 1345 424 et
1359 370 1477 427 solertes
1487 386 1556 453 *esse
1570 376 1704 449 cultores,
1720 385 1748 436 et
1763 384 1822 454 spi·

111 457 268 530 ignatium.
291 455 482 528 imploramus
497 456 674 526 allegantur
689 456 812 526 primum
828 454 943 526 quidem
999 454 1154 511 ritualibus
1169 456 1203 511 ad
1227 458 1422 528 purgationem
1440 459 1532 529 ipsius
1546 463 1705 522 celestium
1721 483 1822 538 praece

113 544 277 603 beatissimi
302 559 382 617 papae
405 545 516 602 Nicolni
543 551 621 617 gesta
640 551 669 601 ει
682 550 754 613 acta,
778 544 877 614 sicque
900 543 946 599 de·
1000 548 1123 613 plorum,
1136 543 1177 599 uti
1191 544 1346 616 ligonibus,
1358 552 1469 617 oportet
1479 552 1701 621 utsiquasineu
1712 560 1819 630 spinas,

114 649 207 706 mum,
232 649 296 705 qum
320 648 338 690 a
361 634 544 691 sanctissimo
568 648 639 704 papa
663 634 788 690 Adriano
812 630 946 703 synodice
1000 631 1025 687 si
1036 646 1091 701 qua
1107 633 1265 704 germinare
1280 650 1417 694 venenosa
1431 641 1635 713 conspicimus,
1648 647 1709 718 pari
1727 648 1823 707 labore

114 722 259 779 celebrata
272 728 340 780 sunt
352 729 409 778 tam
422 723 458 779 de
471 723 671 793 hujuscemodi
685 721 801 778 inlundo
812 719 947 776 concilia·
1002 721 1190 792 unanimique
1202 723 1261 779 zelo
1273 723 1331 780 haec
1344 726 1485 784 radicitus
1495 731 1653 802 exstirpare
1663 738 1819 811 studentes,

116 811 196 880 bulo,
219 811 296 882 quod
311 812 396 868 abeo
421 810 528 868 lactum
551 817 605 881 est,
621 825 705 882 quarn
721 809 872 866 deiterata
888 822 948 864 sen·
1002 809 1176 878 arripiamus
1190 813 1331 868 examinis
1347 821 1469 871 rastrum
1485 821 1513 872 et
1527 817 1626 877 lalcem
1637 823 1743 892 judicii
1759 840 1827 883 con-

119 899 219 970 tentia,
234 913 300 972 quae
314 900 379 957 data
398 905 442 956 est
456 906 555 957 contra
570 913 636 956 eum
650 914 666 955 a
679 899 861 955 sanctissimo
878 911 948 967 papa
1003 897 1244 955 cordicertnmtne
1256 900 1440 971 proteramus,
1454 918 1497 976 ne,
1511 921 1615 980 quaeso,
1630 911 1825 985 innosexpro

118 988 247 1045 Adriano
268 993 298 1045 et
318 994 416 1045 sancta
431 989 538 1060 synodo
553 1004 616 1060 quar
639 988 675 1045 ab
701 989 763 1058 ipso
784 992 827 1043 est
850 998 951 1042 convo·
1006 984 1117 1042 brantis
1131 986 1232 1044 allecta
1247 989 1487 1048 dicaturrdtessls
1501 997 1610 1064 paridem
1632 1001 1718 1056 anulio
1735 1021 1743 1068 t
1758 1019 1825 1074 ope-

120 1082 191 1133 cata.
208 1077 246 1132 Et
260 1081 326 1148 post
341 1077 395 1134 hoc
405 1078 505 1146 jussus
517 1083 560 1133 est
581 1077 743 1147 Stephanus
761 1077 818 1131 Deo
839 1073 953 1131 amicis
1006 1076 1076 1128 rarii
1099 1081 1189 1130 nartem
1199 1079 1283 1146 punct
1297 1075 1305 1148 (
1315 1080 1411 1134 ιιιιιιι.
1425 1095 1453 1136 tn
1464 1082 1481 1152 l.
1505 1082 1698 1144 consonanter
1718 1096 1824 1164 autem,

122 1166 214 1222 simus
231 1165 376 1222 diaconus
391 1170 419 1222 et
433 1166 583 1234 notarius3
598 1170 625 1221 et
640 1165 794 1222 ascendens
809 1163 880 1235 legit
895 1161 954 1233 epi·
1007 1163 1182 1234 charissimi,
1200 1165 1370 1238 laboremus,
1387 1175 1414 1223 ct
1430 1169 1459 1225 in
1475 1185 1542 1244 agro
1555 1174 1705 1234 Dominico
1717 1180 1827 1251 jugiter

124 1254 224 1310 stolam
247 1268 335 1324 quam
348 1254 429 1310 misit
445 1253 653 1312 sanctissimus
674 1267 744 1326 papa
758 1252 894 1309 Nicotaus
917 1253 951 1309 ad
1008 1252 1134 1323 quiden,
1148 1254 1196 1309 sed
1209 1268 1283 1310 nunc
1299 1256 1480 1325 potissimum
1491 1274 1649 1335 operemus,
1664 1268 1777 1336 quando
1787 1271 1828 1326 vi·

125 1342 230 1399 clerum
248 1341 610 1414 constantinopolitanum.
1008 1341 1112 1396 delicet
1122 1341 1150 1396 in
1161 1342 1296 1411 Ecclesia,
1314 1360 1376 1414 qum
1387 1348 1567 1417 apertissime
1580 1352 1748 1412 Dominicus
1762 1371 1829 1430 agor

129 1467 285 1523 (mmm
300 1468 560 1536 mmmmm
587 1484 726 1523 servorum
741 1470 799 1530 Dei,
824 1482 954 1522 reveren.
1007 1429 1176 1528 appellatur,
1189 1434 1417 1535 aruetorenPhotio
1431 1449 1501 1537 nova
1512 1442 1696 1511 praesumptio
1707 1451 1734 1500 et
1748 1445 1828 1504 inau-
1880 1486 1887 1501 .

159 1538 283 1593 &ssim
296 1538 433 1605 frutribus
448 1541 549 1594 mmm
565 1540 786 1609 archiepiscopis,
802 1538 954 1607 mmm„
1007 1516 1067 1571 dita
1082 1524 1125 1572 est
1139 1523 1201 1574 orta
1215 1525 1368 1576 temeritas.
1385 1523 1532 1595 Siquidem
1548 1526 1596 1583 hic
1611 1529 1740 1593 Photius,
1761 1548 1824 1591 curn

160 1610 205 1669 iis,
221 1613 247 1663 et
261 1610 394 1679 episcopis
419 1607 726 1680 Constantinopolitanae
740 1610 799 1664 sedi
814 1609 954 1677 subjacea-
1008 1603 1102 1660 adhuc
1119 1606 1279 1663 mundanus
1295 1609 1427 1666 minister
1440 1619 1509 1680 eset,
1526 1617 1678 1686 genuinam
1694 1621 1829 1691 quodam·

162 1679 244 1761 tibus,
261 1684 345 1749 atque
368 1681 494 1763 uniuerso
508 1681 658 1735 venerabili
672 1681 741 1737 clero
765 1664 994 1735 Constantino-B
1012 1694 1093 1749 modo
1112 1708 1222 1764 semper
1242 1696 1379 1754 invidiam
1402 1701 1538 1758 adversus
1560 1703 1676 1762 tratrem
1696 1714 1725 1764 et
1738 1712 1831 1781 coepi·

160 1750 350 1820 lllliiamm
363 1752 497 1813 Eidem
1010 1798 1127 1854 scopum
1138 1790 1267 1840 nostrum
1280 1787 1419 1857 Ignatium
1429 1790 1777 1866 constantinopolitanum
1787 1815 1832 1870 pa-

83 1853 95 1879 ’
167 1895 180 1926 r
199 1875 239 1931 Ea
263 1888 330 1946 qum
355 1888 447 1946 nuper
472 1876 547 1947 apud
576 1876 853 1952 Constantinopolim
879 1880 956 1947 gesta
1012 1872 1166 1927 triarcham
1183 1873 1212 1928 in
1228 1881 1340 1943 pectore
1352 1883 1465 1947 gestans
1481 1886 1526 1948 ,et
1541 1883 1574 1938 ad
1590 1887 1759 1953 presulatus
1774 1890 1832 1946 cul-

141 1967 245 2019 mum,
260 1982 274 2014 n
288 1963 405 2034 fletam
417 1964 480 2020 vido
496 1966 566 2020 inter
578 1966 706 2035 epistolas
721 1965 827 2022 h'icoloi
838 1980 920 2036 popa
933 1965 956 2018 l.
1015 1974 1077 2016 mcu
1102 1975 1158 2016 non
1183 1963 1333 2034 gradatim,
1359 1965 1400 2020 rel
1429 1969 1534 2024 sensim
1558 1975 1755 2044 conscendere,
1783 1978 1830 2034 sed

142 2052 297 2121 mom
310 2057 380 2107 ,omo
393 2052 509 2116 ΜΠ,
526 2054 577 2109 ⁶01,
596 2050 673 2109 4057·
1017 2049 1214 2120 praecipitibus
1238 2064 1270 2106 eo
1284 2055 1438 2122 superstite
1463 2058 1596 2125 passibus
1617 2062 1763 2118 transilire
1779 2079 1827 2135 ges

169 2140 203 2197 Et
228 2144 294 2211 post
319 2141 536 2211 completionem
574 2143 784 2212 praenominate
822 2143 959 2214 epistole,
1017 2138 1100 2206 tiens,
1125 2138 1308 2207 semetipsum
1322 2139 1356 2195 ab
1375 2143 1500 2211 eiusdem
1520 2144 1680 2202 beatissimi
1704 2151 1836 2219 praesulis

143 2229 291 2286 ascendens
302 2229 469 2287 Theodorus
483 2232 601 2288 devotus
615 2246 632 2287 a
646 2229 764 2288 secretis
777 2231 847 2304 193st
858 2232 964 2301 episto.
1016 2224 1289 2283 cornmunionelccit
1299 2234 1669 2303 extraneum:etperhocab
1680 2237 1835 2296 universali

144 2319 201 2388 pm,
217 2331 283 2390 (με
296 2317 392 2374 delata
407 2324 450 2375 cst
472 2333 522 2388 per
535 2319 745 2391 theognostum
762 2320 963 2376 reverendissi-
1017 2316 1152 2383 Ecclesia,
1164 2317 1462 2387 quaeipsibentissimo
1472 2324 1840 2391 patriarchaecommunioa·

144 2419 211 2462 mum
236 2405 394 2463 exarchum
414 2407 449 2463 ad
465 2407 604 2463 &smum
620 2407 786 2478 piissimum
813 2408 964 2477 imperato
1019 2403 1076 2474 bat,
1088 2419 1117 2461 se
1129 2407 1382 2478 reddiditprorsus
1394 2417 1544 2482 extorrem,
1560 2418 1645 2484 atque
1661 2415 1737 2471 inter
1750 2416 1840 2472 schis·

145 2507 204 2565 nm,
229 2509 295 2567 qum
316 2500 346 2552 et
360 2496 447 2552 missa
470 2494 563 2553 luerat
577 2495 613 2552 ab
633 2495 759 2552 Adriano
782 2497 965 2553 sanctissimo
1021 2493 1139 2550 malicus
1150 2497 1247 2564 procul
1263 2498 1352 2554 dubio
1362 2500 1546 2570 constitutus,
1561 2505 1659 2558 contra
1670 2517 1766 2561 sacros
1776 2519 1840 2576 apo

147 2596 207 2653 popo
228 2584 369 2641 Romano.
630 2603 633 2609 ·
1020 2582 1138 2638 stolicos
1152 2597 1274 2640 canones
1297 2587 1484 2643 sacularibus
1501 2604 1569 2645 usus
1586 2591 1784 2664 potestatibus,
1800 2607 1843 2650 ec-

148 2689 315 2745 ,Mrms
329 2692 421 2760 ,In-3„
441 2705 482 2753 us,
497 2706 590 2745 sewu,
605 2707 743 2747 ,mmm
766 2693 824 2755 De„
842 2674 967 2746 dm„
1020 2670 1136 2726 clesiam
1158 2671 1500 2744 constantinopolitannm
1523 2679 1671 2748 tyrannica
1691 2684 1719 2735 et
1732 2681 1844 2736 adulte·

173 2763 238 2815 anm
259 2761 319 2830 tilio
342 2765 368 2816 et
388 2761 408 2816 d
427 2763 619 2817 rtstiunissimo
644 2764 802 2834 imperatori
824 2763 935 2825 Dosilio,
949 2779 967 2816 o
1022 2760 1086 2815 rina
1105 2761 1263 2817 temeritate
1284 2764 1408 2832 pervasit
1423 2765 1544 2827 tandem,
1566 2767 1699 2823 videlicet
1714 2767 1842 2824 indebita

174 2834 226 2886 Deo
236 2836 372 2902 prolecto,
393 2847 498 2903 semper
510 2833 645 2902 Auduslo·
1022 2848 1197 2918 usurpando,
1215 2848 1291 2904 lorus
1310 2852 1470 2921 ostendens,
1495 2853 1569 2923 quod
1587 2854 1674 2925 intus,
1697 2855 1845 2925 prohibita

177 2936 359 3007 «Quoniam,
387 2937 633 3008 tranquillissime
660 2939 847 3008 imperatur...
863 2958 876 2987 n
892 2939 970 2994 licli-
1023 2936 1261 3006 concupiscendo,
1288 2937 1385 2994 cordis
1412 2945 1495 2995 antro
1520 2942 1643 3014 gerebat,
1670 2948 1698 2999 et
1726 2943 1844 3000 simula·

80 3038 83 3055 =
148 3041 194 3094 pau
219 3026 285 3080 victe
319 3027 393 3080 inter
420 3027 549 3096 epistolas
583 3026 707 3082 Adriani
742 3029 779 3090 ll,
811 3022 1114 3095 Puirolopiaectionis
1126 3023 1264 3079 velamine
1279 3026 1454 3097 contegebat,
1472 3028 1512 3083 nil
1533 3043 1594 3085 csse
1619 3028 1743 3099 prolecto
1765 3029 1848 3087 intel·

148 3119 207 3168 om,
221 3113 329 3170 emp,
1024 3110 1077 3182 ligi
1099 3112 1170 3168 dans
1189 3127 1302 3169 causam
1328 3114 1480 3171 scissionis
1501 3130 1516 3170 a
1538 3118 1697 3186 patriarcha
1718 3132 1780 3189 suo,
1802 3117 1845 3173 rel

176 3203 285 3259 Deinde
312 3207 381 3273 post
399 3203 472 3260 hanc
494 3203 564 3276 legit
586 3204 768 3275 Nicephorus
789 3205 909 3261 dovotus
934 3218 970 3260 no
1025 3201 1142 3256 deserte
1167 3203 1312 3258 communi
1334 3203 1379 3258 nis
1398 3217 1414 3258 a
1430 3209 1488 3261 tota
1512 3204 1654 3276 Ecclesia,
1678 3206 1734 3262 uisi
1762 3205 1849 3276 pessi-

149 3291 233 3347 tarius
257 3290 422 3362 epistolam,
448 3304 535 3362 quam
560 3292 643 3348 misit
671 3292 745 3348 idem
772 3292 973 3349 sanctissimus
1026 3302 1088 3345 mos
1101 3288 1247 3345 anhelitus
1269 3290 1413 3346 ambiendi
1436 3292 1618 3360 pontificatus
1634 3293 1750 3364 infulas,
1767 3299 1795 3349 et
1805 3308 1850 3349 su-

148 3377 355 3450 ppfpanuspef
375 3380 435 3449 jam
460 3380 570 3437 dictum
601 3381 869 3438 reverendissimum
896 3394 974 3436 onan-
1026 3376 1848 3455 blimiorisobtinendidignitatisetpotestatishabenas,
1932 3418 1935 3423 -

149 3467 227 3524 chum
242 3468 280 3525 ad
295 3468 441 3540 ignatium
463 3468 678 3526 sanctissimum
698 3458 901 3540 patriarcham.
1027 3464 1134 3535 ouibus
1159 3464 1296 3520 nimirum
1315 3465 1449 3535 deinceps
1473 3466 1589 3535 abusus,
1613 3471 1770 3537 strepente
1791 3482 1847 3525 non

150 3595 160 3623 ι
174 3574 320 3631 Adrianus
336 3576 486 3646 ‘pampus'
514 3589 592 3631 mus
615 3590 753 3631 ,morum
765 3577 825 3638 Dei,
852 3576 974 3630 mom,
1029 3557 1121 3606 mente
1133 3552 1180 3607 sed
1197 3551 1297 3607 habitu
1314 3557 1448 3619 mutatus,
1466 3553 1568 3609 exsilia
1583 3558 1612 3610 ει
1625 3554 1851 3613 diversadiscri·

179 3646 311 3701 tomiano
324 3646 411 3713 fratri
426 3650 452 3700 et
468 3646 653 3702 consacerdoti
676 3651 768 3702 nostro
782 3647 889 3715 locutio
905 3661 975 3701 son·
1030 3640 1178 3709 pinasca
1194 3644 1221 3694 et
1234 3646 1339 3696 mortes
1356 3641 1385 3697 in
1395 3642 1502 3698 Christi
1522 3643 1682 3699 sacerdotes
1692 3648 1720 3699 et
1733 3648 1851 3700 caeteros

178 3719 297 3773 lilim
308 3716 478 3788 WWGM
498 3715 811 3789 θθηὸΐαηΐῑηθιὶθῑῑῑαηθ·
1030 3728 1136 3792 lldeles,
1152 3733 1235 3784 totac
1246 3735 1340 3785 tantas
1356 3730 1466 3800 intulit,
1479 3736 1510 3786 ut
1529 3731 1698 3788 Diocletiani
1712 3733 1850 3789 sevitiam

80 3802 82 3812 '
181 3822 381 3880 «conrcmrat
404 3822 585 3880 sanctitatem
610 3826 753 3895 tuam,..n
778 3824 893 3893 nolano
914 3822 976 3878 otoo
1032 3816 1140 3871 imitari
1163 3829 1212 3886 per
1230 3817 1326 3872 omnia
1345 3817 1499 3874 videretur.
1524 3819 1641 3891 Propter
1661 3835 1723 3892 quae
1742 3821 1783 3876 vel
1805 3820 1852 3877 his

150 3911 296 3982 nbirupra.
1031 3904 1140 3960 similia
1164 3910 1268 3960 sanctae
1291 3906 1433 3961 memoriae
1459 3907 1589 3963 decessor
1616 3922 1694 3964 meus
1715 3908 1852 3965 Nicolaus

180 3999 285 4072 sicque
306 3999 381 4056 lecta
399 4005 443 4057 est
466 4000 586 4071 epistola
608 4014 624 4056 a
650 4002 741 4057 Leone
765 3999 976 4072 gloriosissimo
1033 3992 1119 4062 hujus
1132 3994 1296 4063 apostolica
1310 3993 1529 4066 sedisantistcs,
1544 3993 1667 4052 lratcrna
1682 3997 1776 4053 victus
1790 3997 1851 4053 cha·

154 4087 381 4159 emtoepatbarto
395 4092 452 4144 eta
467 4089 594 4154 secretis,
617 4102 679 4159 qum
699 4087 786 4144 missa
806 4092 849 4143 est
868 4087 902 4142 ad
930 4087 978 4142 Da·
1032 4080 1235 4150 romanino
1257 4081 1372 4156 quidem
1388 4095 1472 4138 nous
1491 4082 1551 4139 lum
1567 4097 1616 4153 per
1631 4084 1743 4154 missos,
1764 4085 1813 4141 sed
1826 4088 1855 4140 et

154 4177 248 4233 silium
272 4176 441 4248 piissimum
457 4182 486 4233 ot
500 4176 625 4233 amioum
646 4175 753 4232 Christi
778 4176 977 4246 imperatorem
1033 4168 1203 4239 perlittorus
1218 4168 1301 4225 illum
1315 4170 1417 4226 melito
1431 4171 1649 4241 reprehendltDS,
1664 4176 1855 4242 competenter

155 4263 185 4319 ab
197 4264 328 4322 Adriano
353 4277 425 4335 papa
448 4264 573 4320 liomano
596 4276 645 4333 per
667 4263 807 4319 Donatum
822 4268 851 4318 et
864 4263 979 4332 Stepha-
1032 4258 1191 4323 admonuit,
1208 4262 1236 4313 et
1255 4258 1334 4314 nullo
1357 4272 1386 4313 se
1407 4264 1488 4328 pacto
1511 4259 1540 4314 in
1560 4260 1623 4328 eius
1643 4274 1725 4330 posse
1745 4273 1854 4331 promo

155 4366 215 4409 num
229 4359 259 4410 ct
274 4352 420 4410 llarinum
438 4351 708 4410 honorabilissimos
736 4351 869 4408 vicarios.
891 4350 899 4418 l
914 4353 977 4406 llaec
990 4343 1018 4404 D
1034 4346 1110 4402 tione
1126 4346 1249 4416 praebere
1263 4360 1442 4410 consensum,
1454 4347 1571 4417 scriptis
1587 4348 1698 4404 idoneis
1710 4346 1851 4418 patefecit.

154 4444 250 4513 scripto
264 4446 307 4497 ert
327 4442 359 4496 in
372 4443 463 4512 prbrio
478 4443 591 4496 actione.
606 4441 614 4511 l
629 4440 737 4496 Deinde
758 4440 914 4505 ascendens
928 4442 979 4495 Da-
1031 4435 1138 4491 Deinde
1157 4449 1222 4490 vero
1244 4435 1359 4491 intuens
1384 4434 1457 4490 nihil
1477 4449 1507 4490 se
1532 4436 1676 4506 prolicere,
1697 4435 1745 4490 sed
1762 4434 1853 4506 magis

156 4529 265 4587 munus
279 4527 538 4586 reverendissimus
551 4528 648 4601 regius
664 4528 788 4585 clericus
799 4532 827 4584 et
839 4529 978 4597 interpres
1032 4537 1065 4579 ac
1078 4524 1169 4595 magis
1179 4524 1213 4579 ad
1231 4523 1368 4580 ulteriora
1382 4525 1444 4593 ejus
1466 4525 1579 4581 extendi
1602 4523 1791 4594 tyrannidem,
1805 4536 1853 4580 au·

157 4615 221 4688 legit
231 4616 387 4688 epistolam
406 4630 470 4688 qum
488 4616 523 4673 ad
546 4616 763 4674 sanctissimum
786 4616 978 4687 patriarcham
1032 4613 1164 4668 ctoritate
1187 4612 1273 4668 simul
1298 4613 1395 4669 divina
1418 4617 1446 4667 ct
1466 4613 1622 4683 apostolica
1648 4611 1748 4684 lretus,
1774 4612 1852 4669 sedis

158 4706 295 4776 ignatium
309 4704 347 4762 ab
370 4705 498 4762 Adriano
513 4705 696 4762 sanctissimo
718 4718 789 4776 papa
814 4704 901 4760 missa
924 4708 977 4774 est,
1033 4700 1205 4771 apostolice,
1216 4700 1263 4757 cui
1278 4700 1456 4771 praesidebat,
1474 4700 1639 4771 pontificum
1653 4715 1759 4757 morem
1774 4714 1853 4758 secu·

157 4807 273 4865 queque
285 4792 376 4850 allata
397 4799 442 4850 est
466 4807 516 4864 per
532 4794 591 4863 jam
609 4794 704 4852 dictos
727 4792 979 4849 reverendissimos
1034 4797 1091 4860 tus,
1105 4791 1274 4859 inpromptu
1289 4790 1390 4844 babens
1411 4789 1566 4846 secundum
1590 4789 1768 4859 apostolum,
1790 4805 1852 4845 om-

157 4882 286 4940 sirarios.
312 4881 368 4954 (Et
388 4882 443 4937 baec
464 4884 627 4954 prescripto
647 4888 687 4938 cst
699 4884 730 4937 in
750 4883 832 4937 lertio
846 4879 980 4952 actione.)
1034 4896 1094 4934 nem
1117 4879 1332 4948 ulcisciprorsus
1346 4875 1556 4933 inobedientium
1568 4876 1614 4949 (ll
1634 4879 1692 4934 Gor.
1706 4878 1852 4953 it);hunc

158 4970 188 5024 Et
202 4978 266 5043 post
282 4970 354 5044 legit
366 4970 489 5027 Thomas
511 4971 766 5028 reverendissimus
786 4970 980 5027 subdiaconus
1033 4968 1067 5024 ad
1090 4966 1260 5022 erectionem
1279 4965 1314 5021 ab
1334 4979 1366 5020 eo
1387 4965 1534 5035 elisorum,
1551 4973 1580 5021 et
1594 4966 1849 5022 innumerabilium

158 5066 230 5130 geta
246 5059 351 5131 synodi
370 5075 435 5131 quae
449 5057 523 5116 lacta
537 5064 581 5116 est
594 5059 630 5116 ab
653 5060 779 5117 Adriano
797 5059 980 5115 sanctissimo
1035 5054 1215 5127 refrigerium
1241 5054 1420 5123 afflictorum,
1447 5055 1570 5126 regulari
1595 5055 1746 5124 sententia,
1772 5054 1850 5125 quia,

160 5148 347 5206 homanorum
363 5162 446 5221 papa.
1034 5145 1112 5201 sicut
1126 5143 1181 5213 ipsi
1206 5144 1306 5214 nostis,
1322 5143 1465 5212 corrigere
1484 5156 1539 5198 non
1563 5143 1667 5214 potuit,
1687 5143 1853 5213 deponendo

160 5256 343 5328 ,11me
408 5255 584 5311 Aprwngap
607 5256 749 5312 compium
767 5256 840 5326 quod
858 5255 981 5311 ,mem-2
1036 5232 1198 5305 prostravit,
1212 5237 1240 5287 et
1254 5231 1518 5288 anathematizando
1537 5231 1572 5287 ab
1584 5232 1695 5300 ordine,
1718 5244 1801 5302 ouem
1815 5230 1854 5285 la·

190 5333 284 5383 oontro
313 5328 337 5383 P
371 5329 451 5391 hum,
485 5328 553 5384 lectu
573 5343 624 5398 per
650 5328 781 5383 loannem
808 5327 981 5382 archidiaco-
1036 5321 1127 5378 tronis
1143 5334 1219 5376 more
1240 5320 1361 5377 sortitus
1373 5317 1475 5391 luerat,
1492 5320 1690 5390 sequestrarit.
1706 5319 1795 5388 Cutius
1809 5317 1851 5372 rei

191 5415 254 5453 Μ
266 5405 371 5455 W&
384 5399 513 5454 RO'W
525 5400 659 5455 Eidem·
1036 5409 1126 5481 gratia
1141 5407 1214 5464 idern
1226 5407 1345 5464 Photius
1357 5408 1558 5476 inllammatus,
1571 5422 1627 5463 non
1638 5407 1731 5463 solum
1743 5419 1797 5460 nou
1810 5408 1853 5459 est

191 5505 257 5563 dum
271 5503 440 5575 debeamus,
456 5518 474 5560 o
488 5502 591 5561 iratres
605 5510 633 5560 et
647 5504 702 5561 dlii
718 5504 914 5574 dilectissimi,
930 5506 982 5561 Do
1037 5513 1166 5558 reversus
1188 5498 1222 5554 ad
1244 5497 1447 5569 percutientem
1465 5512 1504 5566 se,
1521 5496 1657 5552 nimirum
1681 5494 1729 5565 qui
1752 5491 1854 5548 durior

371 5628 490 5686 ennon.
514 5628 641 5687 CXXIX,
1710 5614 1727 5673 ⁴
