3876 6090
65 228 138 290 4444
445 199 446 202 ‘
746 234 846 292 nnana
864 236 909 294 nn
927 218 1099 296 44444444.
1702 248 1772 314 rme

66 374 160 431 usque
174 360 203 416 io
214 374 254 416 vn
274 361 336 418 lial.
364 363 454 418 Maias
470 375 651 434 quocumque
672 361 720 418 die
739 363 932 424 DominieoA
945 363 1024 419 teriti
1036 363 1101 421 44444
1114 370 1250 440 usquead
1264 368 1296 426 44
1311 380 1471 446 sequentes,
1484 376 1512 432 id
1524 379 1593 433 esta
1608 377 1683 449 prid.
1696 380 1768 436 Non.

65 450 172 522 regulae
191 450 327 507 videlicet
349 451 417 507 luna
438 452 606 522 occurrerit,
629 455 760 508 sanctum
784 452 891 508 Pascha
945 451 1012 522 apr.
1028 468 1119 526 usque
1134 456 1164 512 ln
1178 471 1228 514 ιιιι
1244 459 1307 515 Kal.
1320 461 1400 533 Apu,
1417 464 1484 534 quia
1501 466 1663 524 communis
1677 481 1771 526 annus

65 530 161 595 modis
172 540 308 596 omnibus
319 539 482 596 celebraris.
499 540 578 610 Quod
595 542 620 596 sl
631 544 734 596 444444
745 539 807 596 Kal.
821 538 889 611 apr.
945 545 997 611 est,
1015 542 1087 599 tlunt
1098 543 1161 602 dics
1173 543 1234 603 354.

63 627 180 684 etiamsi
194 628 263 685 4444
272 628 441 700 occurrerit,
451 629 494 686 vel
507 634 618 700 postvu
627 628 688 685 lial.
702 629 769 685 llaii
785 629 892 686 Pascha
980 629 1062 688 Anno
1083 634 1332 693 decemnovennali
1351 635 1377 708 3,
1393 637 1508 696 444449
1526 639 1589 699 445
1611 643 1679 700 4444
1694 658 1770 715 pra-

63 715 234 773 nullatenus
243 715 413 774 celebratur.
946 720 1025 776 teritl
1046 718 1112 778 44444
1130 738 1221 795 44444
1235 726 1269 780 ad
1288 723 1320 781 44
1339 734 1501 799 sequentes,
1515 731 1543 786 id
1559 736 1602 787 est
1617 745 1632 788 a
1649 747 1688 789 vn
1703 727 1767 790 Kal.

232 807 417 861 4444444444·
428 821 499 861 uano
510 806 716 862 elemboiimaeo.
944 807 1012 879 apr.
1030 824 1121 881 usque
1135 812 1163 867 in
1177 813 1242 870 ldus
1261 814 1340 885 Apu,
1363 817 1430 887 qula
1453 817 1660 877 embolismalis
1676 835 1770 880 annus

99 893 420 951 Xlll.Communiumet
428 894 671 951 embolimaeorum
684 893 757 951 ratio
765 893 820 951 ista
835 899 889 967 est,
945 906 996 968 est,
1012 899 1084 955 dunt
1096 900 1232 958 4444384.

62 987 97 1040 44
108 998 158 1055 per
177 983 331 1058 ogdoadem
354 984 555 1041 etendecadem
574 996 744 1040 concurrere
758 983 887 1042 debeant.
979 1004 1320 1066 nnnggeggmnoggnnan
1331 1008 1358 1081 q,
1373 1011 1441 1068 puna
1459 1010 1545 1070 4245
1560 1013 1630 1072 puna
1650 1022 1772 1087 nmen.

61 1073 136 1129 Sunt
150 1077 244 1132 4414444
266 1070 409 1144 0840444θὸ
422 1071 449 1144 8,
471 1072 627 1130 essdssffldes
647 1068 676 1127 ⁴⁴
695 1090 702 1127 ²
720 1084 792 1128 ⁰⁰¹⁴·
815 1086 887 1130 ⁰0⁰¹·
944 1091 978 1148 iti
1003 1091 1067 1150 lesti
1089 1111 1179 1167 usque
1199 1099 1234 1153 ad
1258 1095 1291 1153 44
1313 1104 1473 1173 sequentes,
1497 1101 1525 1158 id
1540 1111 1614 1160 esta
1632 1104 1708 1175 prid.
1727 1105 1767 1162 ld.

61 1161 137 1218 emb.
164 1178 236 1222 com.
263 1178 335 1220 com.
355 1162 428 1220 emb·
447 1177 519 1220 com·
543 1161 618 1219 emh·
639 1160 801 1217 Endeffldssi
826 1159 855 1218 ⁴⁴
879 1181 886 1219 ²
941 1180 1008 1252 4444.
1029 1198 1119 1254 44444
1139 1185 1167 1240 44
1186 1199 1213 1241 ιι
1226 1187 1297 1243 Ν44.
1312 1187 1379 1258 444.
1401 1191 1471 1263 4444
1494 1191 1656 1248 communis
1676 1207 1770 1252 annus

61 1264 137 1307 com.
158 1266 231 1310 com.
255 1252 329 1309 emb.
343 1265 415 1309 com.
434 1251 507 1308 emb.
534 1265 607 1307 com.
625 1266 697 1310 com.
720 1262 792 1305 com.
813 1251 888 1308 emb.
941 1275 995 1341 gn,
1009 1271 1081 1327 qum
1096 1271 1231 1331 dpesggg

60 1355 135 1396 com.
161 1342 285 1398 06444454
304 1341 467 1398 inveniendi
483 1342 643 1398 suntvclbl
659 1340 799 1416 84344555
819 1343 888 1398 luna
975 1358 1056 1416 Anno
1080 1360 1328 1420 decemnovennali
1346 1362 1374 1437 5,
1399 1364 1671 1427 1444449445444444
1692 1385 1769 1443 nnae.

60 1429 663 1501 94544414845444444448444440944544440·
677 1434 754 1490 Piid·
769 1431 884 1501 ῙΜΡΡ·
941 1446 1019 1502 444444
1043 1447 1108 1505 44444
1125 1464 1215 1521 44444
1228 1452 1258 1507 44
1280 1449 1313 1507 44
1327 1459 1487 1526 sequentes,
1506 1457 1533 1512 id
1550 1461 1594 1514 est
1611 1472 1626 1514 e
1643 1473 1677 1515 ιιι
1695 1462 1767 1517 Ν44.

59 1516 119 1576 luit
133 1520 195 1590 ipsa
220 1515 345 1575 444444.
361 1521 443 1575 Anno
459 1524 596 1590 praesente
618 1522 696 1578 4444
713 1521 844 1578 datarum
861 1521 886 1576 si
939 1531 1007 1605 App,
1031 1551 1121 1606 usque
1142 1538 1172 1592 n,
1190 1552 1219 1594 χ,
1239 1540 1301 1596 gap,
1322 1540 1402 1615 nnn,
1418 1543 1487 1614 quia
1502 1548 1769 1606 communqsannus

60 1622 149 1678 super
160 1606 434 1664 extenderitdiebus
450 1604 492 1679 49,
508 1608 667 1667 444444444
678 1609 884 1681 embolimaeus,
940 1627 993 1693 est,
1005 1623 1078 1681 flung
1092 1624 1155 1681 ,1103
1169 1623 1231 1682 354,

58 1699 86 1754 44
104 1703 179 1798 retro
195 1698 309 1755 inventa
321 1697 410 1756 luerit
429 1698 533 1756 diebus
546 1697 562 1754 4
569 1697 593 1767 4,
619 1701 676 1757 erit
693 1715 787 1758 annus
805 1697 928 1759 com-B
975 1731 1316 1792 nnnodeoemnovennan

60 1798 170 1842 munis.

156 1876 223 1931 Item
233 1875 267 1930 de
275 1877 357 1930 44444
371 1879 556 1933 communibus
566 1881 592 1934 et
602 1879 781 1934 embolimaeis.

1328 1734 1355 1806 6,
1367 1736 1435 1794 luna
1449 1735 1496 1795 34
1518 1737 1551 1797 45
1565 1739 1635 1798 4444
1649 1748 1770 1814 prater-

943 1820 977 1876 iti
993 1818 1163 1893 4444444444
1186 1824 1214 1879 44
1234 1820 1267 1879 44
1283 1831 1444 1896 sequentes,
1457 1827 1485 1884 id
1501 1836 1544 1885 est
1559 1845 1605 1887 ax
1621 1831 1682 1889 Kal.
1699 1838 1767 1905 444.

97 1963 169 2020 xpp,
187 1965 217 2021 sq
237 1965 283 2020 ns
304 1965 379 2021 sn„
401 1966 515 2036 quando
532 1967 645 2024 ,nanno
661 1967 818 2038 communi,
844 1964 886 2022 vn
942 1924 1033 2053 gille
1049 1910 1078 2012 in
1092 1926 1123 1967 ιιι
1147 1911 1185 1968 ld.
1199 1913 1280 1986 apr,
1295 1915 1366 1985 quia
1377 1915 1586 1975 embolismalis
1599 1932 1693 1977 annus
1713 1927 1766 1993 est,
1848 1987 1849 1990 Ἴ

964 2006 1015 2055 444
1029 2001 1092 2056 4444
1102 1998 1164 2057 384.

59 2052 175 2124 qnando
191 2053 221 2110 in
233 2053 410 2111 embolimaeo
422 2054 522 2112 debeat
530 2055 636 2113 Pascba
653 2056 835 2113 bomiuleum
847 2068 888 2111 ce-

59 2141 179 2215 lebrari,
192 2143 289 2214 accipe
305 2144 454 2202 rationem.
466 2146 593 2216 Namque
602 2145 812 2204 decemnovalis
831 2146 887 2202 eir·

59 2231 156 2302 culus,
171 2231 222 2302 qui
234 2231 520 2289 enneacaedecaetiris
534 2234 632 2291 Graeco
646 2233 784 2290 vocabulo
807 2248 887 2290 nun-

58 2324 194 2391 cupatur,
209 2333 259 2391 per
273 2320 427 2393 ogdoadem
447 2326 475 2377 et
493 2321 661 2379 endecadem
683 2336 793 2394 semper
813 2322 843 2378 in
855 2336 885 2379 se

59 2409 228 2480 revolvitur,
253 2409 281 2465 id
304 2415 347 2466 est
369 2424 418 2480 per
437 2407 455 2465 8
475 2418 504 2467 et
530 2407 559 2466 44
588 2425 689 2482 annos,
714 2412 764 2483 qui
796 2413 884 2469 simul

55 2496 887 2572 Junctilblaelunt.Ogdoasergoincipitannos,decenno

57 2588 118 2644 vali
134 2585 160 2660 l,
175 2591 203 2644 et
223 2587 373 2644 clauditur
391 2588 518 2658 ejusdem
532 2586 571 2660 8·,
591 2589 675 2658 culus
692 2586 703 2645 4
721 2588 779 2645 etii
792 2603 886 2646 annus

57 2689 225 2734 communes
243 2680 321 2748 sunt,
337 2675 584 2748 bembolismalis,
603 2673 620 2731 4
634 2684 663 2734 44
677 2676 696 2734 5
712 2679 884 2749 44444444,
1097 2747 1103 2759 ι

57 2764 78 2822 6
100 2764 316 2836 embolismalis,
339 2760 357 2819 7
375 2762 579 2837 communis,8
601 2765 809 2822 embolismalis
829 2772 885 2823 est.
940 2744 1215 2818 9984854148384·

56 2854 163 2927 Sicque
180 2854 269 2927 ogdas
291 2853 493 2911 communibus
512 2852 530 2910 5
550 2858 578 2910 44
598 2854 846 2912 embolismalibus
866 2854 884 2910 3
974 2853 1094 2926 Ogdoas.

59 2943 203 3016 expletur.
218 2942 345 3000 Endecas
361 2948 466 3014 autem,
483 2957 545 3014 qua
561 2944 666 3015 incipit
680 2957 754 3000 anno
768 2945 885 3002 decem-
974 2943 1054 2998 Anno
1069 2943 1317 3024 decemnovennali
1331 2943 1358 3018 9,
1375 2945 1503 3003 444464
1519 2945 1636 3005 454444
1654 2954 1766 3021 praeter·

57 3032 154 3090 novali
169 3030 226 3088 944
239 3032 411 3088 terminatur
426 3029 469 3101 l9,
486 3031 584 3088 taliter
596 3032 737 3104 graditur,
756 3029 812 3089 444
828 3023 923 3091 4440
940 3029 974 3085 444
1001 3027 1066 3086 44444
1088 3046 1178 3103 44444
1194 3032 1224 3088 44
1250 3030 1283 3088 44
1307 3040 1467 3105 sequentes,
1485 3036 1513 3091 id
1534 3041 1577 3092 est
1600 3051 1616 3093 a
1646 3053 1684 3094 xv
1710 3040 1763 3096 Kal

59 3134 168 3178 annum
183 3134 361 3177 communem
385 3120 496 3192 babeat,
512 3119 530 3177 3
544 3120 779 3192 embolismalem,
794 3118 810 3176 4
823 3120 884 3178 445
939 3119 1004 3174 llai.
1020 3121 1155 3189 4444444
1176 3135 1214 3177 vu
1233 3121 1273 3178 ld.
1290 3121 1348 3193 444
1373 3164 1392 3193 .,
1413 3122 1481 3194 4444
1494 3127 1656 3182 44444444
1669 3139 1764 3185 44444

56 3206 377 3282 com.,6emb.,7et8
398 3223 483 3282 com,
499 3209 562 3267 449
583 3210 668 3282 emb,
693 3209 725 3267 40
745 3224 829 3280 com.,
852 3209 881 3266 44
938 3210 990 3270 444,
1007 3205 1142 3264 4444354.

59 3299 134 3356 emb.
146 3299 254 3356 lrabeat.
268 3299 372 3373 Sicque
380 3300 500 3357 endecas
508 3299 711 3356 communibus
721 3300 806 3357 annis
818 3300 883 3357 ideo
973 3296 1054 3353 Anno
1070 3297 1320 3356 decemnovennali
1339 3296 1383 3371 lb,
1403 3299 1472 3357 4444
1487 3296 1534 3358 ‘la
1554 3298 1587 3358 45
1602 3301 1670 3359 4444
1687 3317 1764 3375 4444-

56 3388 178 3460 dlcitur,
190 3388 305 3460 quiade
317 3389 544 3446 minorisannor.
557 3389 765 3460 queduodenis
782 3391 884 3446 mensi·
937 3384 1016 3440 444444
1032 3383 1096 3442 44444
1114 3400 1205 3460 44444
1229 3387 1259 3443 44
1281 3383 1314 3444 44
1327 3395 1487 3461 sequentes,
1504 3389 1532 3445 id
1551 3396 1593 3447 est
1614 3404 1631 3447 a
1647 3404 1699 3447 vru
1720 3391 1760 3448 ld.

57 3475 113 3532 bus
131 3477 288 3533 secundum
302 3475 378 3533 lunae
392 3490 509 3533 cursum
529 3476 671 3533 etdiebus
684 3474 738 3534 354
756 3477 880 3550 explent,
935 3471 1004 3543 444.
1030 3488 1121 3545 44444
1136 3476 1166 3531 44
1179 3489 1207 3532 ιι
1228 3476 1280 3533 lial
1300 3477 1382 3549 apr,
1402 3476 1471 3549 quia
1487 3479 1650 3536 communis
1668 3492 1763 3537 annus

48 3565 283 3635 =larvicemjuneti
299 3565 330 3621 in
341 3564 467 3636 paschali
484 3563 624 3622 felicitate
633 3566 789 3639 socientur,
811 3566 883 3637 qui·
936 3567 988 3632 est,
1004 3561 1067 3619 dies
1081 3561 1143 3620 354.

56 3653 111 3710 bus
125 3653 159 3710 ad
184 3654 322 3711 rationem
345 3652 461 3711 4444444
478 3655 542 3711 4444
564 3655 678 3724 desunt,
701 3669 774 3728 quos
794 3656 882 3727 AEgv·
976 3651 1057 3711 Anno
1071 3653 1321 3711 decemnovennali
1339 3651 1382 3725 44,
1397 3654 1465 3711 4444
1479 3653 1530 3711 84
1551 3653 1583 3711 45
1601 3654 1668 3712 4444
1683 3670 1761 3727 prae-

55 3742 111 3814 ptii
132 3747 256 3813 epactas,
273 3741 302 3798 id
324 3748 368 3799 est
386 3743 561 3812 adjectiones
575 3749 685 3816 vocant,
701 3758 774 3816 quas
793 3757 881 3814 supra
936 3746 1016 3804 teriti
1038 3744 1104 3801 44444
1126 3756 1219 3815 44444
1240 3743 1270 3799 44
1287 3739 1321 3798 44
1339 3747 1501 3815 sequentes,
1523 3743 1551 3800 id
1567 3748 1640 3801 esta
1658 3757 1676 3799 v
1698 3743 1761 3803 llal.

55 3831 175 3902 scriptis
188 3830 291 3888 diebus
302 3831 472 3902 adjicientes
494 3846 644 3890 numerum
660 3841 761 3891 vocant
776 3833 881 3891 solaris
934 3837 1002 3908 444.
1025 3847 1117 3906 44444
1139 3834 1168 3888 44
1196 3845 1255 3887 nvn
1273 3832 1335 3888 Kal.
1359 3832 1438 3903 litai,
1463 3833 1532 3904 quia
1553 3832 1762 3890 embolismalis

53 3921 135 3990 anni,
154 3920 236 3976 idest
253 3917 307 3977 365
318 3920 486 3991 adimplent,
511 3921 687 3991 quodetiam
703 3924 733 3979 in
755 3923 881 3980 emboli·
936 3939 1030 3983 annus
1039 3929 1091 3994 est,
1107 3923 1170 3978 dies
1185 3917 1249 3977 384.

53 4021 183 4066 444444
196 4008 308 4065 ratione
321 4009 452 4081 dirigens
468 4014 673 4082 perscrutatur,
687 4018 787 4082 potens
806 4012 880 4069 inve
972 4015 1053 4069 Anno
1074 4010 1325 4068 decemnovennali
1342 4008 1385 4082 la,
1403 4010 1471 4067 4444
1484 4008 1532 4068 94
1550 4008 1584 4066 45
1598 4010 1667 4067 4444
1684 4023 1772 4082 pre-·

53 4098 129 4168 nire,
144 4111 266 4168 quorum
288 4097 334 4154 vis
345 4097 412 4154 44444
432 4103 484 4167 est,
508 4104 542 4155 44
562 4113 613 4170 pro
632 4100 679 4156 sui
697 4100 880 4173 longitudine
935 4102 1014 4161 teriti
1031 4099 1096 4157 lestl
1111 4098 1245 4170 usquein
1263 4096 1296 4154 44
1308 4105 1469 4171 sequentes,
1485 4098 1513 4155 id
1530 4104 1605 4156 esta
1624 4112 1684 4156 nvn
1697 4098 1759 4156 Kal.

52 4187 251 4244 communium
266 4200 406 4244 annorum
419 4187 589 4245 detrimenta
601 4194 792 4260 compensent.
810 4191 880 4246 dm·
934 4192 1001 4250 ilai.
1020 4189 1151 4263 usquein
1163 4186 1238 4258 prld.
1252 4188 1313 4243 Non
1324 4188 1405 4259 444,
1417 4189 1760 4259 qulaeommunisanuus

975 2106 1057 2164 Anno
1071 2108 1320 2166 decemnovennali
1335 2107 1363 2181 7,
1380 2110 1449 2167 luna
1464 2112 1509 2168 44
1523 2110 1556 2169 45
1568 2113 1637 2170 4444
1650 2119 1766 2186 preter·

940 2195 974 2251 iti
989 2194 1052 2251 lesti
1069 2211 1160 2268 usque
1181 2195 1255 2253 4444
1277 2206 1438 2272 sequentes,
1456 2200 1484 2256 id
1504 2206 1548 2258 est
1565 2215 1615 2259 av
1636 2203 1675 2260 ld.
1696 2204 1763 2275 apr.

940 2299 1032 2356 44444
1045 2286 1075 2341 44
1092 2300 1123 2342 ιιι
1135 2287 1196 2343 Kal.
1213 2286 1293 2360 444,
1315 2289 1385 2359 4444
1409 2302 1504 2347 44444
1526 2293 1689 2355 44444444
1711 2298 1764 2367 444,

940 2374 1013 2432 4444
1026 2375 1090 2432 dies
1099 2373 1161 2432 354.

974 2463 1055 2521 Anno
1074 2466 1323 2523 decemnovennali
1338 2464 1365 2538 8,
1377 2467 1446 2524 luna
1459 2466 1504 2524 54
1520 2466 1554 2525 45
1569 2469 1636 2526 4444
1653 2477 1766 2541 praeter·

941 2549 976 2606 iti
990 2549 1068 2608 lesiti
1087 2567 1177 2626 usque
1199 2554 1228 2609 in
1252 2551 1285 2609 44
1297 2559 1458 2627 sequentes,
1477 2557 1505 2612 ld
1525 2561 1599 2614 esta
1621 2558 1695 2629 prid.
1712 2559 1764 2617 lial

939 2640 1007 2708 apr.
1025 2654 1116 2711 44444
1131 2642 1160 2697 44
1177 2656 1225 2698 444
1239 2641 1305 2699 Kal.
1315 2643 1394 2716 blai,
1411 2645 1480 2718 quia
1495 2645 1704 2704 embolismalis
1718 2660 1766 2705 an·

53 4277 205 4332 bolismelis
235 4275 340 4333 etenim
363 4277 469 4348 Graece,
492 4277 592 4333 latine
621 4286 879 4349 supeaepmentem
933 4286 987 4354 est,
1002 4277 1139 4337 (4444354.

50 4362 175 4437 dicitnr,
191 4364 260 4436 quia
275 4364 304 4420 id
316 4369 459 4422 estannus
471 4362 504 4422 43
514 4365 667 4424 lunaribus
676 4368 833 4439 mensibus,
851 4373 879 4427 44
894 4388 921 4452 n
969 4371 1050 4427 4444
1061 4361 1311 4426 decemnovennali
1327 4361 1370 4430 43,
1387 4361 1455 4418 4444
1471 4359 1504 4420 40
1520 4377 1536 4420 4
1553 4362 1587 4421 45
1601 4363 1671 4420 4444
1683 4379 1753 4436 prae·

51 4452 159 4510 diebus
172 4450 225 4510 384
240 4452 387 4526 impletur,
394 4454 515 4511 solarem
523 4455 779 4513 aunumdiebuslil
788 4464 879 4516 44444
934 4460 1014 4518 teriti
1029 4458 1096 4516 lesti
1112 4456 1249 4528 usquein
1265 4452 1299 4510 44
1318 4456 1477 4524 sequentes,
1495 4452 1524 4509 id
1540 4457 1583 4510 est
1601 4466 1618 4509 a
1636 4465 1668 4509 444
1686 4455 1757 4511 Νο4.

50 4543 186 4600 condens.
211 4544 281 4599 Nam
298 4543 495 4601 communium
512 4551 542 4602 44
557 4544 791 4603 embolismorum
812 4547 880 4604 talls
933 4552 1000 4623 444.
1014 4561 1106 4620 nsque
1129 4547 1159 4603 ln
1173 4560 1204 4602 44
1226 4544 1287 4601 Kal.
1305 4543 1385 4617 apr,
1402 4542 1471 4615 quia
1487 4543 1649 4600 eommunis
1665 4555 1758 4600 annus

50 4631 251 4703 comprobatio
274 4637 326 4688 444.
342 4632 372 4688 84
392 4633 499 4690 44444
519 4631 552 4691 45
575 4634 644 4692 4444
665 4636 793 4705 preterit
814 4634 879 4693 44444
933 4632 1127 4698 4444444354.

50 4716 270 4792 usquellauni
284 4721 411 4791 ejusdem
431 4728 582 4795 sequentes
595 4723 658 4780 dies
678 4722 731 4782 354
752 4723 879 4798 4444444,
969 4729 1051 4785 dono
1066 4721 1316 4784 decemnovennali
1335 4719 1379 4793 44,
1393 4720 1461 4779 luna
1477 4716 1507 4778 44
1525 4733 1542 4778 4
1557 4716 1761 4793 4544444444-

50 4809 218 4867 eommunis
240 4822 334 4867 annus
353 4812 418 4868 erit.
439 4812 469 4868 Si
489 4816 583 4869 autem
606 4811 716 4870 luerint
737 4814 802 4871 dies
815 4813 878 4888 384,
935 4818 1014 4876 teritl
1027 4816 1093 4875 lesti
1105 4829 1196 4887 44444
1211 4815 1242 4871 44
1254 4810 1287 4868 44
1303 4817 1464 4884 sequentes,
1480 4810 1509 4868 id
1523 4815 1568 4869 est
1581 4810 1617 4868 ab
1628 4824 1681 4868 vnn
1694 4811 1756 4870 Kal.

48 4897 262 4957 embolismalis
273 4900 337 4957 erit
352 4901 432 4971 Quod
449 4907 482 4958 nt
490 4901 589 4972 aptius
600 4902 790 4974 dat,aprimo
804 4917 880 4962 anno
934 4909 1002 4980 apr.
1019 4919 1111 4979 usque
1123 4906 1154 4962 in
1166 4899 1241 4977 prid.
1258 4901 1288 4958 ld
1302 4902 1382 4974 Ape,
1399 4900 1469 4972 quia
1482 4899 1692 4959 embolismalis
1702 4914 1760 4959 an·

48 4986 301 5045 decemnovennali
317 4990 454 5062 usquead
468 4990 603 5047 ultimum
612 4991 739 5062 eiusdem
753 4993 880 5064 subjecta
935 5012 989 5055 nus
1001 4999 1053 5067 444,
1064 4995 1129 5052 dies
1137 4989 1200 5050 384.

50 5075 163 5147 poteris
174 5073 298 5133 lormnla
311 5078 435 5149 edoceri,
449 5078 534 5148 cujus
548 5079 619 5136 ordo
629 5080 697 5137 talis
718 5087 770 5139 est.
969 5089 1050 5143 Anno
1063 5079 1312 5140 decemnovennali
1328 5075 1371 5150 45,
1388 5076 1457 5134 luna
1476 5073 1538 5135 444
1552 5075 1586 5135 45
1600 5078 1669 5136 4444
1681 5090 1757 5150 44444-

84 5164 169 5221 dnno
190 5164 440 5224 decemnovennali
462 5165 488 5239 4,
505 5167 574 5225 4444
590 5164 622 5224 44
637 5183 653 5226 4
671 5167 705 5226 45
720 5171 788 5229 4444
804 5186 880 5244 4444-
934 5174 1014 5232 teriti
1026 5172 1091 5230 lesti
1105 5184 1197 5243 usque
1210 5170 1239 5225 in
1254 5164 1287 5225 44
1301 5170 1463 5240 sequentes,
1478 5166 1507 5224 id
1523 5173 1567 5225 444
1577 5166 1614 5224 ab
1632 5167 1672 5223 ld.
1686 5166 1754 5235 apr.

48 5252 131 5310 444444
145 5252 212 5311 iesti
224 5255 369 5326 paschalis
379 5257 512 5329 usquead
525 5255 692 5329 llejusdem
707 5268 877 5332 sequentes:
933 5277 1026 5335 usque
1057 5263 1087 5318 in
1114 5259 1176 5317 iial.
1199 5268 1279 5330 apr,
1300 5257 1370 5330 quia
1389 5269 1483 5314 annus
1510 5253 1673 5314 communis
1701 5253 1754 5322 est,
1856 5250 1860 5255 '

49 5341 81 5399 id
96 5346 141 5399 cst
154 5356 172 5400 a
185 5339 219 5401 46
229 5344 290 5405 Kal.
302 5345 369 5402 ilai.
384 5359 476 5419 usque
492 5348 521 5403 ln
532 5349 603 5405 Non.
618 5347 686 5420 apr.
704 5351 774 5421 quia
796 5365 878 5409 eorn-
931 5355 995 5412 dies
1007 5350 1071 5409 354.

49 5433 255 5491 4444444444
267 5439 321 5506 est,
337 5434 412 5493 4444
424 5436 491 5494 dies
498 5433 561 5494 354.
966 5442 1049 5500 Anno
1062 5438 1311 5498 decemnovennali
1329 5435 1373 5511 46,
1388 5437 1457 5495 luna
1475 5432 1535 5491 434
1547 5427 1581 5487 45
1597 5428 1665 5486 luna
1678 5441 1755 5499 pre-

84 5522 169 5580 Anno
178 5523 430 5583 decemnovennali
438 5523 466 5600 2,
489 5527 558 5585 luna
577 5524 611 5584 48
630 5540 647 5585 4
663 5526 697 5586 45
710 5528 780 5587 luna
802 5545 878 5605 prae·
932 5533 1012 5591 teriti
1025 5530 1091 5588 lesti
1108 5542 1199 5602 usque
1215 5529 1245 5586 in
1255 5525 1456 5599 ilsequentes,
1470 5521 1498 5578 id
1511 5523 1555 5575 est
1568 5531 1585 5574 4
1600 5515 1676 5573 Prid.
1689 5515 1753 5592 4444,
