3876 6090
112 204 281 320 675‘

739 254 917 310 tnnsrhsn
940 254 1210 313 emulornncann

1766 245 1819 309 676

112 377 246 437 omnibus
257 374 435 444 impossibile
448 370 564 439 diffinit,
580 376 613 427 ut
628 384 712 426 unam
728 371 901 426 voluntatem
908 375 935 425 et
949 368 980 430 A
991 378 1108 436 nature,
1123 387 1187 428 cum
1199 377 1340 444 quotquot
1355 377 1398 428 est
1413 377 1524 443 natura,
1543 372 1571 428 id
1585 375 1629 427 est
1643 368 1821 438 inprincipa-

112 465 314 537 operationem,
337 465 388 516 aut
402 465 531 515 naturam
548 472 632 515 unam
658 458 776 514 deitatis
790 463 818 513 et
832 458 935 512 buma-

113 552 214 609 nitatis
231 552 294 619 ejus
317 548 508 603 couilteautur
527 546 557 601 hi
581 546 630 616 qni
646 545 691 616 pie
712 546 805 600 vivere
823 544 932 599 velunt.

112 641 228 709 Propter
243 637 317 707 quod
338 641 365 690 et
380 635 435 689 tale
448 635 517 705 quid
533 634 562 688 in
578 646 611 688 eo
627 632 859 705 dogmatizantes,
876 634 935 685 tan-

112 740 197 799 quam
210 725 314 795 impios
326 722 471 778 etalienos
483 719 672 777 immaculatae
685 725 788 776 nostrae
798 718 938 774 Christia-

112 828 214 870 norum
234 812 310 878 fidei,
327 810 428 880 abjicit
447 815 475 866 et
495 809 673 879 condemnat,
690 822 799 879 nosque
815 807 867 862 hoc
887 804 936 861 ia-

110 915 174 958 cere
184 904 366 971 protestatur.

146 993 186 1046 lle
200 988 312 1045 duabus
334 988 410 1044 enim
426 986 577 1043 salvatoris
591 986 682 1043 nostri
700 984 807 1040 Christi
822 982 936 1039 naturis

111 1085 140 1135 et
154 1076 380 1147 operationibus,
403 1079 437 1130 ut
455 1075 579 1130 breviter
600 1087 688 1143 pauca
703 1086 737 1128 ex
749 1071 840 1127 sacris
853 1070 936 1125 illius

111 1167 238 1239 eloquiis
260 1164 418 1235 expediam,
442 1163 500 1218 haec
514 1162 659 1217 evidenter
679 1160 801 1216 affatur:
819 1179 832 1211 α
848 1158 936 1214 Utra-

113 1270 168 1328 que
176 1254 328 1312 ostendens
336 1267 422 1323 super
432 1250 666 1322 quaedupliciter,
678 1249 776 1305 divine
786 1248 899 1304 scilicet
907 1250 936 1303 et

112 1344 236 1400 humane
246 1348 380 1412 operatus
390 1344 433 1396 est
456 1339 612 1395 secundum
626 1339 761 1400 camdem,
777 1350 839 1406 quae
851 1338 936 1391 ver'a-

112 1433 184 1488 citer
199 1443 264 1487 vera
279 1433 362 1485 estet
375 1427 517 1483 naturalis
531 1426 703 1492 substantia,
716 1426 805 1482 Deum
820 1425 937 1480 immen-

114 1536 177 1578 sum
190 1519 277 1576 simul
301 1523 329 1573 et
343 1516 591 1584 circumscriptum
610 1515 753 1570 hominem
767 1515 935 1570 existentem

114 1616 143 1666 et
157 1608 344 1665 intellectum.
366 1604 555 1661 substantiam
568 1603 720 1674 utriusque
733 1601 854 1672 perfecte
869 1615 938 1670 per-

989 460 1079 533 litate,
1102 460 1267 531 infactione,
1285 461 1436 532 infinitate,
1451 460 1690 530 sempiternitate,
1708 457 1820 512 incom-

990 550 1248 619 prehensibilitate,
1278 555 1305 604 et
1331 564 1509 621 quaecunque
1533 549 1636 605 horum
1660 544 1820 602 secundum

990 638 1215 708 magnitudinem
1226 638 1385 708 theologica
1393 638 1571 707 amplissime
1584 635 1733 692 iudcitate
1748 632 1821 688 ratio

988 725 1212 795 contemplatur:
1228 731 1256 781 et
1266 727 1497 781 vicissitudinem
1510 731 1633 795 utraque
1644 735 1730 793 passa
1739 727 1817 783 sunt

989 819 1091 869 neutro
1115 820 1232 883 natura,
1257 829 1316 870 suae
1336 813 1554 869 substantialem
1576 812 1718 868 rationem
1746 810 1822 867 ultra

989 900 1152 957 salvandam
1164 902 1293 958 habente.
1311 920 1324 951 »
1342 904 1376 958 Et
1392 916 1512 958 rursus:
1527 922 1539 953 «
1556 901 1612 970 Qui
1629 900 1709 955 enim
1723 912 1822 955 eorum

989 1005 1052 1060 quae
1064 990 1185 1046 alterins
1200 995 1267 1045 sunt
1281 995 1399 1059 uatnrae,
1412 991 1537 1046 eamdem
1555 989 1648 1059 ipsam
1656 988 1750 1044 sentit
1762 1001 1832 1056 ope-

989 1078 1139 1146 rationem,
1161 1077 1358 1134 confusionem
1375 1078 1483 1147 pariter
1503 1076 1674 1144 naturalem,
1699 1079 1728 1131 et
1742 1075 1837 1131 divi—

990 1165 1099 1220 sionem
1109 1177 1207 1219 eorum
1220 1164 1332 1219 inducit
1344 1163 1530 1233 personalem,
1542 1162 1692 1233 incognita
1702 1175 1836 1231 prorsus

991 1252 1160 1308 idiomatum
1180 1252 1368 1308 translatione
1383 1252 1510 1308 naturali
1526 1265 1625 1308 eorum
1641 1249 1721 1305 iacta
1730 1263 1857 1307 essen-

991 1341 1041 1396 tia.
1056 1358 1068 1390 e
1085 1343 1170 1396 item:
1187 1361 1199 1392 a
1216 1341 1246 1395 Si
1262 1355 1327 1396 vero
1338 1340 1465 1420 ejusdem
1479 1340 1535 1395 sibi
1553 1354 1609 1396 non
1626 1338 1686 1396 tuit
1700 1344 1838 1411 natura,

991 1442 1083 1499 neque
1101 1429 1229 1498 ejusdem
1251 1429 1308 1484 sibi
1328 1428 1375 1485 det
1396 1429 1538 1485 naturalis
1553 1426 1743 1498 operationis.
1761 1445 1775 1476 r
1791 1428 1847 1488 ut

992 1517 1112 1573 iterum:
1132 1537 1144 1569 a
1166 1520 1197 1572 ln
1220 1517 1350 1573 eumdem
1372 1524 1466 1573 autem
1485 1530 1610 1573 errorem
1638 1514 1716 1571 illati
1744 1520 1830 1588 sunt,

992 1605 1064 1660 male
1074 1605 1220 1661 credentes
1236 1605 1379 1675 propriam
1393 1604 1600 1661 iactamcaruis
1615 1603 1749 1659 divinam
1762 1616 1830 1672 ope-

115 1696 215 1755 iectam
232 1695 380 1751 habentem
403 1708 468 1749 cum
491 1692 655 1762 operatione
669 1705 731 1762 sua,
745 1692 774 1747 id
792 1695 836 1746 est
848 1695 937 1746 natu-
951 1688 977 1749 B
992 1692 1217 1763 rationemque
1232 1693 1261 1747 in
1278 1693 1427 1749 miraculis
1438 1708 1486 1762 per
1499 1693 1590 1763 ipsam
1601 1691 1751 1761 apparuit,
1768 1704 1825 1760 qua

114 1787 168 1844 rali
186 1786 396 1856 proprietate.»
413 1783 447 1836 Et
462 1795 582 1837 rursus:
600 1782 686 1836 «Non
708 1779 784 1834 euim
800 1777 873 1834 iacta
894 1781 938 1834 est

115 1881 218 1932 natura
228 1874 321 1929 deitas
336 1875 525 1926 transmutata
538 1873 640 1925 natura
656 1882 732 1937 caro,
748 1867 822 1923 iacta
835 1872 938 1922 natura

115 1955 937 2029 divinitatiscaro:sedquodcratetiarndeitatiscoaptata

116 2053 222 2108 mansit
241 2063 317 2118 caro,
334 2048 447 2104 inilrma
463 2052 492 2101 et
507 2045 655 2116 passibilis
675 2050 777 2100 natura
791 2051 820 2099 et
834 2056 939 2113 opera-

116 2142 204 2210 tione,
237 2139 318 2215 slcut
335 2121 377 2192 ait
397 2134 542 2191 Salvator:
571 2133 691 2203 Spiritus
711 2133 820 2202 quidem
840 2146 939 2201 prorn-

112 2236 188 2302 ptus,
206 2243 268 2281 corn
284 2231 374 2280 nutum
394 2226 503 2294 infimae
521 2221 630 2290 (blatta.
649 2235 730 2292 xxvi,
750 2218 787 2292 l).
803 2222 867 2275 »Et
889 2221 940 2276 lter

993 1785 1084 1836 totum
1098 1781 1231 1836 Christus
1244 1780 1443 1837 substantians
1454 1780 1611 1837 secundnm
1623 1779 1702 1850 quod
1717 1778 1820 1834 intelli·

993 1869 1072 1940 gitur
1085 1870 1185 1932 Deum,
1201 1871 1329 1926 continet
1343 1874 1494 1926 retentum.
1512 1887 1525 1918 r
1542 1871 1576 1924 Et
1587 1869 1694 1924 iterum
1711 1885 1718 1922 :
1737 1867 1817 1924 «Non

992 1957 1068 2013 enim
1084 1965 1273 2029 cognoverant
1288 1958 1469 2028 impossibile
1487 1971 1548 2014 esse
1561 1957 1669 2012 divinae
1683 1955 1818 2025 operatio

994 2059 1056 2101 nem
1069 2051 1177 2102 natura
1200 2048 1307 2103 idioma
1330 2046 1390 2103 ileri
1405 2047 1467 2102 sine
1479 2044 1737 2102 convertibilitate.
1755 2063 1769 2096 r
1788 2044 1816 2098 lit

994 2132 1816 2204 iterum:«Quarumdoueeuuumsecuudumsubstautiau

993 2230 1182 2294 cognoscatur
1203 2224 1325 2280 Verbum
1349 2224 1437 2282 unius
1460 2223 1649 2294 operationis,
1673 2234 1815 2292 nunquan

116 2335 197 2376 rum:
217 2339 230 2369 ι(
252 2318 303 2371 Per
327 2327 412 2384 quam
433 2317 567 2382 operatus
590 2317 618 2367 et
639 2312 752 2380 patiens
775 2315 941 2380 quaerant
994 2311 1274 2384 aliqnandoeoquod
1285 2314 1437 2384 utriusque
1449 2314 1814 2384 sitcoguosceturmotus.r

115 2408 211 2464 carnis
225 2405 288 2460 sine
301 2407 423 2473 peccato,
441 2414 491 2471 pro
511 2399 595 2455 nobis
611 2397 749 2453 indicavit
768 2397 940 2453 exinanitio
994 2401 1028 2456 Et
1044 2401 1165 2458 iterum:
1194 2423 1206 2454 a
1224 2406 1320 2474 ltaque
1337 2405 1404 2459 Bere
1417 2402 1531 2474 quidem
1548 2401 1590 2457 sic
1606 2414 1636 2456 se
1657 2399 1776 2470 babens,
1789 2403 1816 2455 ut

115 2509 178 2552 nem
191 2492 319 2557 deitatis,
329 2488 479 2545 miraculis
489 2487 618 2543 etcarnis
631 2485 817 2556 passionibus
826 2492 938 2541 natura·
993 2489 1067 2559 dixi,
1083 2491 1260 2559 operationis
1271 2491 1410 2547 unalitate
1419 2491 1552 2546 deitatem
1567 2488 1716 2544 Christiet
1726 2487 1817 2543 buma-

116 2583 182 2639 iiter
201 2579 402 2635 roboratam.»
425 2579 459 2630 Et
473 2577 577 2631 iterum
593 2594 599 2630 :
618 2596 630 2627 u
647 2577 813 2646 llysterium
833 2575 939 2631 diviua
994 2577 1112 2634 nitatem
1135 2579 1221 2635 simul
1247 2578 1424 2635 contundens
1447 2578 1627 2649 naturaliter,
1644 2581 1672 2631 et
1693 2576 1816 2646 partiens

116 2665 325 2727 incarnationis
335 2664 509 2734 apostoliset
519 2663 760 2734 prophetisatque
771 2662 940 2720 doctoribus
994 2667 1193 2736 personaliter,
1204 2669 1339 2724 dissolvit
1349 2669 1447 2736 vitam,
1463 2669 1599 2739 ignorans
1611 2665 1706 2722 solius
1719 2678 1817 2721 conna-

114 2758 231 2828 dnplam
242 2753 419 2811 etdiversam
430 2752 533 2807 babere
544 2751 896 2823 dignoscituruaturalem
908 2752 938 2808 in
994 2755 1131 2812 turalium
1148 2769 1331 2824 personarum
1351 2756 1548 2813 connaturalis
1561 2754 1730 2811 identitatis
1741 2766 1818 2809 eam·

114 2845 249 2904 omnibus
266 2842 415 2910 theoriam,
442 2840 624 2895 indiminutae
638 2841 756 2897 deitatis
770 2841 896 2896 existens
910 2844 939 2895 et

115 2935 204 3007 pienae
224 2929 479 2988 demonstrativum
505 2929 703 2985 humanitatis.
730 2930 795 2984 »Et
812 2929 934 2985 iterum:

115 3044 129 3077 a
149 3021 260 3091 Quibus
272 3019 370 3074 divine
384 3018 525 3087 parileret
538 3017 661 3073 humane
676 3023 809 3087 operatus
824 3022 867 3074 est
879 3032 940 3087 per-
954 2989 978 3050 C

114 3113 451 3180 fectionem,peromnem
465 3106 617 3189 utriusque
627 3108 777 3175 rationem,
790 3107 847 3163 sibi
860 3113 941 3163 natu-

114 3202 214 3259 raliter
229 3195 492 3255 incommutabilem
505 3195 626 3251 salvans.
642 3213 655 3245 r
677 3197 711 3252 Et
727 3197 848 3252 iterum:
865 3216 877 3248 a
891 3196 938 3253 Nil

113 3290 245 3347 divinum
275 3287 384 3343 nudum
408 3297 526 3353 corpore
549 3291 693 3355 operatus,
717 3285 759 3340 nil
780 3283 936 3340 humanum

115 3379 188 3435 idem
204 3377 264 3446 ipse
284 3374 426 3444 privatum
440 3372 582 3444 dignitate
595 3386 709 3444 gerens:
727 3387 842 3429 servans
861 3372 939 3429 sibi-
957 3391 960 3398 ·

115 3472 172 3522 met
182 3465 296 3521 modum
308 3463 464 3518 secundum
489 3468 643 3531 utrumque
659 3462 874 3533 immotabilem,
889 3476 938 3532 per

115 3568 198 3626 quem
211 3560 345 3624 operatus
359 3555 402 3605 est
420 3556 539 3620 utraque
551 3548 661 3605 decenti
683 3564 769 3618 more,
783 3550 817 3606 ad
830 3565 939 3619 appro-

114 3643 257 3699 bationem
274 3644 403 3710 perpectae
423 3651 455 3691 ac
464 3650 537 3691 vera
550 3637 682 3707 nihilque
694 3637 826 3694 habentis
839 3640 938 3708 pravi-

115 3731 183 3786 tatis
197 3724 445 3784 inhumanationis
467 3739 535 3779 snae.
554 3742 568 3773 u
584 3725 623 3779 De
639 3725 764 3781 hisvero
784 3725 834 3796 qui
852 3739 936 3782 uuam

113 3817 231 3875 deitatis
241 3820 269 3870 et
280 3811 468 3868 humantiatis
482 3813 545 3881 ejus
557 3813 750 3882 operationem
764 3820 792 3869 et
805 3818 937 3870 naturam

115 3917 200 3960 unam
220 3900 422 3971 dogmatizant,
446 3899 538 3955 dicit:
554 3920 567 3953 a
581 3902 642 3958 Nou
657 3901 734 3956 euim
749 3902 938 3959 circumscri-

114 3993 194 4048 bitur
214 3988 324 4044 laetitia
345 3993 446 4043 natura
463 3987 491 4043 td
513 3989 588 4059 qnod
606 4003 655 4059 per
676 3997 807 4046 naturam
829 3990 935 4050 iactum

114 4094 170 4137 nou
186 4085 236 4144 est,
253 4078 320 4133 licet
334 4077 481 4132 cooriatur
492 4078 518 4132 ei
533 4092 582 4148 per
596 4080 809 4150 conceptionem
823 4095 937 4138 enarrem

113 4166 395 4225 circumscribentem
406 4179 538 4221 sensum:
557 4181 607 4223 nec
619 4168 704 4223 etiam
722 4169 751 4223 iu
763 4169 860 4224 eodem
874 4170 937 4238 ipso

114 4257 171 4313 sibi
180 4261 282 4312 natura
296 4254 429 4310 diilcrtur
439 4254 595 4325 aliquando
607 4260 635 4311 et
645 4256 786 4312 naturalis
798 4257 935 4326 operatio,

992 2845 1056 2901 dem
1072 2845 1162 2914 ipsam
1177 2844 1370 2915 operationem
1380 2859 1441 2901 esse
1453 2844 1684 2917 significativam.
1699 2860 1712 2892 r

1029 2932 1079 2987 llis
1093 2932 1185 3004 igitur
1209 2933 1249 2989 ita
1271 2937 1298 2988 et
1319 2934 1423 2989 abhoc
1439 2945 1551 3003 quoque
1571 2929 1770 2987 sacratissimo
1791 2936 1816 2986 et

996 3033 1097 3092 magno
1109 3022 1264 3077 doctoreac
1280 3027 1402 3092 martyre
1414 3020 1544 3077 veritatis
1556 3019 1595 3090 (id
1613 3020 1709 3088 ipsum
1724 3023 1817 3073 autern

994 3114 1046 3179 est,
1063 3109 1088 3165 si
1107 3110 1238 3166 dicamus
1259 3110 1483 3180 asanctissimo,
1507 3109 1557 3180 qui
1570 3109 1601 3164 in
1620 3121 1655 3164 eo
1676 3107 1817 3178 loquitur,

993 3197 1114 3271 Spiritu)
1128 3197 1309 3254 manifestius
1321 3198 1419 3265 dictis,
1433 3197 1587 3267 diligenter
1601 3196 1754 3252 intendant
1768 3194 1816 3265 qul

993 3287 1103 3355 volunt,
1117 3293 1145 3344 et
1160 3288 1282 3343 maxime
1296 3288 1346 3357 qui
1357 3287 1569 3342 communicant
1583 3285 1630 3341 his
1645 3285 1696 3356 qni
1713 3284 1819 3340 novita-

993 3383 1036 3432 tes
1053 3390 1129 3432 nunc
1152 3377 1262 3446 operati
1286 3380 1370 3432 sunt:
1386 3383 1414 3431 et
1433 3375 1525 3431 sciant
1545 3375 1716 3444 certissime,
1739 3372 1816 3444 quia,

992 3463 1043 3533 qni
1057 3464 1130 3518 duas
1144 3465 1296 3520 salvatoris
1309 3464 1399 3520 nostri
1409 3462 1517 3518 Christi
1528 3463 1691 3518 voluntates
1706 3465 1820 3516 natura·

993 3548 1034 3604 les
1052 3556 1080 3605 et
1094 3552 1274 3619 operationes
1292 3552 1433 3624 denegant
1447 3556 1475 3606 et
1489 3549 1642 3620 abjiciunt,
1653 3554 1682 3604 et
1697 3547 1816 3617 impiam

991 3650 1024 3692 ac
1045 3637 1166 3693 alienam
1181 3639 1368 3695 Christianiei
1383 3638 1526 3710 dogmatis
1538 3643 1595 3693 tam
1609 3649 1720 3692 sacram
1733 3641 1762 3690 et
1772 3650 1817 3690 or·

992 3724 1144 3781 thodoxam
1160 3725 1367 3783 confessionem
1379 3728 1532 3797 appellant,
1544 3738 1689 3794 unamque
1700 3723 1818 3780 deitatis

992 3819 1019 3869 et
1039 3814 1228 3870 humanitatis
1239 3817 1302 3885 eius
1320 3817 1493 3872 voluntatem
1509 3819 1538 3870 et
1555 3812 1752 3883 operationem
1772 3813 1818 3867 de

992 3904 1155 3975 gmatizaut,
1179 3906 1291 3976 eosqui
1314 3906 1412 3961 taliter
1434 3893 1490 3961 sibi
1511 3917 1633 3959 consone
1658 3901 1819 3958 noncouil-

991 3996 1088 4047 tentur
1113 3993 1395 4063 anathematizantes,
1418 3993 1540 4062 liquido,
1565 3990 1675 4060 absque
1696 3989 1758 4046 ullo
1774 3993 1819 4043 te-

991 4085 1073 4152 gente
1103 4081 1243 4136 velamiue
1274 4088 1388 4137 sanctos
1423 4080 1584 4150 prophetas.
1606 4083 1634 4133 et
1661 4076 1816 4147 apostolos,

991 4173 1077 4239 atque
1095 4168 1244 4238 doctores;
1268 4169 1310 4225 vel
1324 4170 1420 4238 etiam,
1444 4173 1476 4224 ut
1487 4168 1582 4223 verius
1601 4166 1727 4237 dicatur,
1750 4177 1819 4219 san-

992 4257 1153 4313 ctissimum
1173 4259 1313 4327 Spiritum
1333 4258 1382 4327 qui
1411 4257 1472 4312 illis
1488 4256 1601 4312 locutus
1614 4261 1668 4324 est,
1684 4253 1817 4324 quinimo

112 4348 201 4403 donec
224 4350 377 4414 utrumque
398 4343 473 4399 intra
495 4345 639 4414 propriam
661 4348 754 4399 manet
778 4347 935 4401 naturalem
951 4332 1020 4402 Det
1033 4346 1171 4416 loquitur,
1187 4346 1438 4415 anathematizant,
1454 4345 1571 4400 etabeo
1585 4358 1634 4414 per
1649 4342 1718 4398 illos
1733 4341 1819 4398 tradi·

114 4433 428 4492 inconversibilitatem.
452 4451 465 4482 u
491 4434 525 4487 Et
547 4432 631 4486 item:
656 4453 669 4484 a
698 4432 935 4491 connaturalium

114 4525 220 4595 quippe
232 4527 343 4579 tantum
357 4528 400 4577 est
414 4522 510 4576 eadem
522 4521 584 4589 ipsa
597 4534 717 4590 operans
726 4527 830 4585 motus,
844 4537 936 4578 essen-

114 4613 182 4667 tiam
198 4610 429 4680 indicans,cujus
440 4609 598 4664 naturalem
608 4615 787 4666 constatesse
800 4612 935 4667 virtutem

113 4696 937 4766 alteriusnaturaeproprietatesubstautiaseeundumnul-

113 4787 168 4842 lam
177 4786 383 4871 rationemesse
393 4785 435 4840 vel
447 4784 508 4840 fieri
519 4786 581 4842 sine
591 4788 832 4844 convertibilitate
844 4787 936 4843 valen·

112 4880 149 4930 te.
163 4893 176 4924 »
188 4875 269 4929 ltem:
284 4893 297 4926 a
311 4875 349 4928 Ea
364 4873 469 4944 quippe
479 4890 543 4946 quae
554 4881 653 4933 mutuo
666 4877 932 4948 suntcooperantia,

112 4968 140 5020 et
154 4962 250 5018 eadem
262 4963 419 5034 operantia,
436 4967 464 5019 et
478 4965 604 5034 eiusdem
617 4965 751 5037 originis,
768 4965 893 5035 proiecto
907 4970 936 5021 et

113 5049 328 5120 compassibilia
341 5057 450 5107 naturas
464 5066 518 5108 non
530 5054 719 5123 suscipientia
729 5054 932 5120 differentiam,

112 5149 140 5198 et
155 5138 267 5195 naturis
289 5138 345 5193 sibi
365 5139 495 5196 confusis
523 5143 718 5197 eritdualitas
743 5142 885 5205 Christus,
906 5149 935 5198 et

112 5227 242 5301 personis
253 5226 393 5295 separatis
407 5228 455 5281 det
465 5230 653 5299 quaternitas,
667 5228 741 5298 quod
755 5235 798 5283 est
810 5230 932 5285 nimium

113 5316 290 5389 fugiendum.
310 5333 323 5365 r
339 5315 374 5369 Et
389 5314 510 5368 iterum:
528 5335 540 5365 a
554 5316 583 5370 Si
598 5316 698 5386 igitur,
712 5316 868 5371 secundum
885 5319 932 5374 Be

113 5419 221 5476 renem,
235 5408 383 5474 assumpta
397 5402 453 5458 sibi
467 5415 532 5458 caro
544 5404 669 5472 eiusdem
683 5405 859 5473 operationis
872 5408 934 5462 eile-

111 5500 158 5552 cta
171 5497 224 5563 est,
239 5493 314 5551 baud
325 5491 446 5550 dubium
458 5490 529 5563 quin
544 5496 572 5546 et
586 5491 712 5560 ejusdem
727 5490 801 5548 iacta
819 5499 862 5550 est
874 5495 931 5552 sibl

993 4441 1049 4490 tam
1066 4435 1148 4490 nobis
1163 4448 1271 4489 sacram
1292 4441 1321 4490 et
1339 4435 1526 4490 orthodoxam
1539 4431 1749 4489 contessionem
1764 4429 1818 4485 ab·

991 4528 1095 4595 negant
1123 4529 1152 4577 et
1183 4523 1324 4592 abjiciunt
1343 4528 1429 4593 atque
1459 4523 1576 4592 impiam
1607 4524 1634 4576 et
1651 4519 1818 4575 alienama

989 4610 1153 4667 Christiano
1183 4610 1313 4681 dogmate
1333 4625 1395 4666 esse
1413 4615 1584 4681 asseverant,
1614 4613 1642 4664 et
1665 4620 1758 4678 aeque,
1786 4608 1818 4661 ut

991 4699 1144 4769 praedictus
1162 4698 1322 4769 haereticus,
1349 4699 1419 4769 quin
1436 4699 1541 4769 potius,
1558 4704 1590 4752 ut
1613 4709 1713 4751 omncs
1726 4691 1812 4750 simul

991 4786 1103 4856 proiani
1127 4786 1253 4842 haeretici
1279 4787 1375 4858 quiin
1400 4785 1568 4843 confusione
1583 4791 1610 4840 et
1623 4782 1777 4855 phantasia
1788 4787 1818 4839 et

988 4873 1132 4930 divisione
1161 4875 1271 4944 decepti
1300 4879 1376 4945 sunt,
1411 4874 1503 4931 solum
1525 4868 1817 4942 supersubstantialis

988 4962 1138 5035 theologiae
1151 4977 1183 5018 ac
1196 4964 1349 5019 incarnatae
1361 4962 1588 5033 dispensationis
1604 4973 1661 5016 non
1673 4960 1817 5032 abnegant

987 5056 1016 5108 et
1040 5050 1211 5107 subvertunt
1241 5051 1418 5122 mysterium,
1443 5049 1665 5122 quaternitatem
1698 5046 1815 5118 quidem

988 5154 1173 5210 personarum
1184 5144 1309 5196 sanctam
1322 5141 1488 5195 coniltentes
1502 5138 1673 5194 Trinitatem
1686 5154 1693 5191 :
1709 5141 1815 5192 atvero

989 5241 1078 5284 unum
1094 5228 1192 5298 hujus,
1211 5229 1239 5285 id
1253 5233 1295 5284 est
1309 5229 1461 5284 Dominum
1475 5232 1604 5282 nostrum
1619 5225 1815 5282 iesumeri-

988 5321 1074 5399 stum,
1088 5319 1287 5390 inanimatum,
1298 5323 1327 5374 et
1338 5319 1401 5373 sine
1412 5317 1559 5372 intellectu
1569 5329 1602 5371 ac
1616 5315 1681 5371 sine
1692 5317 1813 5385 ratione,

988 5408 1144 5463 secundum
1160 5409 1235 5479 quod
1250 5413 1364 5478 propter
1379 5421 1431 5463 nos
1446 5404 1537 5462 lactus
1552 5408 1595 5461 est
1610 5405 1707 5474 homo,
1728 5405 1816 5460 lutro-

987 5495 1133 5567 ducentes,
1148 5501 1177 5552 et
1191 5496 1459 5553 convertibilitatem
1486 5493 1573 5552 simul
1585 5498 1615 5551 et
1627 5493 1814 5565 conspersio·
