<?xml version="1.0" encoding="UTF-8"?>
<!DOCTYPE html PUBLIC "-//W3C//DTD XHTML 1.0 Transitional//EN"
    "http://www.w3.org/TR/xhtml1/DTD/xhtml1-transitional.dtd">
<html xmlns="http://www.w3.org/1999/xhtml" xml:lang="en" lang="en">
 <head>
  <title>
</title>
<meta http-equiv="Content-Type" content="text/html;charset=utf-8" />
  <meta name='ocr-system' content='tesseract 3.04.00' />
  <meta name='ocr-capabilities' content='ocr_page ocr_carea ocr_par ocr_line ocrx_word'/>
</head>
<body>
  <div class='ocr_page' id='page_1' title='image "./patrologiaecurs06migngoog_0571.png"; bbox 0 0 3876 6090; ppageno 0'>
   <div class='ocr_carea' id='block_1_1' title="bbox 138 275 202 334">
    <p class='ocr_par' dir='ltr' id='par_1_1' title="bbox 138 275 202 334">
     <span class='ocr_line' id='line_1_1' title="bbox 138 275 202 334; baseline -0.047 0"><span class='ocrx_word' id='word_1_1' title='bbox 138 275 202 334; x_wconf 80' lang='lat' dir='ltr'>ilat</span> 
     </span>
    </p>
   </div>
   <div class='ocr_carea' id='block_1_2' title="bbox 529 277 1441 335">
    <p class='ocr_par' dir='ltr' id='par_1_2' title="bbox 529 277 1441 335">
     <span class='ocr_line' id='line_1_2' title="bbox 529 277 1441 335; baseline -0.002 -2"><span class='ocrx_word' id='word_1_2' title='bbox 529 281 672 334; x_wconf 72' lang='lat' dir='ltr'>terem).</span> <span class='ocrx_word' id='word_1_3' title='bbox 697 281 743 335; x_wconf 79' lang='lat' dir='ltr'>hb</span> <span class='ocrx_word' id='word_1_4' title='bbox 761 281 842 334; x_wconf 74' lang='lat' dir='ltr'>sAEG.</span> <span class='ocrx_word' id='word_1_5' title='bbox 864 280 912 333; x_wconf 75' lang='grc' dir='ltr'>[Χ.</span> <span class='ocrx_word' id='word_1_6' title='bbox 935 308 971 317; x_wconf 90' lang='grc'><strong>-</strong></span> <span class='ocrx_word' id='word_1_7' title='bbox 990 277 1168 333; x_wconf 66' lang='lat' dir='ltr'>acciones</span> <span class='ocrx_word' id='word_1_8' title='bbox 1187 279 1275 334; x_wconf 78' lang='lat' dir='ltr'>tuiti</span> <span class='ocrx_word' id='word_1_9' title='bbox 1294 277 1441 334; x_wconf 73' lang='lat' dir='ltr'>lucenti.</span> 
     </span>
    </p>
   </div>
   <div class='ocr_carea' id='block_1_3' title="bbox 1772 275 1847 337">
    <p class='ocr_par' dir='ltr' id='par_1_3' title="bbox 1772 275 1847 337">
     <span class='ocr_line' id='line_1_3' title="bbox 1772 275 1847 337; baseline 0.053 -5"><span class='ocrx_word' id='word_1_10' title='bbox 1772 275 1847 337; x_wconf 79' lang='lat' dir='ltr'>&#39;ttae</span> 
     </span>
    </p>
   </div>
   <div class='ocr_carea' id='block_1_4' title="bbox 169 402 1845 475">
    <p class='ocr_par' dir='ltr' id='par_1_4' title="bbox 169 402 1845 475">
     <span class='ocr_line' id='line_1_4' title="bbox 169 402 1845 475; baseline 0.001 -18"><span class='ocrx_word' id='word_1_11' title='bbox 169 405 364 458; x_wconf 83' lang='lat' dir='ltr'>Constantinus</span> <span class='ocrx_word' id='word_1_12' title='bbox 378 407 406 459; x_wconf 93' lang='lat' dir='ltr'>et</span> <span class='ocrx_word' id='word_1_13' title='bbox 419 405 550 459; x_wconf 82' lang='lat' dir='ltr'>Constans</span> <span class='ocrx_word' id='word_1_14' title='bbox 563 420 618 470; x_wconf 85' lang='lat' dir='ltr'>reg.</span> <span class='ocrx_word' id='word_1_15' title='bbox 634 418 679 461; x_wconf 78' lang='lat' dir='ltr'>ain.</span> <span class='ocrx_word' id='word_1_16' title='bbox 695 419 798 459; x_wconf 77' lang='lat' dir='ltr'>xxxin.</span> <span class='ocrx_word' id='word_1_17' title='bbox 810 406 960 472; x_wconf 73' lang='lat' dir='ltr'>Constans,</span> <span class='ocrx_word' id='word_1_18' title='bbox 975 405 1003 465; x_wconf 82' lang='lat' dir='ltr'><strong>A</strong></span> <span class='ocrx_word' id='word_1_19' title='bbox 1054 403 1195 473; x_wconf 87' lang='lat' dir='ltr'>Ephesina</span> <span class='ocrx_word' id='word_1_20' title='bbox 1206 404 1332 473; x_wconf 81' lang='lat' dir='ltr'>synodus</span> <span class='ocrx_word' id='word_1_21' title='bbox 1344 403 1481 459; x_wconf 88' lang='lat' dir='ltr'>adversus</span> <span class='ocrx_word' id='word_1_22' title='bbox 1492 402 1659 459; x_wconf 77' lang='lat' dir='ltr'><strong>Nestorium</strong></span> <span class='ocrx_word' id='word_1_23' title='bbox 1673 404 1773 475; x_wconf 87' lang='lat' dir='ltr'>agitur</span> <span class='ocrx_word' id='word_1_24' title='bbox 1784 402 1845 473; x_wconf 92' lang='lat' dir='ltr'>epi-</span> 
     </span>
    </p>
   </div>
   <div class='ocr_carea' id='block_1_5' title="bbox 133 475 962 671">
    <p class='ocr_par' dir='ltr' id='par_1_5' title="bbox 133 475 962 671">
     <span class='ocr_line' id='line_1_5' title="bbox 133 475 962 601; baseline 0.005 -74"><span class='ocrx_word' id='word_1_25' title='bbox 133 475 260 601; x_wconf 57' lang='lat' dir='ltr'>crudetlis</span> <span class='ocrx_word' id='word_1_26' title='bbox 274 475 413 546; x_wconf 83' lang='lat' dir='ltr'>moribus,</span> <span class='ocrx_word' id='word_1_27' title='bbox 427 476 552 532; x_wconf 80' lang='lat' dir='ltr'>brianus</span> <span class='ocrx_word' id='word_1_28' title='bbox 565 476 691 544; x_wconf 76' lang='lat' dir='ltr'>effectus,</span> <span class='ocrx_word' id='word_1_29' title='bbox 707 476 888 531; x_wconf 87' lang='lat' dir='ltr'>Christianos</span> <span class='ocrx_word' id='word_1_30' title='bbox 903 491 962 545; x_wconf 89' lang='lat' dir='ltr'>per-</span> 
     </span>
     <span class='ocr_line' id='line_1_6' title="bbox 133 558 276 671; baseline 0.021 -72"><span class='ocrx_word' id='word_1_31' title='bbox 133 558 215 671; x_wconf 47' lang='lat' dir='ltr'>segne</span> <span class='ocrx_word' id='word_1_32' title='bbox 232 562 276 602; x_wconf 91' lang='lat' dir='ltr'>ur.</span> 
     </span>
    </p>
   </div>
   <div class='ocr_carea' id='block_1_6' title="bbox 1016 489 1843 615">
    <p class='ocr_par' dir='ltr' id='par_1_6' title="bbox 1016 489 1843 615">
     <span class='ocr_line' id='line_1_7' title="bbox 1016 489 1843 615; baseline 0.002 -16"><span class='ocrx_word' id='word_1_33' title='bbox 1016 489 1212 601; x_wconf 46' lang='grc' dir='ltr'>ει(ἷτιεῖῐῃεετετττ</span> <span class='ocrx_word' id='word_1_34' title='bbox 1237 553 1363 615; x_wconf 88' lang='lat' dir='ltr'>tompore</span> <span class='ocrx_word' id='word_1_35' title='bbox 1386 545 1530 615; x_wconf 79' lang='lat' dir='ltr'>diabotus,</span> <span class='ocrx_word' id='word_1_36' title='bbox 1556 547 1588 602; x_wconf 90' lang='lat' dir='ltr'>in</span> <span class='ocrx_word' id='word_1_37' title='bbox 1613 545 1739 615; x_wconf 86' lang='lat' dir='ltr'>speciem</span> <span class='ocrx_word' id='word_1_38' title='bbox 1760 546 1843 615; x_wconf 81' lang='lat' dir='ltr'>hloysi</span> 
     </span>
    </p>
   </div>
   <div class='ocr_carea' id='block_1_7' title="bbox 193 617 1844 689">
    <p class='ocr_par' dir='ltr' id='par_1_7' title="bbox 193 617 1844 689">
     <span class='ocr_line' id='line_1_8' title="bbox 193 617 1844 689; baseline 0 -17"><span class='ocrx_word' id='word_1_39' title='bbox 193 618 265 688; x_wconf 84' lang='lat' dir='ltr'>rius,</span> <span class='ocrx_word' id='word_1_40' title='bbox 279 619 391 674; x_wconf 90' lang='lat' dir='ltr'>amicus</span> <span class='ocrx_word' id='word_1_41' title='bbox 403 621 476 689; x_wconf 72' lang='lat' dir='ltr'>ejus,</span> <span class='ocrx_word' id='word_1_42' title='bbox 491 620 739 689; x_wconf 90' lang='lat' dir='ltr'>Constantinopoli</span> <span class='ocrx_word' id='word_1_43' title='bbox 753 618 959 675; x_wconf 83' lang='lat' dir='ltr'>viscerasimul</span> <span class='ocrx_word' id='word_1_44' title='bbox 1013 617 1121 671; x_wconf 81' lang='lat' dir='ltr'>ludaeis</span> <span class='ocrx_word' id='word_1_45' title='bbox 1142 619 1171 672; x_wconf 93' lang='lat' dir='ltr'>in</span> <span class='ocrx_word' id='word_1_46' title='bbox 1189 618 1271 672; x_wconf 87' lang='lat' dir='ltr'>Creta</span> <span class='ocrx_word' id='word_1_47' title='bbox 1292 630 1441 687; x_wconf 75' lang='lat' dir='ltr'>apparens,</span> <span class='ocrx_word' id='word_1_48' title='bbox 1460 617 1528 672; x_wconf 91' lang='lat' dir='ltr'>dum</span> <span class='ocrx_word' id='word_1_49' title='bbox 1548 631 1598 673; x_wconf 90' lang='lat' dir='ltr'>eos</span> <span class='ocrx_word' id='word_1_50' title='bbox 1620 631 1671 686; x_wconf 93' lang='lat' dir='ltr'>per</span> <span class='ocrx_word' id='word_1_51' title='bbox 1687 629 1765 672; x_wconf 90' lang='lat' dir='ltr'>mare</span> <span class='ocrx_word' id='word_1_52' title='bbox 1781 617 1844 685; x_wconf 88' lang='lat' dir='ltr'>pede</span> 
     </span>
    </p>
   </div>
   <div class='ocr_carea' id='block_1_8' title="bbox 75 689 960 1330">
    <p class='ocr_par' dir='ltr' id='par_1_8' title="bbox 131 689 396 746">
     <span class='ocr_line' id='line_1_9' title="bbox 131 689 396 746; baseline 0.011 -5"><span class='ocrx_word' id='word_1_53' title='bbox 131 700 195 742; x_wconf 89' lang='lat' dir='ltr'>curn</span> <span class='ocrx_word' id='word_1_54' title='bbox 212 690 270 745; x_wconf 86' lang='lat' dir='ltr'>vita</span> <span class='ocrx_word' id='word_1_55' title='bbox 286 689 396 746; x_wconf 79' lang='lat' dir='ltr'>effudit.</span> 
     </span>
    </p>

    <p class='ocr_par' dir='ltr' id='par_1_9' title="bbox 167 759 730 818">
     <span class='ocr_line' id='line_1_10' title="bbox 167 759 730 818; baseline 0.007 -5"><span class='ocrx_word' id='word_1_56' title='bbox 167 759 295 818; x_wconf 81' lang='lat' dir='ltr'>Hilarius</span> <span class='ocrx_word' id='word_1_57' title='bbox 310 772 325 801; x_wconf 81' lang='lat' dir='ltr'>a</span> <span class='ocrx_word' id='word_1_58' title='bbox 341 762 472 817; x_wconf 86' lang='lat' dir='ltr'>doctrina</span> <span class='ocrx_word' id='word_1_59' title='bbox 488 761 584 817; x_wconf 90' lang='lat' dir='ltr'>clarus</span> <span class='ocrx_word' id='word_1_60' title='bbox 602 762 730 817; x_wconf 88' lang='lat' dir='ltr'>habetur.</span> 
     </span>
    </p>

    <p class='ocr_par' dir='ltr' id='par_1_10' title="bbox 130 829 957 973">
     <span class='ocr_line' id='line_1_11' title="bbox 166 829 957 904; baseline 0.003 -20"><span class='ocrx_word' id='word_1_61' title='bbox 166 830 305 901; x_wconf 80' lang='lat' dir='ltr'>Donatus,</span> <span class='ocrx_word' id='word_1_62' title='bbox 334 833 384 901; x_wconf 83' lang='lat' dir='ltr'>oui</span> <span class='ocrx_word' id='word_1_63' title='bbox 406 834 598 904; x_wconf 70' lang='lat' dir='ltr'>grammaticae</span> <span class='ocrx_word' id='word_1_64' title='bbox 615 834 687 889; x_wconf 90' lang='lat' dir='ltr'>artis</span> <span class='ocrx_word' id='word_1_65' title='bbox 707 834 793 889; x_wconf 84' lang='lat' dir='ltr'>homa</span> <span class='ocrx_word' id='word_1_66' title='bbox 814 831 921 888; x_wconf 88' lang='lat' dir='ltr'>claruit</span> <span class='ocrx_word' id='word_1_67' title='bbox 933 829 957 902; x_wconf 78' lang='lat' dir='ltr'>b,</span> 
     </span>
     <span class='ocr_line' id='line_1_12' title="bbox 130 902 567 973; baseline 0.009 -19"><span class='ocrx_word' id='word_1_68' title='bbox 130 902 227 958; x_wconf 89' lang='lat' dir='ltr'>eodem</span> <span class='ocrx_word' id='word_1_69' title='bbox 249 910 375 973; x_wconf 91' lang='lat' dir='ltr'>tempore</span> <span class='ocrx_word' id='word_1_70' title='bbox 395 918 496 973; x_wconf 87' lang='lat' dir='ltr'>passus</span> <span class='ocrx_word' id='word_1_71' title='bbox 515 910 567 960; x_wconf 90' lang='lat' dir='ltr'>est.</span> 
     </span>
    </p>

    <p class='ocr_par' dir='ltr' id='par_1_11' title="bbox 164 975 755 1044">
     <span class='ocr_line' id='line_1_13' title="bbox 164 975 755 1044; baseline 0.002 -17"><span class='ocrx_word' id='word_1_72' title='bbox 164 975 309 1031; x_wconf 76' lang='lat' dir='ltr'>Antonius</span> <span class='ocrx_word' id='word_1_73' title='bbox 325 975 482 1030; x_wconf 90' lang='lat' dir='ltr'>monachus</span> <span class='ocrx_word' id='word_1_74' title='bbox 498 975 525 1030; x_wconf 89' lang='lat' dir='ltr'>id</span> <span class='ocrx_word' id='word_1_75' title='bbox 542 982 655 1044; x_wconf 85' lang='lat' dir='ltr'>ternpus</span> <span class='ocrx_word' id='word_1_76' title='bbox 670 975 755 1031; x_wconf 88' lang='lat' dir='ltr'>obiit.</span> 
     </span>
    </p>

    <p class='ocr_par' dir='ltr' id='par_1_12' title="bbox 129 1043 959 1173">
     <span class='ocr_line' id='line_1_14' title="bbox 163 1043 959 1116; baseline 0.003 -17"><span class='ocrx_word' id='word_1_77' title='bbox 163 1043 234 1100; x_wconf 85' lang='lat' dir='ltr'>Ossa</span> <span class='ocrx_word' id='word_1_78' title='bbox 247 1046 365 1101; x_wconf 83' lang='lat' dir='ltr'>hadreae</span> <span class='ocrx_word' id='word_1_79' title='bbox 375 1053 403 1102; x_wconf 90' lang='lat' dir='ltr'>et</span> <span class='ocrx_word' id='word_1_80' title='bbox 418 1048 497 1101; x_wconf 81' lang='lat' dir='ltr'>Lura</span> <span class='ocrx_word' id='word_1_81' title='bbox 510 1048 706 1116; x_wconf 87' lang='lat' dir='ltr'>apostolorum</span> <span class='ocrx_word' id='word_1_82' title='bbox 722 1047 959 1115; x_wconf 80' lang='lat' dir='ltr'>Constantinopo</span> 
     </span>
     <span class='ocr_line' id='line_1_15' title="bbox 129 1112 419 1173; baseline 0.017 -7"><span class='ocrx_word' id='word_1_83' title='bbox 129 1112 180 1169; x_wconf 90' lang='lat' dir='ltr'>lim</span> <span class='ocrx_word' id='word_1_84' title='bbox 198 1115 419 1173; x_wconf 81' lang='lat' dir='ltr'>transferuntur.</span> 
     </span>
    </p>

    <p class='ocr_par' dir='ltr' id='par_1_13' title="bbox 75 1179 960 1330">
     <span class='ocr_line' id='line_1_16' title="bbox 164 1179 960 1258; baseline 0.004 -18"><span class='ocrx_word' id='word_1_85' title='bbox 164 1179 190 1240; x_wconf 89' lang='grc'>6.</span> <span class='ocrx_word' id='word_1_86' title='bbox 212 1189 340 1242; x_wconf 73' lang='lat' dir='ltr'>Julianus</span> <span class='ocrx_word' id='word_1_87' title='bbox 362 1202 408 1243; x_wconf 88' lang='lat' dir='ltr'>an.</span> <span class='ocrx_word' id='word_1_88' title='bbox 436 1202 467 1244; x_wconf 90' lang='lat'>11.</span> <span class='ocrx_word' id='word_1_89' title='bbox 491 1190 552 1258; x_wconf 73' lang='lat' dir='ltr'>llic,</span> <span class='ocrx_word' id='word_1_90' title='bbox 576 1203 610 1244; x_wconf 82' lang='lat' dir='ltr'>eit</span> <span class='ocrx_word' id='word_1_91' title='bbox 632 1189 737 1246; x_wconf 90' lang='lat' dir='ltr'>clerieo</span> <span class='ocrx_word' id='word_1_92' title='bbox 758 1189 913 1258; x_wconf 90' lang='lat' dir='ltr'>imperator</span> <span class='ocrx_word' id='word_1_93' title='bbox 931 1192 960 1243; x_wconf 91' lang='lat' dir='ltr'>et</span> 
     </span>
     <span class='ocr_line' id='line_1_17' title="bbox 75 1260 959 1330; baseline 0.006 -21"><span class='ocrx_word' id='word_1_94' title='bbox 75 1320 78 1325; x_wconf 28' lang='grc' dir='ltr'>Ι</span> <span class='ocrx_word' id='word_1_95' title='bbox 130 1269 257 1327; x_wconf 88' lang='lat' dir='ltr'>paganus</span> <span class='ocrx_word' id='word_1_96' title='bbox 272 1260 398 1330; x_wconf 78' lang='lat' dir='ltr'>effectus,</span> <span class='ocrx_word' id='word_1_97' title='bbox 417 1260 492 1315; x_wconf 89' lang='lat' dir='ltr'>idola</span> <span class='ocrx_word' id='word_1_98' title='bbox 509 1261 610 1317; x_wconf 89' lang='lat' dir='ltr'>coluit.</span> <span class='ocrx_word' id='word_1_99' title='bbox 627 1261 805 1317; x_wconf 86' lang='lat' dir='ltr'>Christianis</span> <span class='ocrx_word' id='word_1_100' title='bbox 822 1260 959 1329; x_wconf 82' lang='lat' dir='ltr'>martyria</span> 
     </span>
    </p>
   </div>
   <div class='ocr_carea' id='block_1_9' title="bbox 39 1329 959 1401">
    <p class='ocr_par' dir='ltr' id='par_1_14' title="bbox 39 1329 959 1401">
     <span class='ocr_line' id='line_1_18' title="bbox 39 1329 959 1401; baseline 0.007 -22"><span class='ocrx_word' id='word_1_101' title='bbox 39 1349 43 1357; x_wconf 95' lang='lat'>·</span> <span class='ocrx_word' id='word_1_102' title='bbox 129 1329 241 1385; x_wconf 89' lang='lat' dir='ltr'>intulit.</span> <span class='ocrx_word' id='word_1_103' title='bbox 264 1332 292 1397; x_wconf 84' lang='lat' dir='ltr'>ln</span> <span class='ocrx_word' id='word_1_104' title='bbox 314 1331 413 1387; x_wconf 91' lang='lat' dir='ltr'>odium</span> <span class='ocrx_word' id='word_1_105' title='bbox 432 1332 541 1388; x_wconf 83' lang='lat' dir='ltr'>Christi</span> <span class='ocrx_word' id='word_1_106' title='bbox 563 1333 699 1400; x_wconf 89' lang='lat' dir='ltr'>templum</span> <span class='ocrx_word' id='word_1_107' title='bbox 719 1332 899 1401; x_wconf 72' lang='lat' dir='ltr'>ierosolymae</span> <span class='ocrx_word' id='word_1_108' title='bbox 913 1333 959 1386; x_wconf 87' lang='lat' dir='ltr'>lu-</span> 
     </span>
    </p>
   </div>
   <div class='ocr_carea' id='block_1_10' title="bbox 127 1398 959 1759">
    <p class='ocr_par' dir='ltr' id='par_1_15' title="bbox 127 1398 959 1597">
     <span class='ocr_line' id='line_1_19' title="bbox 127 1398 959 1474; baseline 0.004 -21"><span class='ocrx_word' id='word_1_109' title='bbox 127 1398 198 1455; x_wconf 86' lang='lat' dir='ltr'>daeis</span> <span class='ocrx_word' id='word_1_110' title='bbox 221 1402 377 1457; x_wconf 87' lang='lat' dir='ltr'>restaurari</span> <span class='ocrx_word' id='word_1_111' title='bbox 412 1405 556 1474; x_wconf 76' lang='lat' dir='ltr'>praecepit,</span> <span class='ocrx_word' id='word_1_112' title='bbox 583 1405 631 1458; x_wconf 92' lang='lat' dir='ltr'>sed</span> <span class='ocrx_word' id='word_1_113' title='bbox 656 1405 796 1460; x_wconf 82' lang='lat' dir='ltr'>Dominus</span> <span class='ocrx_word' id='word_1_114' title='bbox 818 1417 874 1457; x_wconf 82' lang='lat' dir='ltr'>iton</span> <span class='ocrx_word' id='word_1_115' title='bbox 900 1416 959 1471; x_wconf 92' lang='lat' dir='ltr'>per-</span> 
     </span>
     <span class='ocr_line' id='line_1_20' title="bbox 127 1469 958 1597; baseline 0 -70"><span class='ocrx_word' id='word_1_116' title='bbox 127 1469 366 1597; x_wconf 47' lang='lat' dir='ltr'>ffiitseirtiigulianus</span> <span class='ocrx_word' id='word_1_117' title='bbox 385 1479 480 1529; x_wconf 83' lang='lat' dir='ltr'>autern</span> <span class='ocrx_word' id='word_1_118' title='bbox 496 1474 569 1544; x_wconf 90' lang='lat' dir='ltr'>apud</span> <span class='ocrx_word' id='word_1_119' title='bbox 594 1477 692 1530; x_wconf 84' lang='lat' dir='ltr'>Persas</span> <span class='ocrx_word' id='word_1_120' title='bbox 710 1476 806 1543; x_wconf 83' lang='lat' dir='ltr'>jaculo</span> <span class='ocrx_word' id='word_1_121' title='bbox 825 1478 958 1544; x_wconf 89' lang='lat' dir='ltr'>suscepto</span> 
     </span>
    </p>

    <p class='ocr_par' dir='ltr' id='par_1_16' title="bbox 128 1615 959 1759">
     <span class='ocr_line' id='line_1_21' title="bbox 162 1615 959 1687; baseline 0.005 -21"><span class='ocrx_word' id='word_1_122' title='bbox 162 1615 294 1668; x_wconf 83' lang='lat' dir='ltr'>Jooiouas</span> <span class='ocrx_word' id='word_1_123' title='bbox 310 1629 367 1687; x_wconf 83' lang='lat' dir='ltr'>reg.</span> <span class='ocrx_word' id='word_1_124' title='bbox 381 1629 426 1671; x_wconf 92' lang='lat' dir='ltr'>an.</span> <span class='ocrx_word' id='word_1_125' title='bbox 442 1630 461 1672; x_wconf 90' lang='lat'>1.</span> <span class='ocrx_word' id='word_1_126' title='bbox 478 1618 542 1684; x_wconf 82' lang='lat' dir='ltr'>iste,</span> <span class='ocrx_word' id='word_1_127' title='bbox 554 1615 749 1675; x_wconf 89' lang='lat' dir='ltr'>Christianus.</span> <span class='ocrx_word' id='word_1_128' title='bbox 767 1617 861 1673; x_wconf 91' lang='lat' dir='ltr'>noluit</span> <span class='ocrx_word' id='word_1_129' title='bbox 873 1617 959 1686; x_wconf 78' lang='lat' dir='ltr'>impe</span> 
     </span>
     <span class='ocr_line' id='line_1_22' title="bbox 128 1682 956 1759; baseline 0.007 -23"><span class='ocrx_word' id='word_1_130' title='bbox 128 1682 205 1738; x_wconf 89' lang='lat' dir='ltr'>rium</span> <span class='ocrx_word' id='word_1_131' title='bbox 230 1686 399 1756; x_wconf 79' lang='lat' dir='ltr'>suscipere:</span> <span class='ocrx_word' id='word_1_132' title='bbox 419 1688 467 1743; x_wconf 88' lang='lat' dir='ltr'>setl</span> <span class='ocrx_word' id='word_1_133' title='bbox 492 1687 572 1743; x_wconf 92' lang='lat' dir='ltr'>omni</span> <span class='ocrx_word' id='word_1_134' title='bbox 596 1687 746 1759; x_wconf 83' lang='lat' dir='ltr'>exercitui,</span> <span class='ocrx_word' id='word_1_135' title='bbox 773 1687 808 1743; x_wconf 94' lang='lat' dir='ltr'>ob</span> <span class='ocrx_word' id='word_1_136' title='bbox 831 1701 956 1743; x_wconf 86' lang='lat' dir='ltr'>amorem</span> 
     </span>
    </p>
   </div>
   <div class='ocr_carea' id='block_1_11' title="bbox 1013 688 1841 1755">
    <p class='ocr_par' dir='ltr' id='par_1_17' title="bbox 1016 688 1841 887">
     <span class='ocr_line' id='line_1_23' title="bbox 1016 688 1841 758; baseline 0 -16"><span class='ocrx_word' id='word_1_137' title='bbox 1016 688 1093 743; x_wconf 88' lang='lat' dir='ltr'>sicco</span> <span class='ocrx_word' id='word_1_138' title='bbox 1108 689 1141 743; x_wconf 90' lang='lat' dir='ltr'>ad</span> <span class='ocrx_word' id='word_1_139' title='bbox 1156 694 1258 743; x_wconf 83' lang='lat' dir='ltr'>terram</span> <span class='ocrx_word' id='word_1_140' title='bbox 1275 689 1508 758; x_wconf 64' lang='lat' dir='ltr'>intromissionis</span> <span class='ocrx_word' id='word_1_141' title='bbox 1522 688 1667 758; x_wconf 91' lang='lat' dir='ltr'>promittit</span> <span class='ocrx_word' id='word_1_142' title='bbox 1681 688 1841 757; x_wconf 77' lang='lat' dir='ltr'>perducere,</span> 
     </span>
     <span class='ocr_line' id='line_1_24' title="bbox 1017 758 1841 885; baseline 0.001 -73"><span class='ocrx_word' id='word_1_143' title='bbox 1017 760 1152 885; x_wconf 53' lang='lat' dir='ltr'>pllilmmis</span> <span class='ocrx_word' id='word_1_144' title='bbox 1162 761 1279 825; x_wconf 76' lang='lat' dir='ltr'>necatis,</span> <span class='ocrx_word' id='word_1_145' title='bbox 1291 760 1396 830; x_wconf 88' lang='lat' dir='ltr'>reliqui</span> <span class='ocrx_word' id='word_1_146' title='bbox 1406 760 1676 829; x_wconf 80' lang='lat' dir='ltr'>quiremansorunt,</span> <span class='ocrx_word' id='word_1_147' title='bbox 1686 758 1841 814; x_wconf 90' lang='lat' dir='ltr'>Christiani</span> 
     </span>
     <span class='ocr_line' id='line_1_25' title="bbox 1016 832 1201 887; baseline -0.005 -2"><span class='ocrx_word' id='word_1_148' title='bbox 1016 845 1030 885; x_wconf 92' lang='lat' dir='ltr'>e</span> <span class='ocrx_word' id='word_1_149' title='bbox 1052 832 1107 887; x_wconf 91' lang='lat' dir='ltr'>ecti</span> <span class='ocrx_word' id='word_1_150' title='bbox 1124 839 1201 886; x_wconf 91' lang='lat' dir='ltr'>sunt.</span> 
     </span>
    </p>

    <p class='ocr_par' dir='ltr' id='par_1_18' title="bbox 1016 900 1841 1044">
     <span class='ocr_line' id='line_1_26' title="bbox 1051 900 1841 973; baseline 0.001 -17"><span class='ocrx_word' id='word_1_151' title='bbox 1051 902 1068 956; x_wconf 81' lang='lat'><strong>9</strong></span> <span class='ocrx_word' id='word_1_152' title='bbox 1087 905 1243 956; x_wconf 75' lang='lat' dir='ltr'>,litteriones</span> <span class='ocrx_word' id='word_1_153' title='bbox 1263 915 1320 973; x_wconf 82' lang='lat' dir='ltr'>reg.</span> <span class='ocrx_word' id='word_1_154' title='bbox 1342 915 1388 957; x_wconf 91' lang='lat' dir='ltr'>an.</span> <span class='ocrx_word' id='word_1_155' title='bbox 1405 915 1462 957; x_wconf 85' lang='lat' dir='ltr'>sex.</span> <span class='ocrx_word' id='word_1_156' title='bbox 1477 902 1569 971; x_wconf 86' lang='lat' dir='ltr'>liujus</span> <span class='ocrx_word' id='word_1_157' title='bbox 1588 901 1676 957; x_wconf 90' lang='lat' dir='ltr'>initio</span> <span class='ocrx_word' id='word_1_158' title='bbox 1690 900 1841 957; x_wconf 88' lang='lat' dir='ltr'>Chalcido-</span> 
     </span>
     <span class='ocr_line' id='line_1_27' title="bbox 1016 973 1411 1044; baseline -0.005 -16"><span class='ocrx_word' id='word_1_159' title='bbox 1016 986 1101 1028; x_wconf 91' lang='lat' dir='ltr'>nense</span> <span class='ocrx_word' id='word_1_160' title='bbox 1116 974 1272 1028; x_wconf 76' lang='lat' dir='ltr'>concilium</span> <span class='ocrx_word' id='word_1_161' title='bbox 1291 973 1411 1044; x_wconf 82' lang='lat' dir='ltr'>geritur.</span> 
     </span>
    </p>

    <p class='ocr_par' dir='ltr' id='par_1_19' title="bbox 1013 1043 1839 1186">
     <span class='ocr_line' id='line_1_28' title="bbox 1051 1043 1839 1116; baseline 0.003 -18"><span class='ocrx_word' id='word_1_162' title='bbox 1051 1043 1231 1099; x_wconf 87' lang='lat' dir='ltr'>hadericusi</span> <span class='ocrx_word' id='word_1_163' title='bbox 1250 1059 1298 1099; x_wconf 86' lang='lat' dir='ltr'>rex</span> <span class='ocrx_word' id='word_1_164' title='bbox 1316 1043 1474 1101; x_wconf 83' lang='lat' dir='ltr'>Gothorum</span> <span class='ocrx_word' id='word_1_165' title='bbox 1495 1058 1560 1101; x_wconf 86' lang='lat' dir='ltr'>curn</span> <span class='ocrx_word' id='word_1_166' title='bbox 1585 1044 1699 1116; x_wconf 79' lang='lat' dir='ltr'>ingenti</span> <span class='ocrx_word' id='word_1_167' title='bbox 1718 1045 1839 1101; x_wconf 85' lang='lat' dir='ltr'>exercitu</span> 
     </span>
     <span class='ocr_line' id='line_1_29' title="bbox 1013 1114 1332 1186; baseline 0.003 -17"><span class='ocrx_word' id='word_1_168' title='bbox 1013 1114 1147 1186; x_wconf 88' lang='lat' dir='ltr'>Spaniam</span> <span class='ocrx_word' id='word_1_169' title='bbox 1169 1116 1332 1186; x_wconf 79' lang='lat' dir='ltr'>ingreditur</span> 
     </span>
    </p>

    <p class='ocr_par' dir='ltr' id='par_1_20' title="bbox 1048 1187 1757 1258">
     <span class='ocr_line' id='line_1_30' title="bbox 1048 1187 1757 1258; baseline 0.006 -19"><span class='ocrx_word' id='word_1_170' title='bbox 1048 1188 1099 1240; x_wconf 78' lang='lat' dir='ltr'>Lea</span> <span class='ocrx_word' id='word_1_171' title='bbox 1120 1187 1210 1255; x_wconf 86' lang='lat' dir='ltr'>major</span> <span class='ocrx_word' id='word_1_172' title='bbox 1228 1201 1292 1243; x_wconf 91' lang='lat' dir='ltr'>cum</span> <span class='ocrx_word' id='word_1_173' title='bbox 1311 1188 1401 1241; x_wconf 87' lang='lat' dir='ltr'>Leone</span> <span class='ocrx_word' id='word_1_174' title='bbox 1419 1187 1528 1242; x_wconf 92' lang='lat' dir='ltr'>minore</span> <span class='ocrx_word' id='word_1_175' title='bbox 1551 1200 1609 1258; x_wconf 87' lang='lat' dir='ltr'>reg.</span> <span class='ocrx_word' id='word_1_176' title='bbox 1628 1199 1675 1241; x_wconf 87' lang='lat' dir='ltr'>an.</span> <span class='ocrx_word' id='word_1_177' title='bbox 1697 1200 1757 1255; x_wconf 70' lang='lat' dir='ltr'>xm.</span> 
     </span>
    </p>

    <p class='ocr_par' dir='ltr' id='par_1_21' title="bbox 1013 1258 1841 1469">
     <span class='ocr_line' id='line_1_31' title="bbox 1048 1258 1840 1329; baseline 0.005 -19"><span class='ocrx_word' id='word_1_178' title='bbox 1048 1259 1138 1311; x_wconf 75' lang='lat' dir='ltr'>Zoiioa</span> <span class='ocrx_word' id='word_1_179' title='bbox 1163 1272 1220 1329; x_wconf 86' lang='lat' dir='ltr'>reg.</span> <span class='ocrx_word' id='word_1_180' title='bbox 1247 1271 1293 1312; x_wconf 94' lang='lat' dir='ltr'>an.</span> <span class='ocrx_word' id='word_1_181' title='bbox 1317 1272 1388 1312; x_wconf 77' lang='lat' dir='ltr'>xvii.</span> <span class='ocrx_word' id='word_1_182' title='bbox 1413 1258 1465 1313; x_wconf 87' lang='lat' dir='ltr'>Per</span> <span class='ocrx_word' id='word_1_183' title='bbox 1491 1259 1565 1313; x_wconf 88' lang='lat' dir='ltr'>idem</span> <span class='ocrx_word' id='word_1_184' title='bbox 1593 1263 1711 1327; x_wconf 85' lang='lat' dir='ltr'>tenpus</span> <span class='ocrx_word' id='word_1_185' title='bbox 1742 1272 1840 1328; x_wconf 89' lang='lat' dir='ltr'>corpus</span> 
     </span>
     <span class='ocr_line' id='line_1_32' title="bbox 1013 1328 1841 1401; baseline 0.005 -20"><span class='ocrx_word' id='word_1_186' title='bbox 1013 1328 1147 1384; x_wconf 78' lang='lat' dir='ltr'>Bernaba</span> <span class='ocrx_word' id='word_1_187' title='bbox 1165 1329 1299 1399; x_wconf 81' lang='lat' dir='ltr'>apiostoli,</span> <span class='ocrx_word' id='word_1_188' title='bbox 1313 1335 1341 1383; x_wconf 92' lang='lat' dir='ltr'>et</span> <span class='ocrx_word' id='word_1_189' title='bbox 1354 1329 1538 1401; x_wconf 84' lang='lat' dir='ltr'>Evangelium</span> <span class='ocrx_word' id='word_1_190' title='bbox 1557 1329 1700 1392; x_wconf 82' lang='lat' dir='ltr'>hlatthaei,</span> <span class='ocrx_word' id='word_1_191' title='bbox 1718 1329 1780 1399; x_wconf 90' lang='lat' dir='ltr'>ipso</span> <span class='ocrx_word' id='word_1_192' title='bbox 1796 1343 1841 1385; x_wconf 90' lang='lat' dir='ltr'>re-</span> 
     </span>
     <span class='ocr_line' id='line_1_33' title="bbox 1013 1399 1359 1469; baseline 0.003 -16"><span class='ocrx_word' id='word_1_193' title='bbox 1013 1399 1133 1469; x_wconf 81' lang='lat' dir='ltr'>velante,</span> <span class='ocrx_word' id='word_1_194' title='bbox 1151 1407 1292 1469; x_wconf 89' lang='lat' dir='ltr'>repertum</span> <span class='ocrx_word' id='word_1_195' title='bbox 1308 1405 1359 1455; x_wconf 85' lang='lat' dir='ltr'>est.</span> 
     </span>
    </p>

    <p class='ocr_par' dir='ltr' id='par_1_22' title="bbox 1013 1470 1840 1669">
     <span class='ocr_line' id='line_1_34' title="bbox 1048 1470 1840 1554; baseline 0.004 -30"><span class='ocrx_word' id='word_1_196' title='bbox 1048 1470 1216 1525; x_wconf 75' lang='lat' dir='ltr'>Anastasius</span> <span class='ocrx_word' id='word_1_197' title='bbox 1231 1485 1290 1554; x_wconf 87' lang='lat' dir='ltr'>reg.</span> <span class='ocrx_word' id='word_1_198' title='bbox 1308 1485 1354 1526; x_wconf 89' lang='lat' dir='ltr'>an.</span> <span class='ocrx_word' id='word_1_199' title='bbox 1370 1485 1460 1526; x_wconf 79' lang='lat' dir='ltr'>xxvii.</span> <span class='ocrx_word' id='word_1_200' title='bbox 1476 1472 1514 1526; x_wconf 85' lang='lat' dir='ltr'>Eo</span> <span class='ocrx_word' id='word_1_201' title='bbox 1527 1477 1656 1541; x_wconf 85' lang='lat' dir='ltr'>tempore</span> <span class='ocrx_word' id='word_1_202' title='bbox 1673 1471 1840 1542; x_wconf 83' lang='lat' dir='ltr'>Fulgentius</span> 
     </span>
     <span class='ocr_line' id='line_1_35' title="bbox 1013 1542 1840 1611; baseline 0.002 -15"><span class='ocrx_word' id='word_1_203' title='bbox 1013 1542 1165 1611; x_wconf 90' lang='lat' dir='ltr'>episeopus</span> <span class='ocrx_word' id='word_1_204' title='bbox 1180 1542 1318 1598; x_wconf 79' lang='lat' dir='ltr'>doctrttiae</span> <span class='ocrx_word' id='word_1_205' title='bbox 1333 1542 1455 1598; x_wconf 88' lang='lat' dir='ltr'>scientia</span> <span class='ocrx_word' id='word_1_206' title='bbox 1468 1542 1585 1598; x_wconf 87' lang='lat' dir='ltr'>claruit.</span> <span class='ocrx_word' id='word_1_207' title='bbox 1603 1543 1734 1599; x_wconf 77' lang='lat' dir='ltr'>hereses</span> <span class='ocrx_word' id='word_1_208' title='bbox 1749 1542 1840 1599; x_wconf 81' lang='lat' dir='ltr'>multa</span> 
     </span>
     <span class='ocr_line' id='line_1_36' title="bbox 1013 1621 1212 1669; baseline 0 -2"><span class='ocrx_word' id='word_1_209' title='bbox 1013 1621 1116 1668; x_wconf 76' lang='lat' dir='ltr'>exortae</span> <span class='ocrx_word' id='word_1_210' title='bbox 1136 1621 1212 1669; x_wconf 90' lang='lat' dir='ltr'>sant.</span> 
     </span>
    </p>

    <p class='ocr_par' dir='ltr' id='par_1_23' title="bbox 1046 1684 1838 1755">
     <span class='ocr_line' id='line_1_37' title="bbox 1046 1684 1838 1755; baseline 0.006 -18"><span class='ocrx_word' id='word_1_211' title='bbox 1046 1687 1172 1739; x_wconf 76' lang='lat' dir='ltr'>Just-inus</span> <span class='ocrx_word' id='word_1_212' title='bbox 1184 1686 1273 1753; x_wconf 69' lang='lat' dir='ltr'>inance·</span> <span class='ocrx_word' id='word_1_213' title='bbox 1287 1698 1347 1754; x_wconf 82' lang='lat' dir='ltr'>reg.</span> <span class='ocrx_word' id='word_1_214' title='bbox 1365 1698 1410 1740; x_wconf 86' lang='lat' dir='ltr'>an.</span> <span class='ocrx_word' id='word_1_215' title='bbox 1426 1699 1488 1740; x_wconf 83' lang='lat' dir='ltr'>viti.</span> <span class='ocrx_word' id='word_1_216' title='bbox 1505 1686 1561 1741; x_wconf 86' lang='lat' dir='ltr'>Iste</span> <span class='ocrx_word' id='word_1_217' title='bbox 1576 1685 1681 1755; x_wconf 76' lang='lat' dir='ltr'>synodi</span> <span class='ocrx_word' id='word_1_218' title='bbox 1698 1684 1838 1742; x_wconf 85' lang='lat' dir='ltr'>Chalcido-</span> 
     </span>
    </p>
   </div>
   <div class='ocr_carea' id='block_1_12' title="bbox 126 1753 1838 1900">
    <p class='ocr_par' dir='ltr' id='par_1_24' title="bbox 126 1753 1838 1900">
     <span class='ocr_line' id='line_1_38' title="bbox 129 1753 1788 1834; baseline 0.001 -26"><span class='ocrx_word' id='word_1_219' title='bbox 129 1753 212 1810; x_wconf 91' lang='lat' dir='ltr'>illius</span> <span class='ocrx_word' id='word_1_220' title='bbox 230 1756 394 1813; x_wconf 87' lang='lat' dir='ltr'>Christiano</span> <span class='ocrx_word' id='word_1_221' title='bbox 416 1758 526 1826; x_wconf 85' lang='lat' dir='ltr'>ellectu,</span> <span class='ocrx_word' id='word_1_222' title='bbox 549 1759 661 1813; x_wconf 88' lang='lat' dir='ltr'>tandem</span> <span class='ocrx_word' id='word_1_223' title='bbox 682 1760 779 1830; x_wconf 88' lang='lat' dir='ltr'>cessit,</span> <span class='ocrx_word' id='word_1_224' title='bbox 801 1760 957 1828; x_wconf 81' lang='lat' dir='ltr'>statimque</span> <span class='ocrx_word' id='word_1_225' title='bbox 971 1772 998 1834; x_wconf 79' lang='lat' dir='ltr'>B</span> <span class='ocrx_word' id='word_1_226' title='bbox 1012 1756 1110 1810; x_wconf 89' lang='lat' dir='ltr'>nensis</span> <span class='ocrx_word' id='word_1_227' title='bbox 1124 1763 1245 1828; x_wconf 84' lang='lat' dir='ltr'>amator,</span> <span class='ocrx_word' id='word_1_228' title='bbox 1264 1755 1486 1825; x_wconf 82' lang='lat' dir='ltr'>acephalorumi</span> <span class='ocrx_word' id='word_1_229' title='bbox 1506 1756 1641 1812; x_wconf 76' lang='lat' dir='ltr'>haeresem</span> <span class='ocrx_word' id='word_1_230' title='bbox 1663 1755 1788 1812; x_wconf 90' lang='lat' dir='ltr'>abdicat.</span> 
     </span>
     <span class='ocr_line' id='line_1_39' title="bbox 126 1823 1838 1900; baseline 0.002 -21"><span class='ocrx_word' id='word_1_231' title='bbox 126 1825 301 1882; x_wconf 89' lang='lat' dir='ltr'>Christianis</span> <span class='ocrx_word' id='word_1_232' title='bbox 314 1829 465 1900; x_wconf 86' lang='lat' dir='ltr'>privilegia</span> <span class='ocrx_word' id='word_1_233' title='bbox 478 1830 575 1884; x_wconf 89' lang='lat' dir='ltr'>dedit:</span> <span class='ocrx_word' id='word_1_234' title='bbox 590 1829 732 1885; x_wconf 89' lang='lat' dir='ltr'>idolorum</span> <span class='ocrx_word' id='word_1_235' title='bbox 744 1831 849 1900; x_wconf 86' lang='lat' dir='ltr'>templa</span> <span class='ocrx_word' id='word_1_236' title='bbox 859 1830 955 1886; x_wconf 89' lang='lat' dir='ltr'>claudi</span> <span class='ocrx_word' id='word_1_237' title='bbox 1049 1823 1089 1881; x_wconf 81' lang='lat' dir='ltr'>lt).</span> <span class='ocrx_word' id='word_1_238' title='bbox 1114 1829 1288 1881; x_wconf 73' lang='lat' dir='ltr'>lastinianus</span> <span class='ocrx_word' id='word_1_239' title='bbox 1309 1841 1365 1897; x_wconf 89' lang='lat' dir='ltr'>reg.</span> <span class='ocrx_word' id='word_1_240' title='bbox 1387 1841 1434 1881; x_wconf 94' lang='lat' dir='ltr'>an.</span> <span class='ocrx_word' id='word_1_241' title='bbox 1454 1841 1590 1882; x_wconf 83' lang='lat' dir='ltr'>xnxvuu.</span> <span class='ocrx_word' id='word_1_242' title='bbox 1613 1829 1670 1882; x_wconf 91' lang='lat' dir='ltr'>iste</span> <span class='ocrx_word' id='word_1_243' title='bbox 1690 1827 1838 1896; x_wconf 90' lang='lat' dir='ltr'>acephalo-</span> 
     </span>
    </p>
   </div>
   <div class='ocr_carea' id='block_1_13' title="bbox 36 1899 957 4532">
    <p class='ocr_par' dir='ltr' id='par_1_25' title="bbox 127 1899 270 1967">
     <span class='ocr_line' id='line_1_40' title="bbox 127 1899 270 1967; baseline 0.007 -17"><span class='ocrx_word' id='word_1_244' title='bbox 127 1899 270 1967; x_wconf 78' lang='lat' dir='ltr'>precepit.</span> 
     </span>
    </p>

    <p class='ocr_par' dir='ltr' id='par_1_26' title="bbox 124 1969 957 2453">
     <span class='ocr_line' id='line_1_41' title="bbox 165 1969 955 2043; baseline 0.006 -20"><span class='ocrx_word' id='word_1_245' title='bbox 165 1969 376 2024; x_wconf 81' lang='lat' dir='ltr'>Valentinianus</span> <span class='ocrx_word' id='word_1_246' title='bbox 391 1975 419 2026; x_wconf 91' lang='lat' dir='ltr'>et</span> <span class='ocrx_word' id='word_1_247' title='bbox 436 1972 536 2026; x_wconf 85' lang='lat' dir='ltr'>Valens</span> <span class='ocrx_word' id='word_1_248' title='bbox 553 1970 639 2026; x_wconf 85' lang='lat' dir='ltr'>irater</span> <span class='ocrx_word' id='word_1_249' title='bbox 659 1973 722 2041; x_wconf 86' lang='lat' dir='ltr'>ejus</span> <span class='ocrx_word' id='word_1_250' title='bbox 736 1986 794 2043; x_wconf 87' lang='lat' dir='ltr'>reg.</span> <span class='ocrx_word' id='word_1_251' title='bbox 811 1985 856 2027; x_wconf 93' lang='lat' dir='ltr'>an.</span> <span class='ocrx_word' id='word_1_252' title='bbox 876 1986 955 2028; x_wconf 83' lang='lat' dir='ltr'>nitu.</span> 
     </span>
     <span class='ocr_line' id='line_1_42' title="bbox 126 2037 954 2114; baseline 0.008 -22"><span class='ocrx_word' id='word_1_253' title='bbox 126 2037 213 2093; x_wconf 84' lang='lat' dir='ltr'>Gothi</span> <span class='ocrx_word' id='word_1_254' title='bbox 236 2039 340 2096; x_wconf 79' lang='lat' dir='ltr'>bifarie</span> <span class='ocrx_word' id='word_1_255' title='bbox 368 2041 397 2096; x_wconf 91' lang='lat' dir='ltr'>in</span> <span class='ocrx_word' id='word_1_256' title='bbox 421 2042 596 2098; x_wconf 73' lang='lat' dir='ltr'>Athanarico</span> <span class='ocrx_word' id='word_1_257' title='bbox 618 2049 646 2098; x_wconf 91' lang='lat' dir='ltr'>et</span> <span class='ocrx_word' id='word_1_258' title='bbox 673 2044 842 2114; x_wconf 72' lang='lat' dir='ltr'>lhidigerno</span> <span class='ocrx_word' id='word_1_259' title='bbox 867 2044 954 2099; x_wconf 88' lang='lat' dir='ltr'>divisi</span> 
     </span>
     <span class='ocr_line' id='line_1_43' title="bbox 126 2109 957 2185; baseline 0.01 -22"><span class='ocrx_word' id='word_1_260' title='bbox 126 2115 204 2164; x_wconf 91' lang='lat' dir='ltr'>sunt.</span> <span class='ocrx_word' id='word_1_261' title='bbox 218 2109 374 2175; x_wconf 71' lang='grc' dir='ltr'>ΑΙειτίειτεο</span> <span class='ocrx_word' id='word_1_262' title='bbox 389 2114 601 2185; x_wconf 81' lang='lat' dir='ltr'>Fridigernum‚</span> <span class='ocrx_word' id='word_1_263' title='bbox 620 2114 745 2169; x_wconf 65' lang='lat' dir='ltr'>vertentis</span> <span class='ocrx_word' id='word_1_264' title='bbox 758 2116 856 2170; x_wconf 76' lang='lat' dir='ltr'>Ariani</span> <span class='ocrx_word' id='word_1_265' title='bbox 871 2116 957 2183; x_wconf 80' lang='lat' dir='ltr'>impe</span> 
     </span>
     <span class='ocr_line' id='line_1_44' title="bbox 128 2181 955 2255; baseline 0.01 -22"><span class='ocrx_word' id='word_1_266' title='bbox 128 2181 233 2237; x_wconf 88' lang='lat' dir='ltr'>ratoris</span> <span class='ocrx_word' id='word_1_267' title='bbox 252 2181 266 2223; x_wconf 79' lang='lat' dir='ltr'>d</span> <span class='ocrx_word' id='word_1_268' title='bbox 287 2183 409 2253; x_wconf 82' lang='lat' dir='ltr'>auxilio,</span> <span class='ocrx_word' id='word_1_269' title='bbox 433 2190 550 2254; x_wconf 91' lang='lat' dir='ltr'>superat</span> <span class='ocrx_word' id='word_1_270' title='bbox 565 2203 571 2238; x_wconf 92' lang='lat'>:</span> <span class='ocrx_word' id='word_1_271' title='bbox 586 2185 623 2241; x_wconf 93' lang='lat' dir='ltr'>oh</span> <span class='ocrx_word' id='word_1_272' title='bbox 648 2186 713 2242; x_wconf 92' lang='lat' dir='ltr'>inde</span> <span class='ocrx_word' id='word_1_273' title='bbox 735 2187 797 2255; x_wconf 85' lang='lat' dir='ltr'>ipse</span> <span class='ocrx_word' id='word_1_274' title='bbox 818 2201 867 2241; x_wconf 87' lang='lat' dir='ltr'>rex</span> <span class='ocrx_word' id='word_1_275' title='bbox 889 2200 955 2241; x_wconf 88' lang='lat' dir='ltr'>cum</span> 
     </span>
     <span class='ocr_line' id='line_1_45' title="bbox 127 2252 956 2327; baseline 0.008 -23"><span class='ocrx_word' id='word_1_276' title='bbox 127 2252 204 2307; x_wconf 92' lang='lat' dir='ltr'>omni</span> <span class='ocrx_word' id='word_1_277' title='bbox 217 2255 375 2311; x_wconf 83' lang='lat' dir='ltr'>Gothorum</span> <span class='ocrx_word' id='word_1_278' title='bbox 391 2262 474 2327; x_wconf 82' lang='lat' dir='ltr'>gente</span> <span class='ocrx_word' id='word_1_279' title='bbox 488 2256 614 2312; x_wconf 81' lang='lat' dir='ltr'>hrianus</span> <span class='ocrx_word' id='word_1_280' title='bbox 631 2271 680 2325; x_wconf 86' lang='lat' dir='ltr'>per</span> <span class='ocrx_word' id='word_1_281' title='bbox 696 2257 840 2312; x_wconf 81' lang='lat' dir='ltr'>Valentem</span> <span class='ocrx_word' id='word_1_282' title='bbox 862 2259 956 2326; x_wconf 92' lang='lat' dir='ltr'>impe-</span> 
     </span>
     <span class='ocr_line' id='line_1_46' title="bbox 127 2325 955 2398; baseline 0.011 -23"><span class='ocrx_word' id='word_1_283' title='bbox 127 2327 247 2380; x_wconf 92' lang='lat' dir='ltr'>ratorem</span> <span class='ocrx_word' id='word_1_284' title='bbox 270 2325 402 2382; x_wconf 85' lang='lat' dir='ltr'>efficitur.</span> <span class='ocrx_word' id='word_1_285' title='bbox 426 2327 532 2384; x_wconf 88' lang='lat' dir='ltr'>Gultila</span> <span class='ocrx_word' id='word_1_286' title='bbox 552 2341 650 2383; x_wconf 92' lang='lat' dir='ltr'>eorum</span> <span class='ocrx_word' id='word_1_287' title='bbox 668 2328 822 2398; x_wconf 89' lang='lat' dir='ltr'>episcopus</span> <span class='ocrx_word' id='word_1_288' title='bbox 842 2328 955 2384; x_wconf 89' lang='lat' dir='ltr'>litteras</span> 
     </span>
     <span class='ocr_line' id='line_1_47' title="bbox 124 2393 339 2453; baseline 0.019 -6"><span class='ocrx_word' id='word_1_289' title='bbox 124 2393 169 2448; x_wconf 92' lang='lat' dir='ltr'>eis</span> <span class='ocrx_word' id='word_1_290' title='bbox 182 2395 339 2453; x_wconf 86' lang='lat' dir='ltr'>adinvenit.</span> 
     </span>
    </p>

    <p class='ocr_par' dir='ltr' id='par_1_27' title="bbox 124 2464 955 2752">
     <span class='ocr_line' id='line_1_48' title="bbox 161 2464 950 2541; baseline 0.008 -22"><span class='ocrx_word' id='word_1_291' title='bbox 161 2464 312 2522; x_wconf 76' lang='lat' dir='ltr'>Gratianus</span> <span class='ocrx_word' id='word_1_292' title='bbox 334 2482 398 2524; x_wconf 90' lang='lat' dir='ltr'>cum</span> <span class='ocrx_word' id='word_1_293' title='bbox 422 2468 509 2525; x_wconf 80' lang='lat' dir='ltr'>tratre</span> <span class='ocrx_word' id='word_1_294' title='bbox 539 2468 735 2524; x_wconf 68' lang='lat' dir='ltr'>iiilentiniauo</span> <span class='ocrx_word' id='word_1_295' title='bbox 758 2485 814 2541; x_wconf 87' lang='lat' dir='ltr'>reg.</span> <span class='ocrx_word' id='word_1_296' title='bbox 840 2484 885 2525; x_wconf 90' lang='lat' dir='ltr'>an.</span> <span class='ocrx_word' id='word_1_297' title='bbox 913 2485 950 2525; x_wconf 82' lang='grc' dir='ltr'>τι.</span> 
     </span>
     <span class='ocr_line' id='line_1_49' title="bbox 124 2534 954 2616; baseline 0.007 -26"><span class='ocrx_word' id='word_1_298' title='bbox 124 2534 294 2616; x_wconf 72' lang='lat' dir='ltr'>Ambrosius</span> <span class='ocrx_word' id='word_1_299' title='bbox 309 2540 529 2596; x_wconf 83' lang='lat' dir='ltr'>pleutotanensis</span> <span class='ocrx_word' id='word_1_300' title='bbox 549 2541 725 2610; x_wconf 79' lang='lat' dir='ltr'>episeopus⁰</span> <span class='ocrx_word' id='word_1_301' title='bbox 741 2541 866 2596; x_wconf 82' lang='lat' dir='ltr'>claruit:</span> <span class='ocrx_word' id='word_1_302' title='bbox 883 2543 954 2596; x_wconf 88' lang='lat' dir='ltr'>blar-</span> 
     </span>
     <span class='ocr_line' id='line_1_50' title="bbox 124 2610 955 2681; baseline 0.01 -21"><span class='ocrx_word' id='word_1_303' title='bbox 124 2611 262 2679; x_wconf 84' lang='lat' dir='ltr'>unusque</span> <span class='ocrx_word' id='word_1_304' title='bbox 273 2611 417 2666; x_wconf 74' lang='lat' dir='ltr'>turonum</span> <span class='ocrx_word' id='word_1_305' title='bbox 430 2611 441 2652; x_wconf 80' lang='lat' dir='ltr'>f</span> <span class='ocrx_word' id='word_1_306' title='bbox 454 2610 554 2666; x_wconf 74' lang='lat' dir='ltr'>Galliae</span> <span class='ocrx_word' id='word_1_307' title='bbox 565 2612 694 2667; x_wconf 79' lang='lat' dir='ltr'>civitatis</span> <span class='ocrx_word' id='word_1_308' title='bbox 705 2613 857 2681; x_wconf 91' lang='lat' dir='ltr'>episeopus</span> <span class='ocrx_word' id='word_1_309' title='bbox 870 2613 955 2667; x_wconf 90' lang='lat' dir='ltr'>mira·</span> 
     </span>
     <span class='ocr_line' id='line_1_51' title="bbox 124 2677 806 2752; baseline 0.003 -20"><span class='ocrx_word' id='word_1_310' title='bbox 124 2677 255 2735; x_wconf 86' lang='lat' dir='ltr'>culorum</span> <span class='ocrx_word' id='word_1_311' title='bbox 271 2681 365 2752; x_wconf 84' lang='lat' dir='ltr'>signis</span> <span class='ocrx_word' id='word_1_312' title='bbox 378 2681 495 2738; x_wconf 74' lang='lat' dir='ltr'>effulsit.</span> <span class='ocrx_word' id='word_1_313' title='bbox 803 2729 806 2734; x_wconf 91' lang='lat'>.</span> 
     </span>
    </p>

    <p class='ocr_par' dir='ltr' id='par_1_28' title="bbox 65 2746 952 3022">
     <span class='ocr_line' id='line_1_52' title="bbox 158 2746 950 2824; baseline 0.005 -20"><span class='ocrx_word' id='word_1_314' title='bbox 158 2746 185 2804; x_wconf 81' lang='grc'>7.</span> <span class='ocrx_word' id='word_1_315' title='bbox 213 2753 423 2808; x_wconf 84' lang='lat' dir='ltr'>Valentinianus</span> <span class='ocrx_word' id='word_1_316' title='bbox 450 2767 515 2808; x_wconf 89' lang='lat' dir='ltr'>cum</span> <span class='ocrx_word' id='word_1_317' title='bbox 546 2753 704 2809; x_wconf 85' lang='lat' dir='ltr'>Theodosio</span> <span class='ocrx_word' id='word_1_318' title='bbox 734 2767 790 2824; x_wconf 88' lang='lat' dir='ltr'>reg.</span> <span class='ocrx_word' id='word_1_319' title='bbox 822 2768 869 2809; x_wconf 89' lang='lat' dir='ltr'>aa.</span> <span class='ocrx_word' id='word_1_320' title='bbox 899 2769 950 2810; x_wconf 84' lang='lat' dir='ltr'>vn.</span> 
     </span>
     <span class='ocr_line' id='line_1_53' title="bbox 107 2818 952 2902; baseline 0.011 -29"><span class='ocrx_word' id='word_1_321' title='bbox 107 2831 109 2834; x_wconf 71' lang='grc'>’</span> <span class='ocrx_word' id='word_1_322' title='bbox 122 2818 253 2902; x_wconf 71' lang='lat' dir='ltr'>synodus</span> <span class='ocrx_word' id='word_1_323' title='bbox 263 2824 579 2893; x_wconf 83' lang='lat' dir='ltr'>Constantinopolitano</span> <span class='ocrx_word' id='word_1_324' title='bbox 590 2837 619 2878; x_wconf 84' lang='lat' dir='ltr'>oa</span> <span class='ocrx_word' id='word_1_325' title='bbox 630 2825 829 2894; x_wconf 86' lang='lat' dir='ltr'>episcoporum</span> <span class='ocrx_word' id='word_1_326' title='bbox 844 2826 952 2882; x_wconf 82' lang='lat' dir='ltr'>aeolii-</span> 
     </span>
     <span class='ocr_line' id='line_1_54' title="bbox 124 2894 951 2966; baseline 0.011 -21"><span class='ocrx_word' id='word_1_327' title='bbox 124 2897 212 2961; x_wconf 83' lang='lat' dir='ltr'>gttur.</span> <span class='ocrx_word' id='word_1_328' title='bbox 224 2894 392 2965; x_wconf 78' lang='lat' dir='ltr'>leronymus</span> <span class='ocrx_word' id='word_1_329' title='bbox 403 2896 548 2966; x_wconf 81' lang='lat' dir='ltr'>presbyter</span> <span class='ocrx_word' id='word_1_330' title='bbox 557 2896 586 2951; x_wconf 93' lang='lat' dir='ltr'>in</span> <span class='ocrx_word' id='word_1_331' title='bbox 598 2895 759 2951; x_wconf 81' lang='lat' dir='ltr'>Bethlehem</span> <span class='ocrx_word' id='word_1_332' title='bbox 774 2903 833 2953; x_wconf 91' lang='lat' dir='ltr'>tuto</span> <span class='ocrx_word' id='word_1_333' title='bbox 846 2899 951 2954; x_wconf 92' lang='lat' dir='ltr'>mundo</span> 
     </span>
     <span class='ocr_line' id='line_1_55' title="bbox 65 2962 365 3022; baseline 0.017 -7"><span class='ocrx_word' id='word_1_334' title='bbox 65 2988 67 2993; x_wconf 92' lang='lat'>·</span> <span class='ocrx_word' id='word_1_335' title='bbox 123 2962 365 3022; x_wconf 90' lang='lat' dir='ltr'>clarushabetur.</span> 
     </span>
    </p>

    <p class='ocr_par' dir='ltr' id='par_1_29' title="bbox 122 3035 951 3179">
     <span class='ocr_line' id='line_1_56' title="bbox 158 3035 951 3109; baseline 0.008 -20"><span class='ocrx_word' id='word_1_336' title='bbox 158 3035 249 3105; x_wconf 90' lang='lat' dir='ltr'>Caput</span> <span class='ocrx_word' id='word_1_337' title='bbox 266 3038 385 3094; x_wconf 84' lang='lat' dir='ltr'>ioannis</span> <span class='ocrx_word' id='word_1_338' title='bbox 405 3039 537 3109; x_wconf 72' lang='lat' dir='ltr'>Baptistae</span> <span class='ocrx_word' id='word_1_339' title='bbox 555 3039 834 3108; x_wconf 88' lang='lat' dir='ltr'>Constantinopolim</span> <span class='ocrx_word' id='word_1_340' title='bbox 851 3041 951 3108; x_wconf 90' lang='lat' dir='ltr'>perdu-</span> 
     </span>
     <span class='ocr_line' id='line_1_57' title="bbox 122 3105 840 3179; baseline 0.006 -19"><span class='ocrx_word' id='word_1_341' title='bbox 122 3105 208 3176; x_wconf 75' lang='lat' dir='ltr'>citur,</span> <span class='ocrx_word' id='word_1_342' title='bbox 223 3115 251 3162; x_wconf 90' lang='lat' dir='ltr'>et</span> <span class='ocrx_word' id='word_1_343' title='bbox 263 3111 385 3179; x_wconf 89' lang='lat' dir='ltr'>septimo</span> <span class='ocrx_word' id='word_1_344' title='bbox 399 3110 538 3165; x_wconf 88' lang='lat' dir='ltr'>milliario</span> <span class='ocrx_word' id='word_1_345' title='bbox 553 3110 681 3165; x_wconf 87' lang='lat' dir='ltr'>civitatis</span> <span class='ocrx_word' id='word_1_346' title='bbox 696 3111 840 3167; x_wconf 87' lang='lat' dir='ltr'>humatur.</span> 
     </span>
    </p>

    <p class='ocr_par' dir='ltr' id='par_1_30' title="bbox 156 3177 896 3247">
     <span class='ocr_line' id='line_1_58' title="bbox 156 3177 896 3247; baseline 0.008 -17"><span class='ocrx_word' id='word_1_347' title='bbox 156 3177 303 3247; x_wconf 86' lang='lat' dir='ltr'>Templum</span> <span class='ocrx_word' id='word_1_348' title='bbox 321 3182 462 3238; x_wconf 88' lang='lat' dir='ltr'>idolorum</span> <span class='ocrx_word' id='word_1_349' title='bbox 479 3194 494 3236; x_wconf 91' lang='lat' dir='ltr'>a</span> <span class='ocrx_word' id='word_1_350' title='bbox 509 3181 668 3237; x_wconf 85' lang='lat' dir='ltr'>&#39;theodosio</span> <span class='ocrx_word' id='word_1_351' title='bbox 683 3183 861 3238; x_wconf 89' lang='lat' dir='ltr'>subvertitur</span> <span class='ocrx_word' id='word_1_352' title='bbox 872 3181 896 3236; x_wconf 83' lang='lat'>11.</span> 
     </span>
    </p>

    <p class='ocr_par' dir='ltr' id='par_1_31' title="bbox 159 3248 741 3324">
     <span class='ocr_line' id='line_1_59' title="bbox 159 3248 741 3324; baseline 0.01 -23"><span class='ocrx_word' id='word_1_353' title='bbox 159 3248 323 3306; x_wconf 80' lang='lat' dir='ltr'>Theodosius</span> <span class='ocrx_word' id='word_1_354' title='bbox 338 3267 402 3309; x_wconf 92' lang='lat' dir='ltr'>eum</span> <span class='ocrx_word' id='word_1_355' title='bbox 418 3253 541 3308; x_wconf 77' lang='lat' dir='ltr'>Arcadio</span> <span class='ocrx_word' id='word_1_356' title='bbox 558 3266 615 3324; x_wconf 86' lang='grc' dir='ltr'>τες.</span> <span class='ocrx_word' id='word_1_357' title='bbox 632 3267 678 3307; x_wconf 91' lang='lat' dir='ltr'>an.</span> <span class='ocrx_word' id='word_1_358' title='bbox 699 3267 741 3307; x_wconf 86' lang='lat' dir='ltr'>in.</span> 
     </span>
    </p>

    <p class='ocr_par' dir='ltr' id='par_1_32' title="bbox 120 3320 951 3448">
     <span class='ocr_line' id='line_1_60' title="bbox 138 3320 951 3445; baseline 0.012 -72"><span class='ocrx_word' id='word_1_359' title='bbox 138 3320 209 3445; x_wconf 57' lang='lat' dir='ltr'>&#39;Per</span> <span class='ocrx_word' id='word_1_360' title='bbox 230 3322 304 3379; x_wconf 89' lang='lat' dir='ltr'>idem</span> <span class='ocrx_word' id='word_1_361' title='bbox 331 3331 442 3395; x_wconf 91' lang='lat' dir='ltr'>tempus</span> <span class='ocrx_word' id='word_1_362' title='bbox 463 3326 584 3380; x_wconf 87' lang='lat' dir='ltr'>loannes</span> <span class='ocrx_word' id='word_1_363' title='bbox 605 3324 776 3380; x_wconf 86' lang='lat' dir='ltr'>anachoreta</span> <span class='ocrx_word' id='word_1_364' title='bbox 800 3326 951 3382; x_wconf 89' lang='lat' dir='ltr'>miraculis</span> 
     </span>
     <span class='ocr_line' id='line_1_61' title="bbox 120 3399 233 3448; baseline 0.027 -4"><span class='ocrx_word' id='word_1_365' title='bbox 120 3399 233 3448; x_wconf 86' lang='lat' dir='ltr'>caruit.</span> 
     </span>
    </p>

    <p class='ocr_par' dir='ltr' id='par_1_33' title="bbox 120 3463 950 3662">
     <span class='ocr_line' id='line_1_62' title="bbox 154 3463 950 3537; baseline 0.009 -20"><span class='ocrx_word' id='word_1_366' title='bbox 154 3463 295 3519; x_wconf 82' lang='lat' dir='ltr'>Arcadias</span> <span class='ocrx_word' id='word_1_367' title='bbox 316 3479 380 3522; x_wconf 90' lang='lat' dir='ltr'>eum</span> <span class='ocrx_word' id='word_1_368' title='bbox 401 3465 489 3522; x_wconf 80' lang='lat' dir='ltr'>tratre</span> <span class='ocrx_word' id='word_1_369' title='bbox 510 3468 629 3521; x_wconf 83' lang='lat' dir='ltr'>Honorio</span> <span class='ocrx_word' id='word_1_370' title='bbox 653 3481 709 3537; x_wconf 89' lang='lat' dir='ltr'>reg.</span> <span class='ocrx_word' id='word_1_371' title='bbox 735 3480 781 3521; x_wconf 93' lang='lat' dir='ltr'>an.</span> <span class='ocrx_word' id='word_1_372' title='bbox 806 3482 870 3522; x_wconf 82' lang='lat' dir='ltr'>nni.</span> <span class='ocrx_word' id='word_1_373' title='bbox 893 3470 950 3524; x_wconf 87' lang='lat' dir='ltr'>iloc</span> 
     </span>
     <span class='ocr_line' id='line_1_63' title="bbox 120 3536 950 3659; baseline 0.007 -71"><span class='ocrx_word' id='word_1_374' title='bbox 120 3536 246 3659; x_wconf 54' lang='lat' dir='ltr'>ttfmpore</span> <span class='ocrx_word' id='word_1_375' title='bbox 266 3537 449 3608; x_wconf 79' lang='lat' dir='ltr'>Augustinus</span> <span class='ocrx_word' id='word_1_376' title='bbox 478 3538 633 3607; x_wconf 88' lang='lat' dir='ltr'>episcopus</span> <span class='ocrx_word' id='word_1_377' title='bbox 658 3538 797 3593; x_wconf 79' lang='lat' dir='ltr'>doctrinm</span> <span class='ocrx_word' id='word_1_378' title='bbox 827 3539 950 3594; x_wconf 90' lang='lat' dir='ltr'>scientia</span> 
     </span>
     <span class='ocr_line' id='line_1_64' title="bbox 120 3606 235 3662; baseline 0.026 -4"><span class='ocrx_word' id='word_1_379' title='bbox 120 3606 235 3662; x_wconf 87' lang='lat' dir='ltr'>caruit.</span> 
     </span>
    </p>

    <p class='ocr_par' dir='ltr' id='par_1_34' title="bbox 36 3677 949 3748">
     <span class='ocr_line' id='line_1_65' title="bbox 36 3677 949 3748; baseline 0.005 -18"><span class='ocrx_word' id='word_1_380' title='bbox 36 3719 44 3730; x_wconf 96' lang='lat'>.</span> <span class='ocrx_word' id='word_1_381' title='bbox 155 3677 207 3731; x_wconf 90' lang='lat' dir='ltr'>Per</span> <span class='ocrx_word' id='word_1_382' title='bbox 220 3679 294 3733; x_wconf 86' lang='lat' dir='ltr'>idem</span> <span class='ocrx_word' id='word_1_383' title='bbox 307 3684 420 3748; x_wconf 93' lang='lat' dir='ltr'>tempus</span> <span class='ocrx_word' id='word_1_384' title='bbox 432 3681 559 3733; x_wconf 88' lang='lat' dir='ltr'>Donatus</span> <span class='ocrx_word' id='word_1_385' title='bbox 573 3677 652 3746; x_wconf 82' lang='lat' dir='ltr'>Epiri</span> <span class='ocrx_word' id='word_1_386' title='bbox 666 3678 820 3747; x_wconf 88' lang='lat' dir='ltr'>episcopus</span> <span class='ocrx_word' id='word_1_387' title='bbox 834 3679 949 3735; x_wconf 85' lang='lat' dir='ltr'>virtuti·</span> 
     </span>
    </p>

    <p class='ocr_par' dir='ltr' id='par_1_35' title="bbox 119 3743 948 3959">
     <span class='ocr_line' id='line_1_66' title="bbox 119 3743 948 3819; baseline 0.008 -20"><span class='ocrx_word' id='word_1_388' title='bbox 119 3743 175 3801; x_wconf 92' lang='lat' dir='ltr'>bus</span> <span class='ocrx_word' id='word_1_389' title='bbox 195 3747 320 3819; x_wconf 91' lang='lat' dir='ltr'>insignis</span> <span class='ocrx_word' id='word_1_390' title='bbox 336 3749 457 3804; x_wconf 89' lang='lat' dir='ltr'>habetur</span> <span class='ocrx_word' id='word_1_391' title='bbox 472 3766 480 3816; x_wconf 83' lang='lat'><em>3</em></span> <span class='ocrx_word' id='word_1_392' title='bbox 494 3749 543 3818; x_wconf 89' lang='lat' dir='ltr'>qui</span> <span class='ocrx_word' id='word_1_393' title='bbox 560 3750 712 3803; x_wconf 88' lang='lat' dir='ltr'>draconem</span> <span class='ocrx_word' id='word_1_394' title='bbox 734 3749 888 3819; x_wconf 86' lang='lat' dir='ltr'>ingentem,</span> <span class='ocrx_word' id='word_1_395' title='bbox 903 3765 948 3806; x_wconf 84' lang='lat' dir='ltr'>ex·</span> 
     </span>
     <span class='ocr_line' id='line_1_67' title="bbox 119 3819 948 3892; baseline 0.008 -22"><span class='ocrx_word' id='word_1_396' title='bbox 119 3829 209 3883; x_wconf 89' lang='lat' dir='ltr'>paens</span> <span class='ocrx_word' id='word_1_397' title='bbox 225 3819 255 3873; x_wconf 93' lang='lat' dir='ltr'>in</span> <span class='ocrx_word' id='word_1_398' title='bbox 274 3832 323 3873; x_wconf 90' lang='lat' dir='ltr'>cre</span> <span class='ocrx_word' id='word_1_399' title='bbox 342 3820 415 3887; x_wconf 86' lang='lat' dir='ltr'>ejas,</span> <span class='ocrx_word' id='word_1_400' title='bbox 438 3819 557 3888; x_wconf 71' lang='lat' dir='ltr'>necavit,</span> <span class='ocrx_word' id='word_1_401' title='bbox 577 3832 660 3888; x_wconf 84' lang='lat' dir='ltr'>quem</span> <span class='ocrx_word' id='word_1_402' title='bbox 681 3824 743 3873; x_wconf 91' lang='lat' dir='ltr'>octo</span> <span class='ocrx_word' id='word_1_403' title='bbox 760 3820 829 3892; x_wconf 81' lang='lat' dir='ltr'>jnga</span> <span class='ocrx_word' id='word_1_404' title='bbox 843 3820 948 3878; x_wconf 89' lang='lat' dir='ltr'>bobum</span> 
     </span>
     <span class='ocr_line' id='line_1_68' title="bbox 119 3885 731 3959; baseline 0.008 -20"><span class='ocrx_word' id='word_1_405' title='bbox 119 3885 153 3940; x_wconf 88' lang='lat' dir='ltr'>ad</span> <span class='ocrx_word' id='word_1_406' title='bbox 176 3887 340 3943; x_wconf 84' lang='lat' dir='ltr'>incendium</span> <span class='ocrx_word' id='word_1_407' title='bbox 362 3890 410 3944; x_wconf 84' lang='lat' dir='ltr'>vix</span> <span class='ocrx_word' id='word_1_408' title='bbox 434 3889 547 3944; x_wconf 88' lang='lat' dir='ltr'>trahere</span> <span class='ocrx_word' id='word_1_409' title='bbox 568 3895 731 3959; x_wconf 86' lang='lat' dir='ltr'>potuerunt.</span> 
     </span>
    </p>

    <p class='ocr_par' dir='ltr' id='par_1_36' title="bbox 118 3958 948 4105">
     <span class='ocr_line' id='line_1_69' title="bbox 154 3958 948 4030; baseline 0.01 -18"><span class='ocrx_word' id='word_1_410' title='bbox 154 3958 207 4014; x_wconf 87' lang='lat' dir='ltr'>Per</span> <span class='ocrx_word' id='word_1_411' title='bbox 228 3959 301 4016; x_wconf 90' lang='lat' dir='ltr'>idem</span> <span class='ocrx_word' id='word_1_412' title='bbox 322 3966 435 4030; x_wconf 92' lang='lat' dir='ltr'>tempus</span> <span class='ocrx_word' id='word_1_413' title='bbox 453 3974 572 4029; x_wconf 89' lang='lat' dir='ltr'>corpora</span> <span class='ocrx_word' id='word_1_414' title='bbox 593 3966 756 4016; x_wconf 83' lang='lat' dir='ltr'>satiatorum</span> <span class='ocrx_word' id='word_1_415' title='bbox 774 3962 907 4019; x_wconf 85' lang='lat' dir='ltr'>hbbocue</span> <span class='ocrx_word' id='word_1_416' title='bbox 919 3968 948 4020; x_wconf 93' lang='lat' dir='ltr'>et</span> 
     </span>
     <span class='ocr_line' id='line_1_70' title="bbox 118 4028 944 4105; baseline 0.006 -22"><span class='ocrx_word' id='word_1_417' title='bbox 118 4028 235 4086; x_wconf 83' lang='lat' dir='ltr'>hiteheae</span> <span class='ocrx_word' id='word_1_418' title='bbox 251 4032 453 4101; x_wconf 88' lang='lat' dir='ltr'>prophetarum</span> <span class='ocrx_word' id='word_1_419' title='bbox 468 4032 567 4088; x_wconf 87' lang='lat' dir='ltr'>divina</span> <span class='ocrx_word' id='word_1_420' title='bbox 584 4033 758 4089; x_wconf 87' lang='lat' dir='ltr'>revelatione</span> <span class='ocrx_word' id='word_1_421' title='bbox 773 4036 944 4105; x_wconf 90' lang='lat' dir='ltr'>produntur.</span> 
     </span>
    </p>

    <p class='ocr_par' dir='ltr' id='par_1_37' title="bbox 154 4101 411 4159">
     <span class='ocr_line' id='line_1_71' title="bbox 154 4101 411 4159; baseline 0.016 -5"><span class='ocrx_word' id='word_1_422' title='bbox 154 4101 281 4158; x_wconf 87' lang='lat' dir='ltr'>Teutllus</span> <span class='ocrx_word' id='word_1_423' title='bbox 296 4103 411 4159; x_wconf 90' lang='lat' dir='ltr'>claruit.</span> 
     </span>
    </p>

    <p class='ocr_par' dir='ltr' id='par_1_38' title="bbox 115 4171 946 4302">
     <span class='ocr_line' id='line_1_72' title="bbox 115 4171 946 4298; baseline 0.005 -71"><span class='ocrx_word' id='word_1_424' title='bbox 115 4242 144 4298; x_wconf 34' lang='lat' dir='ltr'>d,</span> <span class='ocrx_word' id='word_1_425' title='bbox 153 4171 243 4229; x_wconf 84' lang='lat' dir='ltr'>Gotaei</span> <span class='ocrx_word' id='word_1_426' title='bbox 257 4173 378 4246; x_wconf 85' lang='lat' dir='ltr'>ltaliam,</span> <span class='ocrx_word' id='word_1_427' title='bbox 394 4175 526 4231; x_wconf 70' lang='lat' dir='ltr'>ll&#39;andali</span> <span class='ocrx_word' id='word_1_428' title='bbox 538 4181 625 4246; x_wconf 79' lang='lat' dir='ltr'>atque</span> <span class='ocrx_word' id='word_1_429' title='bbox 636 4175 718 4230; x_wconf 78' lang='lat' dir='ltr'>Alani</span> <span class='ocrx_word' id='word_1_430' title='bbox 730 4176 840 4233; x_wconf 87' lang='lat' dir='ltr'>Gallias</span> <span class='ocrx_word' id='word_1_431' title='bbox 850 4191 946 4248; x_wconf 86' lang='lat' dir='ltr'>aggre-</span> 
     </span>
     <span class='ocr_line' id='line_1_73' title="bbox 138 4250 248 4302; baseline 0.018 -4"><span class='ocrx_word' id='word_1_432' title='bbox 138 4250 248 4302; x_wconf 83' lang='lat' dir='ltr'>cuntur.</span> 
     </span>
    </p>

    <p class='ocr_par' dir='ltr' id='par_1_39' title="bbox 117 4314 945 4532">
     <span class='ocr_line' id='line_1_74' title="bbox 152 4314 945 4383; baseline 0.001 -11"><span class='ocrx_word' id='word_1_433' title='bbox 152 4314 179 4372; x_wconf 87' lang='lat'>8.</span> <span class='ocrx_word' id='word_1_434' title='bbox 202 4319 339 4373; x_wconf 87' lang='lat' dir='ltr'>Honorius</span> <span class='ocrx_word' id='word_1_435' title='bbox 361 4332 426 4374; x_wconf 91' lang='lat' dir='ltr'>cum</span> <span class='ocrx_word' id='word_1_436' title='bbox 450 4319 596 4372; x_wconf 79' lang='lat' dir='ltr'>Theodosio</span> <span class='ocrx_word' id='word_1_437' title='bbox 619 4318 738 4383; x_wconf 79' lang='lat' dir='ltr'>minore,</span> <span class='ocrx_word' id='word_1_438' title='bbox 764 4315 864 4372; x_wconf 82' lang='lat' dir='ltr'>fratris</span> <span class='ocrx_word' id='word_1_439' title='bbox 885 4318 945 4373; x_wconf 87' lang='lat' dir='ltr'>lilio</span> 
     </span>
     <span class='ocr_line' id='line_1_75' title="bbox 118 4388 942 4459; baseline 0.002 -19"><span class='ocrx_word' id='word_1_440' title='bbox 118 4400 176 4459; x_wconf 90' lang='lat' dir='ltr'>reg.</span> <span class='ocrx_word' id='word_1_441' title='bbox 188 4402 234 4445; x_wconf 88' lang='lat' dir='ltr'>an.</span> <span class='ocrx_word' id='word_1_442' title='bbox 247 4405 293 4445; x_wconf 85' lang='lat' dir='ltr'>nv.</span> <span class='ocrx_word' id='word_1_443' title='bbox 304 4391 355 4446; x_wconf 88' lang='lat' dir='ltr'>llis</span> <span class='ocrx_word' id='word_1_444' title='bbox 366 4388 575 4459; x_wconf 87' lang='lat' dir='ltr'>imperantibus</span> <span class='ocrx_word' id='word_1_445' title='bbox 586 4388 672 4442; x_wconf 90' lang='lat' dir='ltr'>Gothi</span> <span class='ocrx_word' id='word_1_446' title='bbox 687 4389 801 4442; x_wconf 80' lang='lat' dir='ltr'>hornam</span> <span class='ocrx_word' id='word_1_447' title='bbox 813 4389 942 4458; x_wconf 85' lang='lat' dir='ltr'>capiunt.</span> 
     </span>
     <span class='ocr_line' id='line_1_76' title="bbox 117 4458 905 4532; baseline 0.005 -22"><span class='ocrx_word' id='word_1_448' title='bbox 117 4459 251 4517; x_wconf 68' lang='lat' dir='ltr'>ll&#39;andali</span> <span class='ocrx_word' id='word_1_449' title='bbox 267 4467 295 4516; x_wconf 93' lang='lat' dir='ltr'>et</span> <span class='ocrx_word' id='word_1_450' title='bbox 309 4462 403 4532; x_wconf 80' lang='lat' dir='ltr'>Alani,</span> <span class='ocrx_word' id='word_1_451' title='bbox 421 4467 507 4530; x_wconf 79' lang='lat' dir='ltr'>atque</span> <span class='ocrx_word' id='word_1_452' title='bbox 521 4459 604 4514; x_wconf 81' lang='lat' dir='ltr'>sueri</span> <span class='ocrx_word' id='word_1_453' title='bbox 620 4458 741 4526; x_wconf 67' lang='lat' dir='ltr'>spanias</span> <span class='ocrx_word' id='word_1_454' title='bbox 755 4469 905 4528; x_wconf 89' lang='lat' dir='ltr'>occupant.</span> 
     </span>
    </p>
   </div>
   <div class='ocr_carea' id='block_1_14' title="bbox 1011 1898 1837 2167">
    <p class='ocr_par' dir='ltr' id='par_1_40' title="bbox 1011 1898 1837 2024">
     <span class='ocr_line' id='line_1_77' title="bbox 1012 1898 1837 1969; baseline 0.001 -17"><span class='ocrx_word' id='word_1_455' title='bbox 1012 1912 1074 1954; x_wconf 92' lang='lat' dir='ltr'>rum</span> <span class='ocrx_word' id='word_1_456' title='bbox 1097 1898 1230 1953; x_wconf 74' lang='lat' dir='ltr'>haeresem</span> <span class='ocrx_word' id='word_1_457' title='bbox 1254 1898 1416 1966; x_wconf 88' lang='lat' dir='ltr'>suscipiens</span> <span class='ocrx_word' id='word_1_458' title='bbox 1436 1900 1585 1969; x_wconf 91' lang='lat' dir='ltr'>episcopos</span> <span class='ocrx_word' id='word_1_459' title='bbox 1603 1898 1837 1954; x_wconf 86' lang='lat' dir='ltr'>Chalcidonensis</span> 
     </span>
     <span class='ocr_line' id='line_1_78' title="bbox 1011 1968 1479 2024; baseline -0.002 0"><span class='ocrx_word' id='word_1_460' title='bbox 1011 1968 1128 2024; x_wconf 89' lang='lat' dir='ltr'>concilii</span> <span class='ocrx_word' id='word_1_461' title='bbox 1145 1976 1285 2024; x_wconf 90' lang='lat' dir='ltr'>amatores</span> <span class='ocrx_word' id='word_1_462' title='bbox 1300 1969 1479 2024; x_wconf 82' lang='lat' dir='ltr'>condemnat.</span> 
     </span>
    </p>

    <p class='ocr_par' dir='ltr' id='par_1_41' title="bbox 1011 2040 1835 2167">
     <span class='ocr_line' id='line_1_79' title="bbox 1046 2040 1835 2110; baseline 0.004 -16"><span class='ocrx_word' id='word_1_463' title='bbox 1046 2042 1076 2095; x_wconf 94' lang='lat' dir='ltr'>ln</span> <span class='ocrx_word' id='word_1_464' title='bbox 1088 2041 1183 2096; x_wconf 85' lang='lat' dir='ltr'>hirica</span> <span class='ocrx_word' id='word_1_465' title='bbox 1198 2040 1330 2095; x_wconf 84' lang='lat' dir='ltr'>Wandah</span> <span class='ocrx_word' id='word_1_466' title='bbox 1345 2054 1394 2109; x_wconf 89' lang='lat' dir='ltr'>per</span> <span class='ocrx_word' id='word_1_467' title='bbox 1411 2041 1585 2097; x_wconf 89' lang='lat' dir='ltr'>Belesarium</span> <span class='ocrx_word' id='word_1_468' title='bbox 1601 2040 1762 2110; x_wconf 88' lang='lat' dir='ltr'>patricium</span> <span class='ocrx_word' id='word_1_469' title='bbox 1782 2042 1835 2098; x_wconf 91' lang='lat' dir='ltr'>lto-</span> 
     </span>
     <span class='ocr_line' id='line_1_80' title="bbox 1011 2111 1373 2167; baseline -0.003 -2"><span class='ocrx_word' id='word_1_470' title='bbox 1011 2125 1125 2167; x_wconf 89' lang='lat' dir='ltr'>manum</span> <span class='ocrx_word' id='word_1_471' title='bbox 1142 2111 1277 2167; x_wconf 82' lang='lat' dir='ltr'>exstincti</span> <span class='ocrx_word' id='word_1_472' title='bbox 1296 2117 1373 2166; x_wconf 88' lang='lat' dir='ltr'>sunt.</span> 
     </span>
    </p>
   </div>
   <div class='ocr_carea' id='block_1_15' title="bbox 1004 2182 1835 2255">
    <p class='ocr_par' dir='ltr' id='par_1_42' title="bbox 1004 2182 1835 2255">
     <span class='ocr_line' id='line_1_81' title="bbox 1004 2182 1835 2255; baseline 0.006 -19"><span class='ocrx_word' id='word_1_473' title='bbox 1004 2212 1008 2220; x_wconf 90' lang='lat'>·</span> <span class='ocrx_word' id='word_1_474' title='bbox 1046 2183 1076 2236; x_wconf 90' lang='lat' dir='ltr'>ln</span> <span class='ocrx_word' id='word_1_475' title='bbox 1100 2183 1182 2238; x_wconf 90' lang='lat' dir='ltr'>ltalia</span> <span class='ocrx_word' id='word_1_476' title='bbox 1205 2197 1318 2252; x_wconf 83' lang='lat' dir='ltr'>quoquc</span> <span class='ocrx_word' id='word_1_477' title='bbox 1342 2182 1430 2237; x_wconf 77' lang='lat' dir='ltr'>Attila</span> <span class='ocrx_word' id='word_1_478' title='bbox 1455 2182 1700 2255; x_wconf 85' lang='lat' dir='ltr'>ostrogothorum</span> <span class='ocrx_word' id='word_1_479' title='bbox 1717 2198 1735 2240; x_wconf 90' lang='lat' dir='ltr'>a</span> <span class='ocrx_word' id='word_1_480' title='bbox 1754 2186 1835 2241; x_wconf 82' lang='lat' dir='ltr'>Narse</span> 
     </span>
    </p>
   </div>
   <div class='ocr_carea' id='block_1_16' title="bbox 1005 2253 1833 3108">
    <p class='ocr_par' dir='ltr' id='par_1_43' title="bbox 1010 2253 1554 2322">
     <span class='ocr_line' id='line_1_82' title="bbox 1010 2253 1554 2322; baseline 0.007 -15"><span class='ocrx_word' id='word_1_481' title='bbox 1010 2253 1136 2310; x_wconf 87' lang='lat' dir='ltr'>Romano</span> <span class='ocrx_word' id='word_1_482' title='bbox 1157 2254 1279 2322; x_wconf 85' lang='lat' dir='ltr'>patricio</span> <span class='ocrx_word' id='word_1_483' title='bbox 1297 2259 1459 2322; x_wconf 89' lang='lat' dir='ltr'>superatur.</span> <span class='ocrx_word' id='word_1_484' title='bbox 1551 2304 1554 2311; x_wconf 91' lang='lat'>.</span> 
     </span>
    </p>

    <p class='ocr_par' dir='ltr' id='par_1_44' title="bbox 1010 2323 1833 2451">
     <span class='ocr_line' id='line_1_83' title="bbox 1045 2323 1833 2397; baseline 0.003 -18"><span class='ocrx_word' id='word_1_485' title='bbox 1045 2326 1076 2379; x_wconf 95' lang='lat' dir='ltr'>ln</span> <span class='ocrx_word' id='word_1_486' title='bbox 1090 2326 1195 2395; x_wconf 89' lang='lat' dir='ltr'>Spania</span> <span class='ocrx_word' id='word_1_487' title='bbox 1210 2324 1413 2396; x_wconf 83' lang='lat' dir='ltr'>httanagildus</span> <span class='ocrx_word' id='word_1_488' title='bbox 1422 2324 1536 2397; x_wconf 78' lang='lat' dir='ltr'>Agitant</span> <span class='ocrx_word' id='word_1_489' title='bbox 1549 2323 1736 2396; x_wconf 77' lang='lat' dir='ltr'>impertamk</span> <span class='ocrx_word' id='word_1_490' title='bbox 1751 2332 1833 2395; x_wconf 81' lang='lat' dir='ltr'>tyran·</span> 
     </span>
     <span class='ocr_line' id='line_1_84' title="bbox 1010 2395 1096 2451; baseline 0.012 -1"><span class='ocrx_word' id='word_1_491' title='bbox 1010 2395 1096 2451; x_wconf 88' lang='lat' dir='ltr'>nizat.</span> 
     </span>
    </p>

    <p class='ocr_par' dir='ltr' id='par_1_45' title="bbox 1008 2467 1832 2680">
     <span class='ocr_line' id='line_1_85' title="bbox 1045 2467 1832 2537; baseline 0.001 -15"><span class='ocrx_word' id='word_1_492' title='bbox 1045 2468 1184 2524; x_wconf 74' lang='lat' dir='ltr'>Periclem</span> <span class='ocrx_word' id='word_1_493' title='bbox 1204 2475 1316 2537; x_wconf 91' lang='lat' dir='ltr'>tempus</span> <span class='ocrx_word' id='word_1_494' title='bbox 1328 2481 1433 2537; x_wconf 90' lang='lat' dir='ltr'>corpas</span> <span class='ocrx_word' id='word_1_495' title='bbox 1445 2467 1537 2523; x_wconf 90' lang='lat' dir='ltr'>sancti</span> <span class='ocrx_word' id='word_1_496' title='bbox 1553 2468 1677 2524; x_wconf 74' lang='lat' dir='ltr'>Antonii</span> <span class='ocrx_word' id='word_1_497' title='bbox 1696 2469 1832 2537; x_wconf 80' lang='lat' dir='ltr'>monachi,</span> 
     </span>
     <span class='ocr_line' id='line_1_86' title="bbox 1008 2537 1832 2610; baseline 0 -16"><span class='ocrx_word' id='word_1_498' title='bbox 1008 2539 1107 2594; x_wconf 84' lang='lat' dir='ltr'>divina</span> <span class='ocrx_word' id='word_1_499' title='bbox 1123 2540 1295 2594; x_wconf 86' lang='lat' dir='ltr'>revelatione</span> <span class='ocrx_word' id='word_1_500' title='bbox 1310 2545 1463 2608; x_wconf 85' lang='lat' dir='ltr'>repertum,</span> <span class='ocrx_word' id='word_1_501' title='bbox 1478 2537 1686 2594; x_wconf 76' lang='lat' dir='ltr'>Alexandriam</span> <span class='ocrx_word' id='word_1_502' title='bbox 1704 2541 1832 2610; x_wconf 89' lang='lat' dir='ltr'>perduci-</span> 
     </span>
     <span class='ocr_line' id='line_1_87' title="bbox 1009 2610 1696 2680; baseline -0.001 -15"><span class='ocrx_word' id='word_1_503' title='bbox 1009 2618 1066 2680; x_wconf 86' lang='lat' dir='ltr'>tur,</span> <span class='ocrx_word' id='word_1_504' title='bbox 1081 2617 1108 2665; x_wconf 92' lang='lat' dir='ltr'>et</span> <span class='ocrx_word' id='word_1_505' title='bbox 1126 2611 1153 2665; x_wconf 88' lang='lat' dir='ltr'>in</span> <span class='ocrx_word' id='word_1_506' title='bbox 1172 2610 1291 2665; x_wconf 84' lang='lat' dir='ltr'>eeclesia</span> <span class='ocrx_word' id='word_1_507' title='bbox 1307 2611 1397 2665; x_wconf 89' lang='lat' dir='ltr'>sancti</span> <span class='ocrx_word' id='word_1_508' title='bbox 1413 2611 1531 2665; x_wconf 88' lang='lat' dir='ltr'>loannis</span> <span class='ocrx_word' id='word_1_509' title='bbox 1546 2611 1696 2666; x_wconf 89' lang='lat' dir='ltr'>humatur.</span> 
     </span>
    </p>

    <p class='ocr_par' dir='ltr' id='par_1_46' title="bbox 1005 2682 1831 2965">
     <span class='ocr_line' id='line_1_88' title="bbox 1043 2682 1831 2751; baseline 0.003 -16"><span class='ocrx_word' id='word_1_510' title='bbox 1043 2685 1168 2736; x_wconf 77' lang='lat' dir='ltr'>lustinus</span> <span class='ocrx_word' id='word_1_511' title='bbox 1188 2684 1277 2735; x_wconf 73' lang='lat' dir='ltr'>mirica</span> <span class='ocrx_word' id='word_1_512' title='bbox 1298 2695 1355 2748; x_wconf 85' lang='grc' dir='ltr'>τες.</span> <span class='ocrx_word' id='word_1_513' title='bbox 1376 2694 1422 2736; x_wconf 89' lang='lat' dir='ltr'>an.</span> <span class='ocrx_word' id='word_1_514' title='bbox 1440 2695 1479 2735; x_wconf 85' lang='lat' dir='ltr'>ru.</span> <span class='ocrx_word' id='word_1_515' title='bbox 1496 2683 1552 2737; x_wconf 89' lang='lat' dir='ltr'>iste</span> <span class='ocrx_word' id='word_1_516' title='bbox 1564 2695 1596 2736; x_wconf 91' lang='lat' dir='ltr'>ea</span> <span class='ocrx_word' id='word_1_517' title='bbox 1617 2696 1684 2751; x_wconf 82' lang='lat' dir='ltr'>quae</span> <span class='ocrx_word' id='word_1_518' title='bbox 1702 2682 1831 2738; x_wconf 80' lang='lat' dir='ltr'>adversus</span> 
     </span>
     <span class='ocr_line' id='line_1_89' title="bbox 1006 2752 1831 2819; baseline 0.002 -13"><span class='ocrx_word' id='word_1_519' title='bbox 1006 2752 1232 2808; x_wconf 87' lang='lat' dir='ltr'>Chalcidonense</span> <span class='ocrx_word' id='word_1_520' title='bbox 1246 2752 1402 2807; x_wconf 61' lang='lat' dir='ltr'>conuitium</span> <span class='ocrx_word' id='word_1_521' title='bbox 1418 2758 1529 2808; x_wconf 70' lang='lat' dir='ltr'>t‘nerant</span> <span class='ocrx_word' id='word_1_522' title='bbox 1540 2753 1619 2807; x_wconf 87' lang='lat' dir='ltr'>edita</span> <span class='ocrx_word' id='word_1_523' title='bbox 1631 2753 1780 2809; x_wconf 82' lang='lat' dir='ltr'>destruxit</span> <span class='ocrx_word' id='word_1_524' title='bbox 1791 2772 1798 2819; x_wconf 86' lang='lat'>;</span> <span class='ocrx_word' id='word_1_525' title='bbox 1808 2760 1831 2808; x_wconf 90' lang='lat' dir='ltr'>et</span> 
     </span>
     <span class='ocr_line' id='line_1_90' title="bbox 1005 2823 1831 2894; baseline 0 -16"><span class='ocrx_word' id='word_1_526' title='bbox 1005 2823 1168 2894; x_wconf 79' lang='lat' dir='ltr'>Symbolum</span> <span class='ocrx_word' id='word_1_527' title='bbox 1180 2836 1209 2878; x_wconf 85' lang='lat' dir='ltr'>cc</span> <span class='ocrx_word' id='word_1_528' title='bbox 1221 2826 1334 2878; x_wconf 83' lang='lat' dir='ltr'>l’atram</span> <span class='ocrx_word' id='word_1_529' title='bbox 1346 2829 1470 2893; x_wconf 92' lang='lat' dir='ltr'>tempore</span> <span class='ocrx_word' id='word_1_530' title='bbox 1481 2823 1831 2880; x_wconf 85' lang='lat' dir='ltr'>sacritlciicoucinendum</span> 
     </span>
     <span class='ocr_line' id='line_1_91' title="bbox 1006 2894 1309 2965; baseline -0.003 -16"><span class='ocrx_word' id='word_1_531' title='bbox 1006 2894 1143 2964; x_wconf 88' lang='lat' dir='ltr'>apopulo</span> <span class='ocrx_word' id='word_1_532' title='bbox 1162 2895 1309 2965; x_wconf 75' lang='lat' dir='ltr'>praecepit.</span> 
     </span>
    </p>

    <p class='ocr_par' dir='ltr' id='par_1_47' title="bbox 1041 2965 1829 3037">
     <span class='ocr_line' id='line_1_92' title="bbox 1041 2965 1829 3037; baseline 0 -17"><span class='ocrx_word' id='word_1_533' title='bbox 1041 2966 1156 3021; x_wconf 78' lang='lat' dir='ltr'>Armeni</span> <span class='ocrx_word' id='word_1_534' title='bbox 1182 2971 1250 3021; x_wconf 90' lang='lat' dir='ltr'>tune</span> <span class='ocrx_word' id='word_1_535' title='bbox 1272 2965 1395 3035; x_wconf 90' lang='lat' dir='ltr'>primum</span> <span class='ocrx_word' id='word_1_536' title='bbox 1420 2965 1502 3022; x_wconf 86' lang='lat' dir='ltr'>tidem</span> <span class='ocrx_word' id='word_1_537' title='bbox 1526 2965 1639 3021; x_wconf 87' lang='lat' dir='ltr'>Christi</span> <span class='ocrx_word' id='word_1_538' title='bbox 1660 2966 1829 3037; x_wconf 89' lang='lat' dir='ltr'>suscipiunt.</span> 
     </span>
    </p>

    <p class='ocr_par' dir='ltr' id='par_1_48' title="bbox 1042 3036 1829 3108">
     <span class='ocr_line' id='line_1_93' title="bbox 1042 3036 1829 3108; baseline 0.004 -17"><span class='ocrx_word' id='word_1_539' title='bbox 1042 3038 1094 3092; x_wconf 79' lang='lat' dir='ltr'>l’er</span> <span class='ocrx_word' id='word_1_540' title='bbox 1110 3038 1184 3092; x_wconf 90' lang='lat' dir='ltr'>idem</span> <span class='ocrx_word' id='word_1_541' title='bbox 1197 3044 1308 3106; x_wconf 89' lang='lat' dir='ltr'>tempus</span> <span class='ocrx_word' id='word_1_542' title='bbox 1319 3036 1460 3092; x_wconf 84' lang='lat' dir='ltr'>hortinas</span> <span class='ocrx_word' id='word_1_543' title='bbox 1476 3037 1663 3093; x_wconf 80' lang='lat' dir='ltr'>bracarensis</span> <span class='ocrx_word' id='word_1_544' title='bbox 1674 3040 1829 3108; x_wconf 77' lang='lat' dir='ltr'>episeopus,</span> 
     </span>
    </p>
   </div>
   <div class='ocr_carea' id='block_1_17' title="bbox 966 3107 1829 3186">
    <p class='ocr_par' dir='ltr' id='par_1_49' title="bbox 966 3107 1829 3186">
     <span class='ocr_line' id='line_1_94' title="bbox 966 3107 1829 3186; baseline 0.002 -24"><span class='ocrx_word' id='word_1_545' title='bbox 966 3126 990 3186; x_wconf 67' lang='grc' dir='ltr'><strong>ρ</strong></span> <span class='ocrx_word' id='word_1_546' title='bbox 1006 3109 1080 3176; x_wconf 90' lang='lat' dir='ltr'>apud</span> <span class='ocrx_word' id='word_1_547' title='bbox 1094 3109 1256 3164; x_wconf 78' lang='lat' dir='ltr'>Callaeciam</span> <span class='ocrx_word' id='word_1_548' title='bbox 1272 3108 1424 3177; x_wconf 89' lang='lat' dir='ltr'>prudentia</span> <span class='ocrx_word' id='word_1_549' title='bbox 1436 3107 1586 3164; x_wconf 78' lang='lat' dir='ltr'>catholicae</span> <span class='ocrx_word' id='word_1_550' title='bbox 1598 3108 1668 3165; x_wconf 87' lang='lat' dir='ltr'>tidei</span> <span class='ocrx_word' id='word_1_551' title='bbox 1682 3110 1781 3166; x_wconf 86' lang='lat' dir='ltr'>clarus</span> <span class='ocrx_word' id='word_1_552' title='bbox 1791 3110 1829 3164; x_wconf 86' lang='lat' dir='ltr'>ba·</span> 
     </span>
    </p>
   </div>
   <div class='ocr_carea' id='block_1_18' title="bbox 999 3177 1827 4532">
    <p class='ocr_par' dir='ltr' id='par_1_50' title="bbox 1007 3177 1411 3249">
     <span class='ocr_line' id='line_1_95' title="bbox 1007 3177 1411 3249; baseline -0.005 -16"><span class='ocrx_word' id='word_1_553' title='bbox 1007 3177 1090 3234; x_wconf 92' lang='lat' dir='ltr'>betur</span> <span class='ocrx_word' id='word_1_554' title='bbox 1106 3187 1230 3249; x_wconf 90' lang='lat' dir='ltr'>tempore</span> <span class='ocrx_word' id='word_1_555' title='bbox 1246 3180 1411 3234; x_wconf 85' lang='lat' dir='ltr'>Suevorum.</span> 
     </span>
    </p>

    <p class='ocr_par' dir='ltr' id='par_1_51' title="bbox 1006 3248 1827 3377">
     <span class='ocr_line' id='line_1_96' title="bbox 1043 3248 1827 3322; baseline 0.003 -18"><span class='ocrx_word' id='word_1_556' title='bbox 1043 3248 1084 3304; x_wconf 89' lang='lat' dir='ltr'>tt.</span> <span class='ocrx_word' id='word_1_557' title='bbox 1105 3252 1228 3304; x_wconf 69' lang='lat' dir='ltr'>Titurius</span> <span class='ocrx_word' id='word_1_558' title='bbox 1241 3265 1297 3321; x_wconf 86' lang='grc' dir='ltr'>τες.</span> <span class='ocrx_word' id='word_1_559' title='bbox 1315 3264 1359 3305; x_wconf 86' lang='lat' dir='ltr'>an.</span> <span class='ocrx_word' id='word_1_560' title='bbox 1378 3263 1428 3304; x_wconf 88' lang='lat' dir='ltr'>vn.</span> <span class='ocrx_word' id='word_1_561' title='bbox 1442 3249 1827 3322; x_wconf 82' lang='lat' dir='ltr'>langobarat,1t0mapulst,</span> 
     </span>
     <span class='ocr_line' id='line_1_97' title="bbox 1006 3321 1253 3377; baseline -0.008 -1"><span class='ocrx_word' id='word_1_562' title='bbox 1006 3321 1116 3377; x_wconf 87' lang='lat' dir='ltr'>ltaliam</span> <span class='ocrx_word' id='word_1_563' title='bbox 1134 3322 1253 3377; x_wconf 88' lang='lat' dir='ltr'>adeunt.</span> 
     </span>
    </p>

    <p class='ocr_par' dir='ltr' id='par_1_52' title="bbox 1006 3392 1826 3520">
     <span class='ocr_line' id='line_1_98' title="bbox 1041 3392 1826 3468; baseline 0.006 -23"><span class='ocrx_word' id='word_1_564' title='bbox 1041 3393 1127 3449; x_wconf 91' lang='lat' dir='ltr'>Gothi</span> <span class='ocrx_word' id='word_1_565' title='bbox 1149 3407 1198 3461; x_wconf 90' lang='lat' dir='ltr'>per</span> <span class='ocrx_word' id='word_1_566' title='bbox 1218 3392 1448 3463; x_wconf 86' lang='lat' dir='ltr'>Ermenegildum</span> <span class='ocrx_word' id='word_1_567' title='bbox 1470 3392 1631 3464; x_wconf 87' lang='lat' dir='ltr'>Liuvigildi</span> <span class='ocrx_word' id='word_1_568' title='bbox 1649 3396 1731 3468; x_wconf 87' lang='lat' dir='ltr'>regis</span> <span class='ocrx_word' id='word_1_569' title='bbox 1745 3396 1826 3452; x_wconf 88' lang='lat' dir='ltr'>tilium</span> 
     </span>
     <span class='ocr_line' id='line_1_99' title="bbox 1006 3461 1597 3520; baseline 0.005 -3"><span class='ocrx_word' id='word_1_570' title='bbox 1006 3461 1109 3519; x_wconf 82' lang='lat' dir='ltr'>bifarie</span> <span class='ocrx_word' id='word_1_571' title='bbox 1127 3464 1215 3520; x_wconf 85' lang='lat' dir='ltr'>divisi</span> <span class='ocrx_word' id='word_1_572' title='bbox 1232 3470 1331 3520; x_wconf 88' lang='lat' dir='ltr'>mutua</span> <span class='ocrx_word' id='word_1_573' title='bbox 1347 3466 1422 3520; x_wconf 84' lang='lat' dir='ltr'>caede</span> <span class='ocrx_word' id='word_1_574' title='bbox 1440 3469 1597 3520; x_wconf 86' lang='lat' dir='ltr'>vastantur.</span> 
     </span>
    </p>

    <p class='ocr_par' dir='ltr' id='par_1_53' title="bbox 1003 3535 1827 3676">
     <span class='ocr_line' id='line_1_100' title="bbox 1040 3535 1827 3610; baseline 0.008 -22"><span class='ocrx_word' id='word_1_575' title='bbox 1040 3537 1189 3590; x_wconf 75' lang='lat' dir='ltr'>tlara-ttius</span> <span class='ocrx_word' id='word_1_576' title='bbox 1207 3550 1265 3606; x_wconf 86' lang='lat' dir='ltr'>reg.</span> <span class='ocrx_word' id='word_1_577' title='bbox 1287 3549 1332 3590; x_wconf 89' lang='lat' dir='ltr'>an.</span> <span class='ocrx_word' id='word_1_578' title='bbox 1355 3549 1414 3590; x_wconf 80' lang='lat' dir='ltr'>axi.</span> <span class='ocrx_word' id='word_1_579' title='bbox 1436 3535 1532 3603; x_wconf 78' lang='lat' dir='ltr'>Saevi,</span> <span class='ocrx_word' id='word_1_580' title='bbox 1550 3549 1566 3591; x_wconf 89' lang='lat' dir='ltr'>a</span> <span class='ocrx_word' id='word_1_581' title='bbox 1588 3536 1758 3610; x_wconf 82' lang='lat' dir='ltr'>Liuaigihlo</span> <span class='ocrx_word' id='word_1_582' title='bbox 1772 3550 1827 3609; x_wconf 86' lang='lat' dir='ltr'>rege</span> 
     </span>
     <span class='ocr_line' id='line_1_101' title="bbox 1003 3605 1654 3676; baseline 0.002 -15"><span class='ocrx_word' id='word_1_583' title='bbox 1003 3606 1162 3662; x_wconf 90' lang='lat' dir='ltr'>Gothorum</span> <span class='ocrx_word' id='word_1_584' title='bbox 1182 3606 1302 3676; x_wconf 87' lang='lat' dir='ltr'>obtenti,</span> <span class='ocrx_word' id='word_1_585' title='bbox 1323 3607 1426 3663; x_wconf 92' lang='lat' dir='ltr'>Gothis</span> <span class='ocrx_word' id='word_1_586' title='bbox 1443 3605 1654 3675; x_wconf 88' lang='lat' dir='ltr'>subjiciuntur.</span> 
     </span>
    </p>

    <p class='ocr_par' dir='ltr' id='par_1_54' title="bbox 1004 3677 1825 3819">
     <span class='ocr_line' id='line_1_102' title="bbox 1040 3677 1825 3751; baseline 0.006 -20"><span class='ocrx_word' id='word_1_587' title='bbox 1040 3678 1143 3732; x_wconf 83' lang='lat' dir='ltr'>Eodem</span> <span class='ocrx_word' id='word_1_588' title='bbox 1164 3683 1291 3748; x_wconf 91' lang='lat' dir='ltr'>tempore</span> <span class='ocrx_word' id='word_1_589' title='bbox 1309 3677 1396 3733; x_wconf 90' lang='lat' dir='ltr'>Gothi</span> <span class='ocrx_word' id='word_1_590' title='bbox 1415 3690 1463 3746; x_wconf 92' lang='lat' dir='ltr'>per</span> <span class='ocrx_word' id='word_1_591' title='bbox 1483 3679 1657 3735; x_wconf 87' lang='lat' dir='ltr'>hecaredum</span> <span class='ocrx_word' id='word_1_592' title='bbox 1676 3694 1770 3751; x_wconf 78' lang='lat' dir='ltr'>regem</span> <span class='ocrx_word' id='word_1_593' title='bbox 1785 3693 1825 3736; x_wconf 86' lang='lat' dir='ltr'>re·</span> 
     </span>
     <span class='ocr_line' id='line_1_103' title="bbox 1004 3746 1823 3819; baseline 0.002 -17"><span class='ocrx_word' id='word_1_594' title='bbox 1004 3746 1225 3819; x_wconf 80' lang='lat' dir='ltr'>ligiosissimum</span> <span class='ocrx_word' id='word_1_595' title='bbox 1253 3750 1287 3804; x_wconf 83' lang='lat' dir='ltr'>od</span> <span class='ocrx_word' id='word_1_596' title='bbox 1310 3749 1480 3803; x_wconf 88' lang='lat' dir='ltr'>catholicam</span> <span class='ocrx_word' id='word_1_597' title='bbox 1504 3749 1586 3804; x_wconf 86' lang='lat' dir='ltr'>tidem</span> <span class='ocrx_word' id='word_1_598' title='bbox 1614 3757 1823 3808; x_wconf 80' lang='lat' dir='ltr'>convertuntur.</span> 
     </span>
    </p>

    <p class='ocr_par' dir='ltr' id='par_1_55' title="bbox 1003 3819 1825 4032">
     <span class='ocr_line' id='line_1_104' title="bbox 1039 3819 1825 3890; baseline 0.008 -18"><span class='ocrx_word' id='word_1_599' title='bbox 1039 3820 1095 3874; x_wconf 90' lang='lat' dir='ltr'>lloc</span> <span class='ocrx_word' id='word_1_600' title='bbox 1109 3827 1235 3890; x_wconf 89' lang='lat' dir='ltr'>tempore</span> <span class='ocrx_word' id='word_1_601' title='bbox 1250 3819 1375 3874; x_wconf 87' lang='lat' dir='ltr'>Leander</span> <span class='ocrx_word' id='word_1_602' title='bbox 1388 3819 1541 3889; x_wconf 90' lang='lat' dir='ltr'>episcopus</span> <span class='ocrx_word' id='word_1_603' title='bbox 1554 3820 1708 3890; x_wconf 88' lang='lat' dir='ltr'>Spalensis</span> <span class='ocrx_word' id='word_1_604' title='bbox 1722 3824 1756 3878; x_wconf 88' lang='lat' dir='ltr'>ad</span> <span class='ocrx_word' id='word_1_605' title='bbox 1770 3836 1825 3878; x_wconf 91' lang='lat' dir='ltr'>con·</span> 
     </span>
     <span class='ocr_line' id='line_1_105' title="bbox 1003 3890 1825 3962; baseline 0.006 -18"><span class='ocrx_word' id='word_1_606' title='bbox 1003 3890 1161 3946; x_wconf 86' lang='lat' dir='ltr'>versionem</span> <span class='ocrx_word' id='word_1_607' title='bbox 1178 3892 1272 3962; x_wconf 90' lang='lat' dir='ltr'>gentis</span> <span class='ocrx_word' id='word_1_608' title='bbox 1283 3891 1441 3946; x_wconf 91' lang='lat' dir='ltr'>Gothorum</span> <span class='ocrx_word' id='word_1_609' title='bbox 1461 3891 1593 3962; x_wconf 85' lang='lat' dir='ltr'>doctrina</span> <span class='ocrx_word' id='word_1_610' title='bbox 1608 3891 1677 3948; x_wconf 83' lang='lat' dir='ltr'>littei</span> <span class='ocrx_word' id='word_1_611' title='bbox 1691 3901 1722 3949; x_wconf 86' lang='lat' dir='ltr'>et</span> <span class='ocrx_word' id='word_1_612' title='bbox 1737 3893 1825 3949; x_wconf 85' lang='lat' dir='ltr'>scieu-</span> 
     </span>
     <span class='ocr_line' id='line_1_106' title="bbox 1003 3960 1542 4032; baseline -0.002 -17"><span class='ocrx_word' id='word_1_613' title='bbox 1003 3960 1109 4016; x_wconf 88' lang='lat' dir='ltr'>tiarum</span> <span class='ocrx_word' id='word_1_614' title='bbox 1123 3962 1220 4017; x_wconf 89' lang='lat' dir='ltr'>clarus</span> <span class='ocrx_word' id='word_1_615' title='bbox 1236 3963 1265 4017; x_wconf 93' lang='lat' dir='ltr'>in</span> <span class='ocrx_word' id='word_1_616' title='bbox 1280 3962 1396 4032; x_wconf 83' lang='lat' dir='ltr'>spaniis</span> <span class='ocrx_word' id='word_1_617' title='bbox 1411 3961 1542 4018; x_wconf 88' lang='lat' dir='ltr'>habetur.</span> 
     </span>
    </p>

    <p class='ocr_par' dir='ltr' id='par_1_56' title="bbox 1001 4032 1824 4231">
     <span class='ocr_line' id='line_1_107' title="bbox 1036 4032 1824 4104; baseline 0.009 -20"><span class='ocrx_word' id='word_1_618' title='bbox 1036 4034 1118 4085; x_wconf 82' lang='lat' dir='ltr'>Foeas</span> <span class='ocrx_word' id='word_1_619' title='bbox 1138 4048 1193 4104; x_wconf 88' lang='lat' dir='ltr'>reg.</span> <span class='ocrx_word' id='word_1_620' title='bbox 1212 4046 1257 4088; x_wconf 90' lang='lat' dir='ltr'>an.</span> <span class='ocrx_word' id='word_1_621' title='bbox 1279 4047 1340 4088; x_wconf 79' lang='lat' dir='ltr'>vnn</span> <span class='ocrx_word' id='word_1_622' title='bbox 1363 4036 1415 4089; x_wconf 90' lang='lat' dir='ltr'>lste</span> <span class='ocrx_word' id='word_1_623' title='bbox 1430 4033 1572 4089; x_wconf 89' lang='lat' dir='ltr'>seditione</span> <span class='ocrx_word' id='word_1_624' title='bbox 1593 4032 1721 4090; x_wconf 89' lang='lat' dir='ltr'>militari</span> <span class='ocrx_word' id='word_1_625' title='bbox 1742 4036 1824 4104; x_wconf 89' lang='lat' dir='ltr'>impe·</span> 
     </span>
     <span class='ocr_line' id='line_1_108' title="bbox 1001 4104 1824 4177; baseline 0.005 -20"><span class='ocrx_word' id='word_1_626' title='bbox 1001 4110 1080 4158; x_wconf 92' lang='lat' dir='ltr'>rator</span> <span class='ocrx_word' id='word_1_627' title='bbox 1103 4104 1228 4172; x_wconf 81' lang='lat' dir='ltr'>allectus,</span> <span class='ocrx_word' id='word_1_628' title='bbox 1253 4105 1420 4161; x_wconf 86' lang='lat' dir='ltr'>hauritium</span> <span class='ocrx_word' id='word_1_629' title='bbox 1442 4105 1604 4176; x_wconf 62' lang='lat' dir='ltr'>Augustum</span> <span class='ocrx_word' id='word_1_630' title='bbox 1631 4106 1824 4177; x_wconf 85' lang='lat' dir='ltr'>nobiliumque</span> 
     </span>
     <span class='ocr_line' id='line_1_109' title="bbox 1001 4173 1512 4231; baseline 0.002 -2"><span class='ocrx_word' id='word_1_631' title='bbox 1001 4175 1107 4231; x_wconf 86' lang='lat' dir='ltr'>multos</span> <span class='ocrx_word' id='word_1_632' title='bbox 1128 4173 1281 4231; x_wconf 83' lang='lat' dir='ltr'>interiecit.</span> <span class='ocrx_word' id='word_1_633' title='bbox 1508 4201 1512 4207; x_wconf 67' lang='lat'><strong>,</strong></span> 
     </span>
    </p>

    <p class='ocr_par' dir='ltr' id='par_1_57' title="bbox 1001 4246 1825 4388">
     <span class='ocr_line' id='line_1_110' title="bbox 1037 4246 1825 4318; baseline 0.005 -20"><span class='ocrx_word' id='word_1_634' title='bbox 1037 4246 1136 4302; x_wconf 80' lang='lat' dir='ltr'>l‘ralia</span> <span class='ocrx_word' id='word_1_635' title='bbox 1151 4261 1264 4317; x_wconf 78' lang='lat' dir='ltr'>‹pnoqrie</span> <span class='ocrx_word' id='word_1_636' title='bbox 1279 4248 1426 4302; x_wconf 86' lang='lat' dir='ltr'>Persarum</span> <span class='ocrx_word' id='word_1_637' title='bbox 1448 4246 1585 4303; x_wconf 87' lang='lat' dir='ltr'>adversus</span> <span class='ocrx_word' id='word_1_638' title='bbox 1600 4247 1703 4318; x_wconf 87' lang='lat' dir='ltr'>Remp.</span> <span class='ocrx_word' id='word_1_639' title='bbox 1740 4249 1825 4304; x_wconf 81' lang='lat' dir='ltr'>raris-</span> 
     </span>
     <span class='ocr_line' id='line_1_111' title="bbox 1001 4266 1820 4388; baseline 0.001 -17"><span class='ocrx_word' id='word_1_640' title='bbox 1001 4317 1073 4371; x_wconf 89' lang='lat' dir='ltr'>sima</span> <span class='ocrx_word' id='word_1_641' title='bbox 1085 4319 1259 4380; x_wconf 84' lang='lat' dir='ltr'>excitantur,</span> <span class='ocrx_word' id='word_1_642' title='bbox 1270 4331 1284 4372; x_wconf 91' lang='lat' dir='ltr'>a</span> <span class='ocrx_word' id='word_1_643' title='bbox 1296 4316 1403 4388; x_wconf 83' lang='lat' dir='ltr'>quibus</span> <span class='ocrx_word' id='word_1_644' title='bbox 1415 4317 1535 4372; x_wconf 89' lang='lat' dir='ltr'>Romani</span> <span class='ocrx_word' id='word_1_645' title='bbox 1546 4317 1664 4375; x_wconf 82' lang='lat' dir='ltr'>fortiter</span> <span class='ocrx_word' id='word_1_646' title='bbox 1684 4266 1820 4376; x_wconf 55' lang='lat' dir='ltr'>deffiellati.</span> 
     </span>
    </p>

    <p class='ocr_par' dir='ltr' id='par_1_58' title="bbox 999 4386 1820 4532">
     <span class='ocr_line' id='line_1_112' title="bbox 1037 4386 1820 4464; baseline 0.005 -23"><span class='ocrx_word' id='word_1_647' title='bbox 1037 4386 1078 4464; x_wconf 61' lang='lat' dir='ltr'>li.</span> <span class='ocrx_word' id='word_1_648' title='bbox 1106 4389 1238 4456; x_wconf 76' lang='lat' dir='ltr'>Eraplias</span> <span class='ocrx_word' id='word_1_649' title='bbox 1258 4403 1315 4460; x_wconf 90' lang='lat' dir='ltr'>reg.</span> <span class='ocrx_word' id='word_1_650' title='bbox 1348 4402 1394 4443; x_wconf 89' lang='lat' dir='ltr'>an.</span> <span class='ocrx_word' id='word_1_651' title='bbox 1431 4402 1521 4443; x_wconf 79' lang='lat' dir='ltr'>xxvii.</span> <span class='ocrx_word' id='word_1_652' title='bbox 1558 4390 1653 4445; x_wconf 78' lang='lat' dir='ltr'>Seiani</span> <span class='ocrx_word' id='word_1_653' title='bbox 1689 4392 1820 4447; x_wconf 83' lang='lat' dir='ltr'>Graeciam</span> 
     </span>
     <span class='ocr_line' id='line_1_113' title="bbox 999 4460 1757 4532; baseline 0.001 -18"><span class='ocrx_word' id='word_1_654' title='bbox 999 4460 1136 4516; x_wconf 84' lang='lat' dir='ltr'>Romanis</span> <span class='ocrx_word' id='word_1_655' title='bbox 1155 4460 1302 4516; x_wconf 88' lang='lat' dir='ltr'>tulerunt:</span> <span class='ocrx_word' id='word_1_656' title='bbox 1319 4461 1396 4515; x_wconf 89' lang='lat' dir='ltr'>Persi</span> <span class='ocrx_word' id='word_1_657' title='bbox 1414 4460 1525 4530; x_wconf 87' lang='lat' dir='ltr'>Syriam</span> <span class='ocrx_word' id='word_1_658' title='bbox 1544 4467 1573 4515; x_wconf 89' lang='lat' dir='ltr'>et</span> <span class='ocrx_word' id='word_1_659' title='bbox 1589 4461 1757 4532; x_wconf 80' lang='lat' dir='ltr'>AEgyptum.</span> 
     </span>
    </p>
   </div>
   <div class='ocr_carea' id='block_1_19' title="bbox 152 4529 1822 4657">
    <p class='ocr_par' dir='ltr' id='par_1_59' title="bbox 152 4529 1822 4657">
     <span class='ocr_line' id='line_1_114' title="bbox 152 4529 1822 4657; baseline 0.003 -74"><span class='ocrx_word' id='word_1_660' title='bbox 152 4529 312 4587; x_wconf 89' lang='lat' dir='ltr'>Concilium</span> <span class='ocrx_word' id='word_1_661' title='bbox 323 4531 506 4602; x_wconf 84' lang='lat' dir='ltr'>Carthaginis</span> <span class='ocrx_word' id='word_1_662' title='bbox 516 4542 610 4582; x_wconf 79' lang='lat' dir='ltr'>contin</span> <span class='ocrx_word' id='word_1_663' title='bbox 623 4530 823 4600; x_wconf 78' lang='lat' dir='ltr'>episcoprum</span> <span class='ocrx_word' id='word_1_664' title='bbox 834 4532 940 4657; x_wconf 50' lang='grc' dir='ltr'>τςιτῑιττ.</span> <span class='ocrx_word' id='word_1_665' title='bbox 963 4537 987 4596; x_wconf 80' lang='lat' dir='ltr'>D</span> <span class='ocrx_word' id='word_1_666' title='bbox 1035 4533 1063 4585; x_wconf 94' lang='lat' dir='ltr'>ln</span> <span class='ocrx_word' id='word_1_667' title='bbox 1078 4532 1197 4600; x_wconf 81' lang='lat' dir='ltr'>spumas</span> <span class='ocrx_word' id='word_1_668' title='bbox 1212 4545 1326 4602; x_wconf 82' lang='lat' dir='ltr'>quoque</span> <span class='ocrx_word' id='word_1_669' title='bbox 1335 4531 1487 4587; x_wconf 81' lang='lat' dir='ltr'>sisebutus</span> <span class='ocrx_word' id='word_1_670' title='bbox 1498 4531 1663 4588; x_wconf 90' lang='lat' dir='ltr'>Gothorum</span> <span class='ocrx_word' id='word_1_671' title='bbox 1680 4547 1730 4589; x_wconf 84' lang='lat' dir='ltr'>rex</span> <span class='ocrx_word' id='word_1_672' title='bbox 1740 4547 1822 4605; x_wconf 82' lang='lat' dir='ltr'>qaas-</span> 
     </span>
    </p>
   </div>
   <div class='ocr_carea' id='block_1_20' title="bbox 151 4599 944 4672">
    <p class='ocr_par' dir='ltr' id='par_1_60' title="bbox 151 4599 944 4672">
     <span class='ocr_line' id='line_1_115' title="bbox 151 4599 944 4672; baseline 0.003 -18"><span class='ocrx_word' id='word_1_673' title='bbox 151 4599 277 4670; x_wconf 86' lang='lat' dir='ltr'>Cyrillus</span> <span class='ocrx_word' id='word_1_674' title='bbox 292 4602 472 4658; x_wconf 78' lang='lat' dir='ltr'>Alexandriae</span> <span class='ocrx_word' id='word_1_675' title='bbox 491 4600 644 4670; x_wconf 87' lang='lat' dir='ltr'>episcopus</span> <span class='ocrx_word' id='word_1_676' title='bbox 660 4601 785 4672; x_wconf 87' lang='lat' dir='ltr'>insignis</span> <span class='ocrx_word' id='word_1_677' title='bbox 800 4607 843 4656; x_wconf 89' lang='lat' dir='ltr'>est</span> <span class='ocrx_word' id='word_1_678' title='bbox 877 4603 944 4657; x_wconf 92' lang='lat' dir='ltr'>abi-</span> 
     </span>
    </p>
   </div>
   <div class='ocr_carea' id='block_1_21' title="bbox 28 4674 173 4725">
    <p class='ocr_par' dir='ltr' id='par_1_61' title="bbox 28 4674 173 4725">
     <span class='ocr_line' id='line_1_116' title="bbox 28 4674 173 4725; baseline 0.041 -8"><span class='ocrx_word' id='word_1_679' title='bbox 28 4708 31 4717; x_wconf 92' lang='lat'>.</span> <span class='ocrx_word' id='word_1_680' title='bbox 117 4674 173 4725; x_wconf 84' lang='lat' dir='ltr'>lus.</span> 
     </span>
    </p>
   </div>
   <div class='ocr_carea' id='block_1_22' title="bbox 116 4742 942 4954">
    <p class='ocr_par' dir='ltr' id='par_1_62' title="bbox 116 4742 942 4954">
     <span class='ocr_line' id='line_1_117' title="bbox 155 4742 940 4815; baseline 0.003 -21"><span class='ocrx_word' id='word_1_681' title='bbox 155 4742 318 4796; x_wconf 83' lang='lat' dir='ltr'>Theodosius</span> <span class='ocrx_word' id='word_1_682' title='bbox 339 4744 443 4806; x_wconf 76' lang='lat' dir='ltr'>minor,</span> <span class='ocrx_word' id='word_1_683' title='bbox 465 4742 581 4797; x_wconf 86' lang='lat' dir='ltr'>hrcadii</span> <span class='ocrx_word' id='word_1_684' title='bbox 602 4743 691 4798; x_wconf 88' lang='lat' dir='ltr'>tilius.</span> <span class='ocrx_word' id='word_1_685' title='bbox 712 4758 767 4815; x_wconf 87' lang='grc' dir='ltr'>τες.</span> <span class='ocrx_word' id='word_1_686' title='bbox 786 4757 831 4798; x_wconf 90' lang='lat' dir='ltr'>an.</span> <span class='ocrx_word' id='word_1_687' title='bbox 848 4757 940 4798; x_wconf 79' lang='lat' dir='ltr'>xxvii.</span> 
     </span>
     <span class='ocr_line' id='line_1_118' title="bbox 152 4812 942 4885; baseline 0.005 -18"><span class='ocrx_word' id='word_1_688' title='bbox 152 4812 285 4868; x_wconf 90' lang='lat' dir='ltr'>Wandali</span> <span class='ocrx_word' id='word_1_689' title='bbox 306 4813 342 4869; x_wconf 92' lang='lat' dir='ltr'>ab</span> <span class='ocrx_word' id='word_1_690' title='bbox 354 4815 459 4884; x_wconf 86' lang='lat' dir='ltr'>Spania</span> <span class='ocrx_word' id='word_1_691' title='bbox 474 4815 508 4869; x_wconf 91' lang='lat' dir='ltr'>ad</span> <span class='ocrx_word' id='word_1_692' title='bbox 524 4813 649 4869; x_wconf 82' lang='lat' dir='ltr'>hirieam</span> <span class='ocrx_word' id='word_1_693' title='bbox 667 4820 827 4882; x_wconf 85' lang='lat' dir='ltr'>transeunt,</span> <span class='ocrx_word' id='word_1_694' title='bbox 843 4814 942 4885; x_wconf 78' lang='lat' dir='ltr'>ibique</span> 
     </span>
     <span class='ocr_line' id='line_1_119' title="bbox 116 4884 868 4954; baseline 0.003 -16"><span class='ocrx_word' id='word_1_695' title='bbox 116 4884 285 4941; x_wconf 87' lang='lat' dir='ltr'>catholicam</span> <span class='ocrx_word' id='word_1_696' title='bbox 303 4884 385 4942; x_wconf 83' lang='lat' dir='ltr'>tidem</span> <span class='ocrx_word' id='word_1_697' title='bbox 402 4885 509 4941; x_wconf 78' lang='lat' dir='ltr'>Ariana</span> <span class='ocrx_word' id='word_1_698' title='bbox 526 4885 672 4954; x_wconf 90' lang='lat' dir='ltr'>impietate</span> <span class='ocrx_word' id='word_1_699' title='bbox 689 4885 868 4942; x_wconf 86' lang='lat' dir='ltr'>subvertunt.</span> 
     </span>
    </p>
   </div>
   <div class='ocr_carea' id='block_1_23' title="bbox 35 5010 942 5435">
    <p class='ocr_par' dir='ltr' id='par_1_63' title="bbox 151 5010 390 5081">
     <span class='ocr_line' id='line_1_120' title="bbox 151 5010 390 5081; baseline -0.004 -16"><span class='ocrx_word' id='word_1_700' title='bbox 151 5011 250 5081; x_wconf 82' lang='lat' dir='ltr'>¹Ms.,</span> <span class='ocrx_word' id='word_1_701' title='bbox 272 5010 390 5065; x_wconf 80' lang='lat' dir='ltr'>Clarius.</span> 
     </span>
    </p>

    <p class='ocr_par' dir='ltr' id='par_1_64' title="bbox 35 5082 942 5435">
     <span class='ocr_line' id='line_1_121' title="bbox 150 5082 941 5152; baseline 0.003 -16"><span class='ocrx_word' id='word_1_702' title='bbox 150 5082 328 5152; x_wconf 74' lang='lat' dir='ltr'>buerganza</span> <span class='ocrx_word' id='word_1_703' title='bbox 353 5089 381 5137; x_wconf 90' lang='lat' dir='ltr'>et</span> <span class='ocrx_word' id='word_1_704' title='bbox 406 5082 466 5136; x_wconf 85' lang='lat' dir='ltr'>Sua.</span> <span class='ocrx_word' id='word_1_705' title='bbox 502 5085 624 5135; x_wconf 73' lang='lat' dir='ltr'>Detentus</span> <span class='ocrx_word' id='word_1_706' title='bbox 665 5085 849 5147; x_wconf 74' lang='lat' dir='ltr'>grammaticae</span> <span class='ocrx_word' id='word_1_707' title='bbox 882 5090 941 5138; x_wconf 86' lang='lat' dir='ltr'>arte</span> 
     </span>
     <span class='ocr_line' id='line_1_122' title="bbox 113 5153 942 5222; baseline 0.001 -13"><span class='ocrx_word' id='word_1_708' title='bbox 113 5155 203 5210; x_wconf 78' lang='lat' dir='ltr'>homa</span> <span class='ocrx_word' id='word_1_709' title='bbox 224 5153 333 5207; x_wconf 78' lang='lat' dir='ltr'>ettaruit.</span> <span class='ocrx_word' id='word_1_710' title='bbox 348 5154 496 5213; x_wconf 82' lang='lat' dir='ltr'>Antonias,</span> <span class='ocrx_word' id='word_1_711' title='bbox 517 5161 584 5222; x_wconf 61' lang='lat' dir='ltr'>etc..</span> <span class='ocrx_word' id='word_1_712' title='bbox 606 5153 720 5221; x_wconf 91' lang='lat' dir='ltr'>penitus</span> <span class='ocrx_word' id='word_1_713' title='bbox 740 5154 942 5222; x_wconf 79' lang='lat' dir='ltr'>prateriiiissis</span> 
     </span>
     <span class='ocr_line' id='line_1_123' title="bbox 116 5225 938 5296; baseline 0.002 -17"><span class='ocrx_word' id='word_1_714' title='bbox 116 5241 178 5296; x_wconf 83' lang='lat' dir='ltr'>quae</span> <span class='ocrx_word' id='word_1_715' title='bbox 198 5230 370 5294; x_wconf 79' lang='lat' dir='ltr'>sequuntur,</span> <span class='ocrx_word' id='word_1_716' title='bbox 397 5225 487 5276; x_wconf 77' lang='lat' dir='ltr'>eodem</span> <span class='ocrx_word' id='word_1_717' title='bbox 509 5229 624 5291; x_wconf 76' lang='lat' dir='ltr'>ternpore</span> <span class='ocrx_word' id='word_1_718' title='bbox 641 5239 741 5291; x_wconf 82' lang='lat' dir='ltr'>passus·</span> <span class='ocrx_word' id='word_1_719' title='bbox 760 5231 800 5277; x_wconf 76' lang='lat' dir='ltr'>est</span> <span class='ocrx_word' id='word_1_720' title='bbox 813 5243 821 5281; x_wconf 76' lang='grc' dir='ltr'>ε</span> <span class='ocrx_word' id='word_1_721' title='bbox 836 5237 897 5294; x_wconf 80' lang='lat' dir='ltr'>quae</span> <span class='ocrx_word' id='word_1_722' title='bbox 913 5226 938 5281; x_wconf 91' lang='lat' dir='ltr'>si</span> 
     </span>
     <span class='ocr_line' id='line_1_124' title="bbox 35 5294 936 5367; baseline -0.001 -15"><span class='ocrx_word' id='word_1_723' title='bbox 35 5333 40 5340; x_wconf 93' lang='lat'><em>-</em></span> <span class='ocrx_word' id='word_1_724' title='bbox 115 5297 273 5367; x_wconf 80' lang='lat' dir='ltr'>retinenda,</span> <span class='ocrx_word' id='word_1_725' title='bbox 300 5296 404 5350; x_wconf 91' lang='lat' dir='ltr'>melius</span> <span class='ocrx_word' id='word_1_726' title='bbox 427 5301 458 5348; x_wconf 94' lang='lat' dir='ltr'>ut</span> <span class='ocrx_word' id='word_1_727' title='bbox 481 5295 556 5361; x_wconf 91' lang='lat' dir='ltr'>apud</span> <span class='ocrx_word' id='word_1_728' title='bbox 581 5294 713 5347; x_wconf 81' lang='lat' dir='ltr'>l‘erreras</span> <span class='ocrx_word' id='word_1_729' title='bbox 736 5295 936 5363; x_wconf 87' lang='lat' dir='ltr'>disponenda:</span> 
     </span>
     <span class='ocr_line' id='line_1_125' title="bbox 112 5365 940 5435; baseline 0 -15"><span class='ocrx_word' id='word_1_730' title='bbox 112 5371 235 5422; x_wconf 82' lang='lat' dir='ltr'>ltonaius</span> <span class='ocrx_word' id='word_1_731' title='bbox 255 5368 439 5435; x_wconf 73' lang='lat' dir='ltr'>prttntmntiea’</span> <span class='ocrx_word' id='word_1_732' title='bbox 459 5369 516 5417; x_wconf 82' lang='lat' dir='ltr'>arte</span> <span class='ocrx_word' id='word_1_733' title='bbox 535 5366 624 5417; x_wconf 80' lang='lat' dir='ltr'>ltonca</span> <span class='ocrx_word' id='word_1_734' title='bbox 634 5365 742 5417; x_wconf 77' lang='lat' dir='ltr'>attinuit.</span> <span class='ocrx_word' id='word_1_735' title='bbox 762 5366 863 5419; x_wconf 79' lang='lat' dir='ltr'>Eodem</span> <span class='ocrx_word' id='word_1_736' title='bbox 878 5373 940 5421; x_wconf 76' lang='lat' dir='ltr'>tern-</span> 
     </span>
    </p>
   </div>
   <div class='ocr_carea' id='block_1_24' title="bbox 997 4602 1821 4942">
    <p class='ocr_par' dir='ltr' id='par_1_65' title="bbox 997 4602 1821 4942">
     <span class='ocr_line' id='line_1_126' title="bbox 999 4602 1821 4675; baseline 0 -17"><span class='ocrx_word' id='word_1_737' title='bbox 999 4603 1061 4658; x_wconf 88' lang='lat' dir='ltr'>dam</span> <span class='ocrx_word' id='word_1_738' title='bbox 1092 4603 1218 4672; x_wconf 87' lang='lat' dir='ltr'>ejusdem</span> <span class='ocrx_word' id='word_1_739' title='bbox 1251 4603 1382 4658; x_wconf 80' lang='lat' dir='ltr'>humana</span> <span class='ocrx_word' id='word_1_740' title='bbox 1417 4602 1529 4657; x_wconf 79' lang='lat' dir='ltr'>militia</span> <span class='ocrx_word' id='word_1_741' title='bbox 1558 4603 1647 4659; x_wconf 71' lang='lat' dir='ltr'>nrbes</span> <span class='ocrx_word' id='word_1_742' title='bbox 1678 4606 1821 4675; x_wconf 76' lang='lat' dir='ltr'>cepit2et</span> 
     </span>
     <span class='ocr_line' id='line_1_127' title="bbox 997 4673 1821 4755; baseline 0.006 -29"><span class='ocrx_word' id='word_1_743' title='bbox 997 4674 1109 4755; x_wconf 72' lang='lat' dir='ltr'>tuduos</span> <span class='ocrx_word' id='word_1_744' title='bbox 1133 4673 1212 4744; x_wconf 83' lang='lat' dir='ltr'>regni</span> <span class='ocrx_word' id='word_1_745' title='bbox 1235 4674 1280 4730; x_wconf 91' lang='lat' dir='ltr'>sui</span> <span class='ocrx_word' id='word_1_746' title='bbox 1301 4673 1434 4730; x_wconf 90' lang='lat' dir='ltr'>subditos</span> <span class='ocrx_word' id='word_1_747' title='bbox 1455 4673 1489 4728; x_wconf 88' lang='lat' dir='ltr'>ad</span> <span class='ocrx_word' id='word_1_748' title='bbox 1514 4673 1625 4730; x_wconf 91' lang='lat' dir='ltr'>Christi</span> <span class='ocrx_word' id='word_1_749' title='bbox 1651 4676 1737 4733; x_wconf 86' lang='lat' dir='ltr'>tidem</span> <span class='ocrx_word' id='word_1_750' title='bbox 1756 4690 1821 4732; x_wconf 85' lang='lat' dir='ltr'>con-</span> 
     </span>
     <span class='ocr_line' id='line_1_128' title="bbox 997 4750 1816 4942; baseline 0.004 -73"><span class='ocrx_word' id='word_1_751' title='bbox 997 4750 1188 4942; x_wconf 48' lang='grc' dir='ltr'>ἶθὲἓτιτὶεῗὶετι</span> <span class='ocrx_word' id='word_1_752' title='bbox 1211 4829 1324 4886; x_wconf 86' lang='lat' dir='ltr'>quoque</span> <span class='ocrx_word' id='word_1_753' title='bbox 1339 4821 1443 4871; x_wconf 75' lang='lat' dir='ltr'>sanctae</span> <span class='ocrx_word' id='word_1_754' title='bbox 1464 4816 1612 4872; x_wconf 80' lang='lat' dir='ltr'>leocadiae</span> <span class='ocrx_word' id='word_1_755' title='bbox 1628 4818 1731 4875; x_wconf 87' lang='lat' dir='ltr'>Toleto</span> <span class='ocrx_word' id='word_1_756' title='bbox 1752 4819 1816 4875; x_wconf 88' lang='lat' dir='ltr'>mire</span> 
     </span>
     <span class='ocr_line' id='line_1_129' title="bbox 1011 4901 1136 4942; baseline -0.024 -1"><span class='ocrx_word' id='word_1_757' title='bbox 1011 4901 1046 4941; x_wconf 93' lang='lat' dir='ltr'>un</span> <span class='ocrx_word' id='word_1_758' title='bbox 1069 4901 1136 4942; x_wconf 80' lang='lat' dir='ltr'>aar.</span> 
     </span>
    </p>
   </div>
   <div class='ocr_carea' id='block_1_25' title="bbox 995 5011 1820 5295">
    <p class='ocr_par' dir='ltr' id='par_1_66' title="bbox 995 5011 1820 5295">
     <span class='ocr_line' id='line_1_130' title="bbox 995 5011 1235 5078; baseline -0.017 -10"><span class='ocrx_word' id='word_1_759' title='bbox 995 5026 1060 5068; x_wconf 87' lang='lat' dir='ltr'>cum</span> <span class='ocrx_word' id='word_1_760' title='bbox 1077 5011 1164 5078; x_wconf 67' lang='lat' dir='ltr'>ornari,</span> <span class='ocrx_word' id='word_1_761' title='bbox 1182 5015 1235 5065; x_wconf 88' lang='lat' dir='ltr'>etc.</span> 
     </span>
     <span class='ocr_line' id='line_1_131' title="bbox 1030 5081 1524 5151; baseline 0.002 -16"><span class='ocrx_word' id='word_1_762' title='bbox 1030 5085 1085 5136; x_wconf 79' lang='grc' dir='ltr'>υΙττ</span> <span class='ocrx_word' id='word_1_763' title='bbox 1102 5083 1264 5151; x_wconf 71' lang='lat' dir='ltr'>arclietppo.</span> <span class='ocrx_word' id='word_1_764' title='bbox 1281 5081 1372 5141; x_wconf 81' lang='lat' dir='ltr'>adult.</span> <span class='ocrx_word' id='word_1_765' title='bbox 1389 5082 1524 5136; x_wconf 84' lang='lat' dir='ltr'>doctrina.</span> 
     </span>
     <span class='ocr_line' id='line_1_132' title="bbox 1030 5154 1468 5222; baseline 0 -15"><span class='ocrx_word' id='word_1_766' title='bbox 1030 5155 1041 5195; x_wconf 87' lang='lat' dir='ltr'><strong>f</strong></span> <span class='ocrx_word' id='word_1_767' title='bbox 1060 5157 1086 5208; x_wconf 92' lang='lat' dir='ltr'>ln</span> <span class='ocrx_word' id='word_1_768' title='bbox 1103 5154 1266 5222; x_wconf 82' lang='lat' dir='ltr'>archetypo,</span> <span class='ocrx_word' id='word_1_769' title='bbox 1286 5155 1468 5207; x_wconf 73' lang='lat' dir='ltr'>Terrenorum.</span> 
     </span>
     <span class='ocr_line' id='line_1_133' title="bbox 1030 5225 1820 5295; baseline 0.006 -21"><span class='ocrx_word' id='word_1_770' title='bbox 1030 5238 1046 5274; x_wconf 78' lang='lat' dir='ltr'>e</span> <span class='ocrx_word' id='word_1_771' title='bbox 1064 5228 1094 5279; x_wconf 92' lang='lat' dir='ltr'>ln</span> <span class='ocrx_word' id='word_1_772' title='bbox 1112 5225 1276 5295; x_wconf 79' lang='lat' dir='ltr'>ttrehotyp0,</span> <span class='ocrx_word' id='word_1_773' title='bbox 1297 5225 1604 5294; x_wconf 71' lang='lat' dir='ltr'>constantinopolitam</span> <span class='ocrx_word' id='word_1_774' title='bbox 1624 5227 1742 5284; x_wconf 81' lang='lat' dir='ltr'>Petrum</span> <span class='ocrx_word' id='word_1_775' title='bbox 1757 5227 1820 5282; x_wconf 77' lang='lat' dir='ltr'>tulli·</span> 
     </span>
    </p>
   </div>
   <div class='ocr_carea' id='block_1_26' title="bbox 993 5299 1146 5365">
    <p class='ocr_par' dir='ltr' id='par_1_67' title="bbox 993 5299 1146 5365">
     <span class='ocr_line' id='line_1_134' title="bbox 993 5299 1146 5365; baseline -0.007 -16"><span class='ocrx_word' id='word_1_776' title='bbox 993 5299 1078 5365; x_wconf 75' lang='lat' dir='ltr'>gitur,</span> <span class='ocrx_word' id='word_1_777' title='bbox 1095 5303 1146 5350; x_wconf 88' lang='lat' dir='ltr'>etc.</span> 
     </span>
    </p>
   </div>
   <div class='ocr_carea' id='block_1_27' title="bbox 1029 5367 1818 5439">
    <p class='ocr_par' dir='ltr' id='par_1_68' title="bbox 1029 5367 1818 5439">
     <span class='ocr_line' id='line_1_135' title="bbox 1029 5367 1818 5439; baseline 0.003 -18"><span class='ocrx_word' id='word_1_778' title='bbox 1029 5367 1163 5423; x_wconf 87' lang='lat' dir='ltr'>hhlelius</span> <span class='ocrx_word' id='word_1_779' title='bbox 1182 5367 1257 5436; x_wconf 89' lang='lat' dir='ltr'>apud</span> <span class='ocrx_word' id='word_1_780' title='bbox 1281 5368 1359 5439; x_wconf 81' lang='lat' dir='ltr'>Berg.</span> <span class='ocrx_word' id='word_1_781' title='bbox 1381 5371 1410 5422; x_wconf 86' lang='lat' dir='ltr'>et</span> <span class='ocrx_word' id='word_1_782' title='bbox 1427 5367 1501 5439; x_wconf 75' lang='lat' dir='ltr'>San..</span> <span class='ocrx_word' id='word_1_783' title='bbox 1527 5370 1689 5439; x_wconf 75' lang='lat' dir='ltr'>Templo...</span> <span class='ocrx_word' id='word_1_784' title='bbox 1711 5372 1818 5425; x_wconf 84' lang='lat' dir='ltr'>subcer-</span> 
     </span>
    </p>
   </div>
   <div class='ocr_carea' id='block_1_28' title="bbox 109 5434 1098 5510">
    <p class='ocr_par' dir='ltr' id='par_1_69' title="bbox 109 5434 1098 5510">
     <span class='ocr_line' id='line_1_136' title="bbox 109 5434 1098 5510; baseline 0 -19"><span class='ocrx_word' id='word_1_785' title='bbox 109 5456 177 5508; x_wconf 82' lang='lat' dir='ltr'>pora</span> <span class='ocrx_word' id='word_1_786' title='bbox 190 5456 291 5510; x_wconf 84' lang='lat' dir='ltr'>passus</span> <span class='ocrx_word' id='word_1_787' title='bbox 308 5444 380 5494; x_wconf 81' lang='lat' dir='ltr'>est...</span> <span class='ocrx_word' id='word_1_788' title='bbox 397 5437 545 5496; x_wconf 81' lang='lat' dir='ltr'>Antonias,</span> <span class='ocrx_word' id='word_1_789' title='bbox 563 5440 616 5488; x_wconf 89' lang='lat' dir='ltr'>etc.</span> <span class='ocrx_word' id='word_1_790' title='bbox 635 5434 760 5504; x_wconf 85' lang='lat' dir='ltr'>Scilicet,</span> <span class='ocrx_word' id='word_1_791' title='bbox 777 5443 819 5506; x_wconf 80' lang='lat' dir='ltr'>ut,</span> <span class='ocrx_word' id='word_1_792' title='bbox 836 5437 938 5496; x_wconf 90' lang='lat' dir='ltr'>lacuna</span> <span class='ocrx_word' id='word_1_793' title='bbox 993 5443 1098 5493; x_wconf 79' lang='lat' dir='ltr'>tenuta.</span> 
     </span>
    </p>
   </div>
   <div class='ocr_carea' id='block_1_29' title="bbox 114 5510 940 5794">
    <p class='ocr_par' dir='ltr' id='par_1_70' title="bbox 114 5510 940 5651">
     <span class='ocr_line' id='line_1_137' title="bbox 114 5510 940 5582; baseline 0.005 -19"><span class='ocrx_word' id='word_1_794' title='bbox 114 5511 236 5582; x_wconf 83' lang='lat' dir='ltr'>signata,</span> <span class='ocrx_word' id='word_1_795' title='bbox 253 5510 365 5582; x_wconf 83' lang='lat' dir='ltr'>aliquid</span> <span class='ocrx_word' id='word_1_796' title='bbox 381 5510 477 5565; x_wconf 87' lang='lat' dir='ltr'>deesse</span> <span class='ocrx_word' id='word_1_797' title='bbox 491 5511 594 5578; x_wconf 80' lang='lat' dir='ltr'>pateat,</span> <span class='ocrx_word' id='word_1_798' title='bbox 611 5519 668 5576; x_wconf 85' lang='lat' dir='ltr'>quo</span> <span class='ocrx_word' id='word_1_799' title='bbox 680 5510 940 5578; x_wconf 78' lang='lat' dir='ltr'>congrausoratio</span> 
     </span>
     <span class='ocr_line' id='line_1_138' title="bbox 114 5580 475 5651; baseline 0 -18"><span class='ocrx_word' id='word_1_800' title='bbox 114 5581 160 5635; x_wconf 85' lang='lat' dir='ltr'>nis</span> <span class='ocrx_word' id='word_1_801' title='bbox 174 5595 276 5638; x_wconf 81' lang='lat' dir='ltr'>sensus</span> <span class='ocrx_word' id='word_1_802' title='bbox 289 5580 475 5651; x_wconf 88' lang='lat' dir='ltr'>compleatur.</span> 
     </span>
    </p>

    <p class='ocr_par' dir='ltr' id='par_1_71' title="bbox 147 5651 549 5724">
     <span class='ocr_line' id='line_1_139' title="bbox 147 5651 549 5724; baseline -0.007 -18"><span class='ocrx_word' id='word_1_803' title='bbox 147 5661 161 5692; x_wconf 63' lang='grc' dir='ltr'>ε</span> <span class='ocrx_word' id='word_1_804' title='bbox 179 5653 211 5706; x_wconf 91' lang='lat' dir='ltr'>ln</span> <span class='ocrx_word' id='word_1_805' title='bbox 226 5652 390 5724; x_wconf 82' lang='lat' dir='ltr'>archetypo,</span> <span class='ocrx_word' id='word_1_806' title='bbox 408 5651 549 5705; x_wconf 70' lang='lat' dir='ltr'>durium</span> 
     </span>
    </p>

    <p class='ocr_par' dir='ltr' id='par_1_72' title="bbox 147 5716 935 5794">
     <span class='ocr_line' id='line_1_140' title="bbox 147 5716 935 5794; baseline 0.008 -20"><span class='ocrx_word' id='word_1_807' title='bbox 147 5716 160 5759; x_wconf 77' lang='lat' dir='ltr'>d</span> <span class='ocrx_word' id='word_1_808' title='bbox 181 5721 245 5792; x_wconf 79' lang='lat' dir='ltr'>ils,</span> <span class='ocrx_word' id='word_1_809' title='bbox 262 5722 344 5793; x_wconf 82' lang='lat' dir='ltr'>male,</span> <span class='ocrx_word' id='word_1_810' title='bbox 364 5723 430 5778; x_wconf 78' lang='lat' dir='ltr'>Ani</span> <span class='ocrx_word' id='word_1_811' title='bbox 444 5722 554 5793; x_wconf 66' lang='lat' dir='ltr'>irnperio·</span> <span class='ocrx_word' id='word_1_812' title='bbox 569 5740 578 5790; x_wconf 73' lang='grc' dir='ltr'>ς</span> <span class='ocrx_word' id='word_1_813' title='bbox 591 5724 620 5778; x_wconf 93' lang='lat' dir='ltr'>et</span> <span class='ocrx_word' id='word_1_814' title='bbox 637 5719 746 5794; x_wconf 82' lang='lat' dir='ltr'>statim,</span> <span class='ocrx_word' id='word_1_815' title='bbox 764 5721 826 5792; x_wconf 90' lang='lat' dir='ltr'>ipse</span> <span class='ocrx_word' id='word_1_816' title='bbox 841 5735 889 5780; x_wconf 87' lang='lat' dir='ltr'>rex</span> <span class='ocrx_word' id='word_1_817' title='bbox 904 5728 935 5780; x_wconf 88' lang='lat' dir='ltr'>ut</span> 
     </span>
    </p>
   </div>
   <div class='ocr_carea' id='block_1_30' title="bbox 992 5509 1817 5780">
    <p class='ocr_par' dir='ltr' id='par_1_73' title="bbox 1029 5509 1338 5580">
     <span class='ocr_line' id='line_1_141' title="bbox 1029 5509 1338 5580; baseline 0 -16"><span class='ocrx_word' id='word_1_818' title='bbox 1029 5511 1035 5551; x_wconf 78' lang='grc' dir='ltr'>ἰ</span> <span class='ocrx_word' id='word_1_819' title='bbox 1060 5512 1129 5580; x_wconf 82' lang='lat' dir='ltr'>Lege</span> <span class='ocrx_word' id='word_1_820' title='bbox 1147 5509 1338 5564; x_wconf 80' lang='lat' dir='ltr'>Tlaeudericus.</span> 
     </span>
    </p>

    <p class='ocr_par' dir='ltr' id='par_1_74' title="bbox 1025 5580 1733 5650">
     <span class='ocr_line' id='line_1_142' title="bbox 1025 5580 1733 5650; baseline 0 -15"><span class='ocrx_word' id='word_1_821' title='bbox 1025 5580 1035 5635; x_wconf 83' lang='lat' dir='ltr'>i</span> <span class='ocrx_word' id='word_1_822' title='bbox 1057 5583 1122 5649; x_wconf 84' lang='lat' dir='ltr'>ills,</span> <span class='ocrx_word' id='word_1_823' title='bbox 1137 5580 1326 5635; x_wconf 83' lang='lat' dir='ltr'>Aeeoatoram.</span> <span class='ocrx_word' id='word_1_824' title='bbox 1729 5640 1733 5650; x_wconf 33' lang='lat'><strong>¹</strong></span> 
     </span>
    </p>

    <p class='ocr_par' dir='ltr' id='par_1_75' title="bbox 992 5649 1817 5780">
     <span class='ocr_line' id='line_1_143' title="bbox 1025 5649 1817 5728; baseline 0.009 -23"><span class='ocrx_word' id='word_1_825' title='bbox 1025 5653 1042 5696; x_wconf 81' lang='lat' dir='ltr'>k</span> <span class='ocrx_word' id='word_1_826' title='bbox 1058 5653 1142 5709; x_wconf 88' lang='lat' dir='ltr'>Deest</span> <span class='ocrx_word' id='word_1_827' title='bbox 1163 5649 1193 5704; x_wconf 88' lang='lat' dir='ltr'>tn</span> <span class='ocrx_word' id='word_1_828' title='bbox 1211 5665 1263 5707; x_wconf 88' lang='lat' dir='ltr'>ms.</span> <span class='ocrx_word' id='word_1_829' title='bbox 1280 5653 1423 5723; x_wconf 77' lang='lat' dir='ltr'>imparium</span> <span class='ocrx_word' id='word_1_830' title='bbox 1437 5671 1448 5722; x_wconf 83' lang='lat' dir='ltr'>t</span> <span class='ocrx_word' id='word_1_831' title='bbox 1464 5657 1558 5711; x_wconf 80' lang='lat' dir='ltr'>exstat</span> <span class='ocrx_word' id='word_1_832' title='bbox 1580 5653 1612 5712; x_wconf 88' lang='lat' dir='ltr'>in</span> <span class='ocrx_word' id='word_1_833' title='bbox 1625 5668 1662 5714; x_wconf 89' lang='lat' dir='ltr'>eo</span> <span class='ocrx_word' id='word_1_834' title='bbox 1680 5670 1739 5728; x_wconf 81' lang='lat' dir='ltr'>quo</span> <span class='ocrx_word' id='word_1_835' title='bbox 1752 5668 1817 5712; x_wconf 83' lang='lat' dir='ltr'>asos</span> 
     </span>
     <span class='ocr_line' id='line_1_144' title="bbox 992 5721 1206 5780; baseline -0.023 0"><span class='ocrx_word' id='word_1_836' title='bbox 992 5722 1048 5780; x_wconf 85' lang='lat' dir='ltr'>luit</span> <span class='ocrx_word' id='word_1_837' title='bbox 1066 5721 1206 5779; x_wconf 89' lang='lat' dir='ltr'>Ferreras.</span> 
     </span>
    </p>
   </div>
   <div class='ocr_carea' id='block_1_31' title="bbox 0 0 1942 6090">
    <p class='ocr_par' dir='ltr' id='par_1_76' title="bbox 0 0 1942 6090">
     <span class='ocr_line' id='line_1_145' title="bbox 0 0 1942 6090; baseline 0 1"><span class='ocrx_word' id='word_1_838' title='bbox 0 0 1942 6090; x_wconf 95' lang='lat' dir='ltr'> </span> 
     </span>
    </p>
   </div>
  </div>
 </body>
</html>
