3876 6090
112 244 169 305 elli
613 259 794 319 FORIIOSUS
813 265 909 322 Phra.
930 296 968 309 —·
986 267 1124 326 NOTITIA
1143 269 1331 327 lllsr01llch.
1770 265 1826 328 822

115 373 204 430 fletus
212 374 383 459 abinvicem
397 379 496 451 dirisi,
508 385 655 454 apostolus
668 387 784 445 Romam
799 390 942 461 profectus
955 396 985 456 A
998 396 1092 452 omnis
1105 396 1213 452 Christi
1227 395 1355 451 Ecclesia
1370 399 1430 450 toto
1445 394 1513 450 orbe
1528 395 1637 466 regitur
1653 409 1763 467 semper
1774 403 1823 454 51-

114 451 170 514 1115
180 445 299 530 5111111111
309 462 374 505 11111
385 451 522 509 Narbone
537 458 651 514 resedit.
666 461 762 530 Neque
775 463 850 517 enim
864 459 941 536 [lege
998 479 1053 537 que
1064 468 1240 538 disponitur,
1255 466 1355 537 plenus
1367 465 1490 534 insania,
1506 466 1750 536 contemptibilem
1763 470 1823 526 du-

117 522 240 602 51551555
252 532 328 575 enam
343 534 377 576 55
388 523 483 579 55155
495 526 575 597 editi
586 528 710 586 officium
727 534 942 602 predicationis
996 539 1084 607 reris,
1096 539 1125 594 in
1141 544 1250 595 tantum
1264 543 1294 593 ut
1304 537 1340 592 ah
1357 536 1464 606 injuria
1480 550 1564 607 quam
1576 537 1736 608 impudenti
1750 537 1823 597 facie

115 587 175 671 51111,
192 596 354 658 injunctum
370 594 441 677 adeo
454 601 570 653 strenue
584 602 723 672 exercuit,
740 609 772 660 51
787 605 876 664 551115
890 612 943 663 ter·
997 616 1025 664 et
1040 609 1224 666 immoderata
1238 609 1395 678 capacitate
1413 607 1489 677 1555,
1505 604 1670 682 rapacitate]
1685 609 1823 679 predicto
1871 678 1875 685 Ι

116 658 236 742 roribus
251 660 293 717 vel
304 676 397 745 poerrrs
407 665 479 722 allud
497 669 681 742 relinqueret,
696 676 882 748 quoadusque
893 692 942 749 per
996 681 1196 750 archipresuli
1207 679 1372 736 Theodardo
1383 681 1503 751 irroges,
1516 679 1645 735 recedere
1657 679 1823 737 nullatenus

117 735 289 815 martymum
305 749 372 804 quas
395 751 429 792 ue
439 751 536 794 eorum
547 740 581 796 ad
593 757 624 797 se
634 751 779 801 vocantem
794 748 939 806 Christum
998 752 1136 820 patiaris:
1152 759 1250 808 notum
1270 751 1309 808 sit
1335 750 1401 820 tihi,
1416 755 1444 804 51
1467 749 1610 806 universis
1635 752 1685 821 qui
1704 751 1822 821 aliquod

117 802 283 887 intrepidus
309 818 367 889 acc·
395 813 464 879 eret,
491 815 522 866 ut
545 813 683 870 talentum
710 817 766 873 sibl
799 821 941 877 creditum
997 821 1166 896 suffragium
1177 822 1388 892 adjutoriumve
1399 821 1524 892 prebent
1534 821 1589 876 tibi
1600 835 1686 891 super
1697 821 1743 878 his
1753 822 1825 892 qui-

116 876 465 958 qurpquresduplrcatum
481 881 603 950 offerret,
619 891 647 941 et
656 886 692 941 ab
702 900 734 943 eo
750 891 856 948 centies
872 893 943 949 mul·
998 894 1077 950 busa
1089 894 1173 951 nobis
1182 896 1248 964 jure
1264 893 1420 964 impeteris,
1433 893 1508 963 quod
1520 891 1711 949 anathematis
1725 893 1825 951 rincu-

116 944 283 1028 ttpltpalum
303 955 455 1074 §perpetuae
483 957 622 1038 mercedis
650 964 941 1030 recompensationem
997 965 1035 1021 lis
1045 966 1155 1038 jugiter
1170 965 1299 1037 colligati
1319 965 1403 1021 eritis
1417 969 1503 1034 atque
1524 963 1721 1020 insolubiliter
1734 964 1823 1020 inno·

117 1021 287 1101 1111111111.
325 1035 332 1074 r
342 1026 442 1103 autem
463 1038 545 1083 nosse
558 1043 603 1083 55
618 1028 687 1099 quid
707 1033 941 1100 postdiscessum
997 1037 1067 1092 dati.
1090 1037 1240 1107 Quocirca,
1263 1049 1298 1092 ne
1320 1036 1458 1105 injuriam
1480 1034 1536 1091 tibi
1555 1032 1647 1092 facere
1664 1035 1823 1106 videamur,

115 1088 242 1157 apostola
270 1089 388 1163 Sergius
418 1095 524 1179 Paulus
553 1102 748 1175 commendato
772 1103 828 1160 sihi
851 1106 941 1177 gregi,
997 1108 1204 1164 constituimus
1216 1120 1267 1179 ego
1279 1110 1308 1163 51
1323 1107 1373 1190 qui
1390 1119 1499 1164 mecum
1523 1110 1591 1162 sunt
1610 1105 1824 1190 quinquaginta

117 1171 203 1242 quem
215 1173 281 1216 cum
298 1164 428 1249 apostolo
442 1166 557 1225 Christo
571 1171 756 1242 acquisierat,
773 1176 893 1235 Domino
906 1176 944 1234 fe-
997 1187 1026 1234 et
1038 1180 1096 1236 duo
1111 1179 1238 1250 episcopi
1260 1183 1415 1234 terminum
1437 1176 1491 1233 tibi
1507 1175 1704 1234 satisfacientia
1719 1177 1757 1248 el,
1774 1177 1822 1234 cul

116 1233 825 1314 5551,551555511115515515555151155551555
838 1249 944 1306 utrius
999 1250 1136 1319 injuriam
1157 1250 1238 1319 facis,
1251 1249 1361 1321 jugiter
1376 1248 1570 1305 Narbonensis
1583 1248 1716 1306 Ecclesia
1730 1248 1827 1320 ponti-

117 1313 172 1383 que
180 1315 269 1358 sexus
279 1304 433 1378 indigenis,
446 1312 581 1379 quoniam
591 1318 648 1369 tam
658 1317 847 1387 perseipsum
857 1334 942 1389 quam
998 1320 1057 1390 lici,
1071 1336 1163 1392 usque
1178 1323 1208 1378 in
1221 1320 1405 1376 lestirItatem
1423 1319 1515 1375 sancti
1531 1318 1681 1376 Michaelis
1694 1320 1822 1377 archan-

116 1377 203 1428 1111111
222 1386 368 1459 11115555,
387 1393 459 1462 quos
478 1382 507 1437 15
526 1383 580 1439 ilde
598 1385 704 1441 Christi
723 1387 781 1457 jam
803 1390 943 1447 nutrierat
998 1392 1064 1463 geli.
1077 1393 1156 1462 Quod
1173 1394 1197 1449 si
1213 1391 1350 1462 usquead
1366 1391 1530 1461 predictam
1544 1392 1701 1461 proximam
1718 1404 1820 1447 memo·

116 1442 310 1515 docueratque
326 1447 496 1522 discipulos,
517 1469 614 1511 omnes
628 1458 830 1526 llispnniarum
845 1463 943 1532 regio·
998 1465 1053 1519 ruti
1069 1463 1233 1536 archangeli
1251 1463 1459 1519 solemnitatem
1475 1463 1566 1519 uonei
1579 1460 1765 1531 satisfereris,
1779 1462 1820 1519 115
1874 1486 1878 1494 ·

117 1526 165 1570 nes
179 1517 357 1588 peragrando
373 1533 528 1596 earumque
551 1527 727 1585 habitatores
747 1529 943 1590 indesinenter
997 1535 1071 1591 utin
1085 1536 1148 1605 ejus
1164 1535 1311 1605 proprIum
1321 1533 1512 1617 Ecclesimque
1527 1533 1630 1604 ipsius,
1640 1539 1733 1617 totum
1745 1534 1821 1660 quod

115 1585 255 1656 ⁶⁰⁰0¹¹d0s
281 1589 351 1645 adeo
372 1595 509 1662 quosdam
529 1610 628 1654 eorum
646 1601 674 1655 in
689 1601 860 1659 Christianae
876 1605 941 1661 ildei
997 1606 1146 1662 abstulisti
1159 1607 1194 1662 ab
1206 1606 1333 1675 ejusdcm
1346 1604 1730 1674 pontidcrsjureaemuone
1766 1610 1823 1660 nte·

114 1656 230 1712 5515555
242 1657 410 1746 cultumque
424 1667 565 1738 subvexit,
585 1676 725 1753 quatenus
741 1674 860 1745 nullius,
877 1691 943 1746 prae
998 1677 1120 1750 gerrime
1134 1682 1162 1734 et
1176 1678 1239 1734 sine
1261 1675 1390 1749 qualibet
1414 1675 1605 1732 reservatione
1625 1676 1668 1731 vel
1689 1646 1823 1733 redhibi-

116 1731 248 1798 terquam
269 1745 327 1799 sur,
343 1735 515 1808 indigerent,
531 1741 573 1795 vel
591 1743 657 1811 apsi,
675 1743 716 1798 vel
739 1746 855 1815 quidam
872 1762 943 1804 suc·
959 1730 1076 1805 Btione
1091 1750 1236 1818 restituas,
1258 1749 1306 1804 bei
1328 1747 1535 1818 omnipotentis
1552 1748 1734 1818 auctoritate,
1751 1760 1822 1803 san-

115 1811 262 1883 ctssoriim
288 1816 386 1888 aarum
409 1822 485 1865 sanae
503 1811 651 1868 doctrine.
672 1815 741 1898 lege
761 1816 852 1887 igitur
865 1818 939 1875 beati
996 1825 1165 1892 ctorumque
1175 1820 1370 1891 apostolorum
1382 1819 1456 1874 Petri
1467 1823 1496 1874 51
1505 1818 1598 1888 Pauli,
1611 1832 1698 1875 necne
1707 1822 1823 1875 cuncto

115 1870 249 1955 1111111111,
265 1874 368 1930 Isidori
382 1893 506 1951 quoque,
524 1896 610 1940 necne
625 1885 799 1957 liraulronis,
816 1888 941 1961 itemque
998 1906 1060 1947 rum
1078 1893 1211 1948 Romanae
1232 1891 1365 1947 Ecclesia
1388 1888 1566 1959 pontificum,
1590 1903 1651 1945 mea
1666 1903 1781 1960 quoque
1795 1893 1823 1945 et

113 1940 235 2024 1111111111,
247 1956 280 2000 at
291 1950 415 2029 veterum
426 1952 551 2021 ejusdem
565 1957 876 2024 provinciaedoctorum
889 1975 941 2017 ca·
996 1963 1125 2019 emulum
1138 1964 1189 2034 qui
1210 1962 1278 2019 huic
1298 1961 1456 2017 Trecasinae
1478 1961 1586 2030 synodo
1602 1960 1747 2016 intersunt
1764 1959 1823 2029 epi·

115 2010 290 2097 tholrcorum
307 2016 407 2091 lrbros,
420 2028 448 2078 et
458 2025 501 2080 sic
511 2024 606 2082 forsan
620 2041 663 2083 me
676 2042 741 2084 vera
754 2030 850 2088 dicere
859 2046 941 2089 com·
960 2032 967 2046 “
995 2048 1043 2090 555
1064 2048 1157 2104 orum,
1182 2032 1455 2090 excommunicando
1478 2032 1770 2099 excommunicamus,
1793 2033 1822 2086 et

115 2082 261 2167 1101111111.
278 2087 357 2156 Quod
373 2092 397 2147 si
412 2106 463 2150 nec
478 2096 518 2152 ita
529 2099 600 2153 satis
611 2098 664 2154 tibi
677 2098 783 2156 iactum
799 2115 860 2159 esse
874 2118 941 2160 cre-
996 2049 1191 2161 maIedicendo
1212 2104 1411 2161 maledicimus
1429 2115 1463 2159 ac
1478 2106 1615 2172 perpetuo
1630 2101 1821 2184 anathematis

114 2153 236 2238 (11111115,
247 2164 396 2244 Ι15515555
413 2165 495 2232 lilius
510 2169 655 2226 volumina
666 2171 701 2226 ab
715 2172 843 2241 ejusdem
859 2174 939 2232 Pauli
995 2175 1318 2233 vinculoiusoluhillter
1327 2175 1507 2246 colligamus,
1518 2177 1546 2229 et
1555 2178 1591 2242 15,
1601 2178 1629 2229 51
1638 2173 1820 2229 maledictum

114 2225 271 2310 discipulas
285 2231 380 2315 tribus
391 2237 587 2297 voluminibus
606 2243 808 2312 comprehensa
820 2245 942 2318 diligen·
996 2252 1078 2304 tuum
1089 2249 1289 2316 Ermemirum,
1306 2251 1335 2303 et
1348 2245 1523 2302 Erodoinum
1543 2244 1692 2314 per'nrum
1708 2248 1821 2314 51555-

114 2300 228 2353 trssrma
241 2305 409 2385 curiositate
423 2323 555 2384 recense,
571 2317 599 2368 et
612 2319 681 2368 tunc
694 2328 757 2385 que
772 2316 864 2387 prius,
881 2318 939 2374 nisi
995 2324 1097 2375 statam
1111 2319 1349 2390 antiepiscopum,
1364 2322 1392 2374 51
1401 2329 1500 2373 55555
1511 2316 1588 2386 quia
1603 2314 1691 2386 iquod
1703 2314 1758 2371 1111
1771 2314 1820 2371 ad·

116 2365 212 2439 11111111,
229 2378 346 2441 benitas
369 2377 531 2453 ignorabas,
548 2384 646 2454 patulo
662 2387 841 2454 postmodum
858 2402 941 2445 reco-
1008 2391 1135 2447 utorium
1148 2396 1248 2447 contra
1264 2396 1321 2446 tam
1337 2390 1474 2458 injustam
1488 2387 1738 2457 presumptionem
1752 2398 1822 2456 prae·

115 2444 376 2526 1110111911,θ1’1151155
393 2452 432 2507 rei
446 2452 557 2511 affectu.
574 2456 693 2526 Quodsi
710 2470 760 2513 nec
774 2458 814 2514 ita
828 2460 940 2517 oonsul-
1014 2467 1072 2546 ent,
1087 2467 1119 2518 ut
1134 2477 1150 2518 a
1166 2467 1275 2519 statuto
1294 2461 1337 2516 vel
1359 2459 1526 2530 praebmtoa
1541 2457 1626 2515 nobis
1646 2456 1819 2540 temporeeb

115 2516 174 2566 tum
188 2512 244 2569 lrbr
261 2517 381 2585 probare
394 2524 529 2595 volueris,
546 2529 593 2584 sed
615 2541 724 2598 semper
746 2529 939 2590 obstinatione
994 2547 1072 2590 omm
1088 2539 1164 2591 coetn
1174 2534 1340 2590 Christiano
1356 2544 1467 2603 semper
1477 2535 1605 2587 extorres
1620 2528 1782 2585 habeamini
1793 2532 1821 2583 et

116 2594 257 2652 pervorsa,
269 2587 459 2652 homanorum
469 2599 802 2671 pontidcumcensuram,
834 2617 937 2660 nomam
993 2611 1130 2662 exsortes.

115 2651 229 2714 decreto
256 2660 356 2718 divina
378 2669 548 2726 auctoritate
580 2671 689 2727 firmata
712 2671 788 2743 icor„
815 2617 936 2747 Irmato]

116 2794 1077 2840 w

745 2931 835 2975 ANNO
862 2931 980 2975 DOMINI
1001 2931 1170 2977 mcccxcvl.

373 3154 376 3159 ·
473 3083 1073 3240 FORMOSUS
1159 3092 1460 3238 barn.

734 3421 908 3491 NOTITIA
945 3422 1190 3493 lllshomcl.

512 3530 516 3537 ¹
592 3553 679 3616 (Apud
703 3553 796 3614 Menai,
815 3554 990 3605 conciliorum
1011 3555 1168 3619 amplissima
1192 3555 1339 3618 Colleclio.)

146 3754 303 3811 Formosus
333 3754 482 3829 religione,
511 3771 621 3814 morum
656 3761 820 3831 integritate
849 3757 1434 3833 5555111155515555515515515555
1454 3772 1498 3814 ma
1538 3758 1815 3831 msanctitatisepl·

109 3824 244 3882 doctrina
261 3826 491 3900 laudatissimus,
513 3831 651 3887 electione
664 3833 865 3902 tumultuaria,
882 3833 936 3888 ele·
991 3847 1108 3902 satrapum
1130 3832 1268 3888 nominat.
1289 3832 1459 3888 llinemarus
1478 3831 1501 3886 R
1523 3831 1647 3914 emensis
1665 3831 1815 3914 archiepi-

109 3901 195 3952 rante
213 3910 245 3952 se
261 3905 361 3955 contre
375 3914 439 3956 eum
458 3902 557 3972 Sergio
574 3902 706 3969 diacono,
727 3917 801 3959 anno
819 3904 934 3959 Domini
990 3918 1105 3975 scopus,
1126 3909 1198 3959 teste
1211 3903 1370 3959 Flodoardo
1390 3903 1465 3958 libro
1485 3907 1571 3958 lertio
1591 3902 1721 3959 hrstorrae
1735 3902 1814 3959 lihe-

108 3963 159 4023 791
183 3974 299 4025 creatus
318 3975 362 4026 est
380 3970 523 4042 pontifex,
537 3988 601 4029 vere
623 3975 759 4044 optimus,
778 3981 808 4031 ut
823 3980 936 4031 constat
990 3975 1098 4031 mensis
1118 3975 1212 4044 capite
1232 3973 1277 4042 ab,
1302 3975 1393 4030 eidem
1416 3974 1544 4043 scripsit,
1564 3974 1731 4030 collaudans
1751 3975 1815 4043 ejus

110 4052 143 4096 ex
170 4039 358 4111 luitprando.
390 4046 525 4100 Eumdem
555 4046 697 4115 Stephano
721 4048 741 4100 v
770 4047 935 4103 immediate
991 4060 1076 4117 quam
1091 4047 1223 4102 audierat
1241 4046 1407 4102 sanctitatis
1421 4050 1449 4101 et
1462 4045 1590 4101 scientiae
1605 4044 1719 4111 famam,
1741 4059 1815 4116 5555-

110 4110 199 4168 subro
220 4117 299 4168 atum
312 4111 412 4186 fuisse,
427 4123 529 4185 praeter
542 4117 750 4187 luitprandum
765 4122 792 4173 et
805 4118 936 4174 Flodoar·
991 4131 1113 4188 rensque
1132 4118 1194 4187 ejus
1212 4116 1314 4172 habere
1334 4116 1561 4173 familiaritatem
1577 4135 1583 4170 :
1600 4121 1628 4174 et
1641 4122 1674 4173 ut
1691 4116 1752 4186 ipse
1764 4131 1815 4187 pro

109 4182 179 4238 dnm
201 4127 282 4239 Iihro
308 4193 410 4255 quarto
433 4189 527 4258 capite
548 4190 651 4260 primo,
678 4194 811 4244 asserunt
838 4203 936 4244 omnes
991 4205 1021 4245 sc
1037 4190 1206 4271 dignaretur
1224 4202 1315 4259 orare,
1337 4188 1426 4270 vicem
1448 4187 1770 4272 rependereospondens,
1787 4193 1816 4245 et

109 4253 423 4324 antiquiliomanorum
434 4259 936 4331 55511115555551515555,55515555
992 4261 1119 4331 quedam
1144 4274 1171 4315 er
1196 4273 1313 4315 munera
1347 4265 1473 4327 mittens,
1509 4263 1541 4315 51
1569 4274 1614 4315 sur
1648 4259 1813 4316 memoriam

109 4330 240 4381 veterum
258 4326 422 4385 Graecorum
446 4331 566 4400 antiqua
590 4337 781 4388 monumenta.
809 4334 879 4387 Nam
905 4333 935 4387 in
992 4333 1020 4387 in
1052 4332 1234 4388 orationibus
1262 4330 1372 4386 habeat.
1398 4331 1601 4400 Episcopatum
1630 4332 1814 4387 Portuensem

109 4397 212 4453 codice
226 4397 409 4457 Columuensi
429 4402 527 4459 Graeco
542 4417 629 4473 supra
649 4404 754 4474 sepius
769 4403 867 4466 citato,
885 4404 934 4460 ubi
991 4404 1081 4460 multo
1098 4408 1222 4473 tempore
1243 4402 1287 4471 ple
1301 4408 1329 4458 et
1346 4408 1442 4458 sancte
1456 4401 1680 4471 administravit,
1697 4401 1767 4484 adeo
1783 4407 1816 4457 ut

110 4467 300 4552 redarguitur
317 4473 551 4544 pseudosynodus
572 4474 709 4530 l'hotiana
727 4489 937 4531 srrecossorum-
988 4475 1100 4547 judicio
1121 4480 1296 4531 sanctissima
1317 4473 1428 4530 nicolai
1448 4487 1525 4543 papae
1540 4475 1552 4529 l
1570 4473 1678 4555 dignus
1697 4470 1814 4528 habitus

110 4552 167 4610 que
175 4540 290 4597 Nicolai
298 4548 327 4598 51
335 4544 454 4601 Adriani
466 4546 656 4602 Romanorum
670 4546 836 4617 pontidcum
847 4547 936 4602 series
991 4545 1089 4617 luerit,
1107 4547 1157 4617 qui
1176 4546 1209 4602 ad
1234 4545 1370 4617 bulgaros
1390 4544 1444 4601 lide
1466 4543 1623 4601 orthodoxa
1643 4542 1813 4627 rmbuendos

110 4611 932 4688 15511551551515515515511515155551555155555,
990 4615 1813 4689 apostolusmitteretur:cumqueibidcmanmsplurrmrs

110 4686 178 4753 post
199 4684 336 4741 ioannem
355 4688 505 4760 Marinus,
523 4695 586 4759 post
605 4691 747 4746 llarinum
770 4690 934 4761 hdrlanus3
989 4691 1124 4761 degisset,
1143 4693 1311 4773 gentemque
1332 4689 1412 4744 illam
1424 4687 1580 4771 adtchristi
1603 4686 1815 4770 1155555555-

109 4753 185 4811 alter
207 4755 312 4815 deinde
328 4758 488 4828 Stephanus
512 4762 545 4827 V,
565 4761 668 4818 deinde
689 4763 856 4818 Formosus:
872 4768 936 4832 post
990 4762 1083 4829 tissct,
1100 4774 1233 4831 majorem
1249 4758 1306 4815 srbi
1320 4760 1387 4815 iude
1399 4759 1521 4832 gloriam
1533 4763 1719 4829 compararat.
1732 4760 1814 4816 Hunc

110 4823 189 4882 hune
203 4826 257 4882 alii
271 4833 403 4899 qualuor,
421 4832 554 4888 videlicet
569 4831 743 4904 bonifacius,
763 4833 933 4903 Stephanus,
988 4835 1109 4890 loannes
1137 4845 1207 4901 papa
1235 4831 1302 4899 l‘lll,
1328 4830 1379 4900 qui
1405 4844 1508 4902 magno
1530 4830 1742 4914 suo-dedecore
1766 4843 1812 4887 res

108 4894 267 4968 11555555,
290 4905 319 4955 51
338 4900 520 4959 Theodorus:
538 4911 566 4960 et
586 4910 649 4975 post
664 4905 716 4960 hos
733 4907 864 4974 loannes,
884 4905 934 4974 qui
990 4917 1106 4961 suorum
1133 4903 1371 4972 predecessorum
1396 4901 1466 4957 bene
1485 4901 1643 4972 dispositas
1666 4916 1748 4958 rasus
1766 4905 1810 4958 est

110 4964 170 5025 11555
194 4971 323 5040 scripsit.
349 4971 429 5040 Quod
454 4974 545 5046 lgilur
566 4976 621 5031 Leo
642 4976 783 5033 Ostiensis
802 4976 935 5032 llistoriae
989 4975 1114 5033 aversari
1145 4972 1217 5046 (nam
1246 4973 1380 5056 Photium
1407 4973 1757 5056 constantinopolitanum
1786 4976 1815 5028 et

108 5038 271 5098 cassinuus
287 5042 361 5099 libro
378 5045 932 5119 primo,capitequadragesimooctavo,
988 5045 1151 5103 Zachariam
1166 5045 1301 5117 Anagniae
1329 5057 1505 5114 episcopum,
1531 5059 1603 5127 quos
1626 5046 1763 5102 Nicolaus
1785 5048 1815 5099 et

109 5112 278 5171 Formosum
299 5113 425 5172 Adriano
440 5116 546 5187 subjun
569 5118 600 5188 11,
616 5124 645 5174 51
662 5119 804 5189 Stephano
818 5121 935 5175 115515-
948 5126 974 5186 1)
988 5116 1811 5189 hortanuspraedecessorestoannissaprusdannaverant,

146 5135 934 5262 511,51511551555515155555111555155151581551555
989 5192 1094 5263 vixque
1115 5192 1149 5246 ad
1176 5189 1373 5261 penitentiam
1394 5188 1438 5243 uel
1459 5188 1567 5273 laicam·
1583 5187 1812 5245 communionem

178 5256 230 5329 qui
257 5258 343 5330 vulgo
367 5264 466 5315 sextus
490 5268 682 5333 nuncupatur,
707 5262 830 5334 intelligi
853 5263 934 5333 velit,
990 5263 1171 5346 recipiendos
1191 5275 1253 5318 5555
1269 5262 1346 5331 juste
1368 5264 1538 5324 statuerant,
1560 5259 1610 5316 rlle
1628 5272 1682 5315 non
1702 5260 1812 5338 tantum

108 5339 263 5385 erroneum
280 5334 333 5385 est.
350 5330 496 5387 blariacus
511 5346 576 5389 vero
591 5338 620 5389 et
633 5333 807 5415 Sigehertus,
826 5347 937 5390 eorum·
990 5333 1129 5393 restituit,
1143 5334 1336 5390 verumetiam
1351 5332 1445 5402 ipsum
1457 5331 1621 5388 Zachariam
1631 5330 1812 5410 Anagninum

109 5412 164 5469 qne
188 5400 353 5458 imitatores
380 5403 552 5460 recentiores
576 5405 721 5471 historici,
746 5405 860 5461 nonnisi
887 5420 937 5476 per
992 5405 1151 5462 honorifico
1173 5417 1290 5461 munere
1310 5403 1524 5461 bibliothecarii
1550 5399 1715 5472 apostolice
1735 5394 1814 5449 sedas

109 5483 242 5528 somnum
267 5473 444 5556 excogitasse
466 5475 610 5545 ridentur,
639 5475 713 5546 quod
736 5476 889 5547 llgapetum
910 5481 938 5532 et
992 5480 1120 5544 auctum,
1138 5477 1338 5533 consiliarium
1358 5490 1442 5532 suum
1463 5472 1541 5539 feclt,
1557 5473 1643 5542 eique
1658 5463 1816 5537 legationes

109 5541 250 5600 basilium
261 5544 336 5600 duos
346 5547 533 5618 imaginarios
542 5547 692 5618 pontidees
702 5561 848 5618 uunquam
860 5549 937 5604 risos
993 5548 1089 5619 plures
1099 5548 1245 5630 credidit),
1257 5548 1422 5619 episcopatu
1432 5544 1606 5615 deposltum,
1616 5534 1814 5610 degradatum,

108 5612 153 5671 rel
165 5615 286 5672 auditos
304 5614 446 5687 Stephano
465 5619 586 5691 ejusque
606 5619 729 5690 posteris
747 5625 934 5690 anteponunt.
992 5618 1066 5677 etad
1086 5624 1191 5676 sortem
1208 5619 1348 5675 laicorum
1366 5615 1510 5672 redactum
1527 5611 1564 5668 ab
1579 5609 1650 5668 urbe
1666 5602 1872 5742 55151511ὸ
