<?xml version="1.0" encoding="UTF-8"?>
<!DOCTYPE html PUBLIC "-//W3C//DTD XHTML 1.0 Transitional//EN"
    "http://www.w3.org/TR/xhtml1/DTD/xhtml1-transitional.dtd">
<html xmlns="http://www.w3.org/1999/xhtml" xml:lang="en" lang="en">
 <head>
  <title>
</title>
<meta http-equiv="Content-Type" content="text/html;charset=utf-8" />
  <meta name='ocr-system' content='tesseract 3.04.00' />
  <meta name='ocr-capabilities' content='ocr_page ocr_carea ocr_par ocr_line ocrx_word'/>
</head>
<body>
  <div class='ocr_page' id='page_1' title='image "./patrologiaecurs06migngoog_0624.png"; bbox 0 0 3876 6090; ppageno 0'>
   <div class='ocr_carea' id='block_1_1' title="bbox 111 236 1818 306">
    <p class='ocr_par' dir='ltr' id='par_1_1' title="bbox 111 236 1818 306">
     <span class='ocr_line' id='line_1_1' title="bbox 111 236 1818 306; baseline 0.001 -2"><span class='ocrx_word' id='word_1_1' title='bbox 111 238 184 304; x_wconf 70' lang='lat'><strong>⁴237</strong></span> <span class='ocrx_word' id='word_1_2' title='bbox 536 238 670 302; x_wconf 72' lang='lat' dir='ltr'><strong>astabo</strong></span> <span class='ocrx_word' id='word_1_3' title='bbox 695 237 903 302; x_wconf 75' lang='lat' dir='ltr'><strong>numeniaci</strong></span> <span class='ocrx_word' id='word_1_4' title='bbox 927 238 992 298; x_wconf 79' lang='lat' dir='ltr'><strong>iiii.</strong></span> <span class='ocrx_word' id='word_1_5' title='bbox 1012 237 1059 297; x_wconf 75' lang='lat' dir='ltr'><strong>oli</strong></span> <span class='ocrx_word' id='word_1_6' title='bbox 1083 236 1172 298; x_wconf 80' lang='lat' dir='ltr'><strong>viris</strong></span> <span class='ocrx_word' id='word_1_7' title='bbox 1189 237 1273 299; x_wconf 83' lang='lat' dir='ltr'><strong>non.</strong></span> <span class='ocrx_word' id='word_1_8' title='bbox 1294 241 1396 301; x_wconf 82' lang='lat' dir='ltr'><strong>PONT.</strong></span> <span class='ocrx_word' id='word_1_9' title='bbox 1748 242 1818 306; x_wconf 77' lang='grc'><strong>4938</strong></span> 
     </span>
    </p>
   </div>
   <div class='ocr_carea' id='block_1_2' title="bbox 109 355 1825 2674">
    <p class='ocr_par' dir='ltr' id='par_1_2' title="bbox 109 355 1825 2674">
     <span class='ocr_line' id='line_1_2' title="bbox 110 355 1599 441; baseline 0.003 -15"><span class='ocrx_word' id='word_1_10' title='bbox 110 381 211 436; x_wconf 89' lang='lat' dir='ltr'><strong>nense,</strong></span> <span class='ocrx_word' id='word_1_11' title='bbox 225 366 304 426; x_wconf 87' lang='lat' dir='ltr'><strong>sicut</strong></span> <span class='ocrx_word' id='word_1_12' title='bbox 315 370 344 426; x_wconf 91' lang='lat' dir='ltr'><strong>et</strong></span> <span class='ocrx_word' id='word_1_13' title='bbox 356 382 510 441; x_wconf 76' lang='lat' dir='ltr'><strong>praecessor</strong></span> <span class='ocrx_word' id='word_1_14' title='bbox 523 369 586 441; x_wconf 77' lang='lat' dir='ltr'><strong>elus</strong></span> <span class='ocrx_word' id='word_1_15' title='bbox 601 365 768 441; x_wconf 76' lang='lat' dir='ltr'><strong>incinerat,</strong></span> <span class='ocrx_word' id='word_1_16' title='bbox 781 362 939 424; x_wconf 83' lang='lat' dir='ltr'><strong>Detunctus</strong></span> <span class='ocrx_word' id='word_1_17' title='bbox 949 355 980 418; x_wconf 87' lang='grc' dir='ltr'>Α</span> <span class='ocrx_word' id='word_1_18' title='bbox 1207 368 1361 426; x_wconf 78' lang='lat' dir='ltr'>LXXXIX.</span> <span class='ocrx_word' id='word_1_19' title='bbox 1374 400 1413 413; x_wconf 87' lang='lat'><em>-</em></span> <span class='ocrx_word' id='word_1_20' title='bbox 1425 370 1599 430; x_wconf 85' lang='lat' dir='ltr'><strong>Slsliillllis.</strong></span> 
     </span>
     <span class='ocr_line' id='line_1_3' title="bbox 110 455 1546 536; baseline 0.002 -20"><span class='ocrx_word' id='word_1_21' title='bbox 110 463 156 517; x_wconf 79' lang='lat' dir='ltr'><strong>est</strong></span> <span class='ocrx_word' id='word_1_22' title='bbox 169 471 237 517; x_wconf 79' lang='lat' dir='ltr'><strong>vero</strong></span> <span class='ocrx_word' id='word_1_23' title='bbox 250 473 279 516; x_wconf 84' lang='grc' dir='ltr'><strong>ιι</strong></span> <span class='ocrx_word' id='word_1_24' title='bbox 291 459 388 516; x_wconf 88' lang='lat' dir='ltr'><strong>Nonas</strong></span> <span class='ocrx_word' id='word_1_25' title='bbox 400 458 535 531; x_wconf 79' lang='lat' dir='ltr'><strong>Augusti.</strong></span> <span class='ocrx_word' id='word_1_26' title='bbox 1248 455 1339 531; x_wconf 79' lang='lat' dir='ltr'><strong>(Anno</strong></span> <span class='ocrx_word' id='word_1_27' title='bbox 1353 458 1455 517; x_wconf 79' lang='lat' dir='ltr'><strong>christi</strong></span> <span class='ocrx_word' id='word_1_28' title='bbox 1472 460 1546 536; x_wconf 80' lang='lat' dir='ltr'><strong>tos.)</strong></span> 
     </span>
     <span class='ocr_line' id='line_1_4' title="bbox 364 545 1819 625; baseline 0.003 -20"><span class='ocrx_word' id='word_1_29' title='bbox 364 547 689 606; x_wconf 70' lang='lat' dir='ltr'><strong>lxxxi-collon.</strong></span> <span class='ocrx_word' id='word_1_30' title='bbox 1029 545 1819 625; x_wconf 81' lang='lat' dir='ltr'><strong>Sisinnius,nationeSyrus,expatretoanne,seditdies</strong></span> 
     </span>
     <span class='ocr_line' id='line_1_5' title="bbox 363 635 1819 711; baseline 0.005 -19"><span class='ocrx_word' id='word_1_31' title='bbox 363 637 457 709; x_wconf 82' lang='lat' dir='ltr'><strong>(Anno</strong></span> <span class='ocrx_word' id='word_1_32' title='bbox 470 638 572 694; x_wconf 76' lang='lat' dir='ltr'><strong><em>Christi</em></strong></span> <span class='ocrx_word' id='word_1_33' title='bbox 590 635 667 709; x_wconf 85' lang='lat'><strong>686.)</strong></span> <span class='ocrx_word' id='word_1_34' title='bbox 994 635 1175 710; x_wconf 85' lang='lat' dir='ltr'><strong>viginti.ch</strong></span> <span class='ocrx_word' id='word_1_35' title='bbox 1195 636 1341 694; x_wconf 84' lang='lat' dir='ltr'><strong>ordinarit</strong></span> <span class='ocrx_word' id='word_1_36' title='bbox 1360 638 1527 711; x_wconf 88' lang='lat' dir='ltr'><strong>episcopum</strong></span> <span class='ocrx_word' id='word_1_37' title='bbox 1542 655 1641 698; x_wconf 89' lang='lat' dir='ltr'><strong>unum.</strong></span> <span class='ocrx_word' id='word_1_38' title='bbox 1662 641 1819 700; x_wconf 84' lang='lat' dir='ltr'><strong>Detuuctus</strong></span> 
     </span>
     <span class='ocr_line' id='line_1_6' title="bbox 147 722 1426 801; baseline -0.002 -15"><span class='ocrx_word' id='word_1_39' title='bbox 147 729 257 801; x_wconf 88' lang='lat' dir='ltr'><strong>conon,</strong></span> <span class='ocrx_word' id='word_1_40' title='bbox 277 727 422 786; x_wconf 91' lang='lat' dir='ltr'><strong>oriundus</strong></span> <span class='ocrx_word' id='word_1_41' title='bbox 443 729 522 797; x_wconf 89' lang='lat' dir='ltr'><strong>patre</strong></span> <span class='ocrx_word' id='word_1_42' title='bbox 544 728 691 798; x_wconf 75' lang='lat' dir='ltr'><strong>traceseo,</strong></span> <span class='ocrx_word' id='word_1_43' title='bbox 710 724 849 783; x_wconf 81' lang='lat' dir='ltr'><strong>educatus</strong></span> <span class='ocrx_word' id='word_1_44' title='bbox 864 722 939 794; x_wconf 89' lang='lat' dir='ltr'><strong>apud</strong></span> <span class='ocrx_word' id='word_1_45' title='bbox 993 730 1145 785; x_wconf 86' lang='lat' dir='ltr'><strong>astantem</strong></span> <span class='ocrx_word' id='word_1_46' title='bbox 1161 727 1308 797; x_wconf 90' lang='lat' dir='ltr'><strong>repentina</strong></span> <span class='ocrx_word' id='word_1_47' title='bbox 1328 732 1426 786; x_wconf 90' lang='lat' dir='ltr'><strong>morte.</strong></span> 
     </span>
     <span class='ocr_line' id='line_1_7' title="bbox 109 812 1603 890; baseline -0.003 -15"><span class='ocrx_word' id='word_1_48' title='bbox 109 817 256 890; x_wconf 88' lang='lat' dir='ltr'><strong>Siciliam,</strong></span> <span class='ocrx_word' id='word_1_49' title='bbox 274 816 350 875; x_wconf 91' lang='lat' dir='ltr'><strong>sedit</strong></span> <span class='ocrx_word' id='word_1_50' title='bbox 366 830 476 875; x_wconf 90' lang='lat' dir='ltr'><strong>menses</strong></span> <span class='ocrx_word' id='word_1_51' title='bbox 491 814 635 873; x_wconf 80' lang='lat' dir='ltr'>undecim.</span> <span class='ocrx_word' id='word_1_52' title='bbox 654 815 786 885; x_wconf 86' lang='lat' dir='ltr'><strong>inhujus</strong></span> <span class='ocrx_word' id='word_1_53' title='bbox 802 812 941 870; x_wconf 89' lang='lat' dir='ltr'><strong>electione</strong></span> <span class='ocrx_word' id='word_1_54' title='bbox 1083 864 1086 871; x_wconf 89' lang='lat'><em>.</em></span> <span class='ocrx_word' id='word_1_55' title='bbox 1218 813 1275 871; x_wconf 90' lang='lat' dir='ltr'><strong>XG.</strong></span> <span class='ocrx_word' id='word_1_56' title='bbox 1290 846 1325 857; x_wconf 92' lang='lat'>-</span> <span class='ocrx_word' id='word_1_57' title='bbox 1336 815 1603 874; x_wconf 77' lang='lat' dir='ltr'><strong>GONSThii&#39;ilNllS.</strong></span> 
     </span>
     <span class='ocr_line' id='line_1_8' title="bbox 112 896 1695 980; baseline 0 -17"><span class='ocrx_word' id='word_1_58' title='bbox 112 920 171 964; x_wconf 91' lang='lat' dir='ltr'><strong>uon</strong></span> <span class='ocrx_word' id='word_1_59' title='bbox 194 907 315 964; x_wconf 91' lang='lat' dir='ltr'><strong>minima</strong></span> <span class='ocrx_word' id='word_1_60' title='bbox 336 912 380 964; x_wconf 91' lang='lat' dir='ltr'><strong>est</strong></span> <span class='ocrx_word' id='word_1_61' title='bbox 401 906 547 964; x_wconf 73' lang='lat' dir='ltr'><strong>annuntio</strong></span> <span class='ocrx_word' id='word_1_62' title='bbox 565 904 673 974; x_wconf 88' lang='lat' dir='ltr'><strong>hahita,</strong></span> <span class='ocrx_word' id='word_1_63' title='bbox 694 917 728 960; x_wconf 91' lang='lat' dir='ltr'><strong>eo</strong></span> <span class='ocrx_word' id='word_1_64' title='bbox 749 901 825 974; x_wconf 90' lang='lat' dir='ltr'><strong>qnod</strong></span> <span class='ocrx_word' id='word_1_65' title='bbox 846 900 942 957; x_wconf 89' lang='lat' dir='ltr'><strong>clerus</strong></span> <span class='ocrx_word' id='word_1_66' title='bbox 1252 902 1542 980; x_wconf 77' lang='lat' dir='ltr'><strong>(Anmclrtstilbh.)</strong></span> <span class='ocrx_word' id='word_1_67' title='bbox 1690 896 1695 905; x_wconf 85' lang='grc'><em>’</em></span> 
     </span>
     <span class='ocr_line' id='line_1_9' title="bbox 110 989 1819 1068; baseline -0.001 -16"><span class='ocrx_word' id='word_1_68' title='bbox 110 995 363 1068; x_wconf 90' lang='lat' dir='ltr'><strong>archidiaconum,</strong></span> <span class='ocrx_word' id='word_1_69' title='bbox 374 995 620 1052; x_wconf 81' lang='lat' dir='ltr'><strong>exercitusautem</strong></span> <span class='ocrx_word' id='word_1_70' title='bbox 631 991 809 1049; x_wconf 87' lang='lat' dir='ltr'><strong>Theodorum</strong></span> <span class='ocrx_word' id='word_1_71' title='bbox 821 989 943 1062; x_wconf 86' lang='lat' dir='ltr'><strong>presby·</strong></span> <span class='ocrx_word' id='word_1_72' title='bbox 1030 993 1245 1066; x_wconf 88' lang='lat' dir='ltr'><strong>Constantinus,</strong></span> <span class='ocrx_word' id='word_1_73' title='bbox 1272 995 1388 1052; x_wconf 90' lang='lat' dir='ltr'><strong>natione</strong></span> <span class='ocrx_word' id='word_1_74' title='bbox 1414 996 1512 1068; x_wconf 87' lang='lat' dir='ltr'><strong>syrus,</strong></span> <span class='ocrx_word' id='word_1_75' title='bbox 1542 1010 1577 1054; x_wconf 87' lang='lat' dir='ltr'><strong>ex</strong></span> <span class='ocrx_word' id='word_1_76' title='bbox 1602 998 1681 1067; x_wconf 91' lang='lat' dir='ltr'><strong>patre</strong></span> <span class='ocrx_word' id='word_1_77' title='bbox 1703 996 1819 1066; x_wconf 88' lang='lat' dir='ltr'><strong>loanne,</strong></span> 
     </span>
     <span class='ocr_line' id='line_1_10' title="bbox 111 1077 1823 1159; baseline 0 -18"><span class='ocrx_word' id='word_1_78' title='bbox 111 1089 206 1143; x_wconf 87' lang='lat' dir='ltr'><strong>terum</strong></span> <span class='ocrx_word' id='word_1_79' title='bbox 231 1084 380 1142; x_wconf 79' lang='lat' dir='ltr'><strong>nitebatur</strong></span> <span class='ocrx_word' id='word_1_80' title='bbox 401 1083 516 1156; x_wconf 81' lang='lat' dir='ltr'><strong>eligere.</strong></span> <span class='ocrx_word' id='word_1_81' title='bbox 539 1081 592 1139; x_wconf 89' lang='lat' dir='ltr'><strong>Sed</strong></span> <span class='ocrx_word' id='word_1_82' title='bbox 608 1081 662 1138; x_wconf 92' lang='lat' dir='ltr'><strong>hac</strong></span> <span class='ocrx_word' id='word_1_83' title='bbox 682 1080 863 1138; x_wconf 83' lang='lat' dir='ltr'><strong>contentione</strong></span> <span class='ocrx_word' id='word_1_84' title='bbox 881 1077 936 1135; x_wconf 90' lang='lat' dir='ltr'><strong>aii·</strong></span> <span class='ocrx_word' id='word_1_85' title='bbox 967 1120 971 1130; x_wconf 87' lang='lat'>.</span> <span class='ocrx_word' id='word_1_86' title='bbox 995 1084 1071 1140; x_wconf 89' lang='lat' dir='ltr'><strong>sedit</strong></span> <span class='ocrx_word' id='word_1_87' title='bbox 1085 1096 1175 1140; x_wconf 88' lang='lat' dir='ltr'><strong>annos</strong></span> <span class='ocrx_word' id='word_1_88' title='bbox 1196 1087 1313 1157; x_wconf 90' lang='lat' dir='ltr'><strong>septem,</strong></span> <span class='ocrx_word' id='word_1_89' title='bbox 1328 1084 1391 1142; x_wconf 90' lang='lat' dir='ltr'><strong>dies</strong></span> <span class='ocrx_word' id='word_1_90' title='bbox 1408 1086 1584 1159; x_wconf 87' lang='lat' dir='ltr'><strong>quindecim.</strong></span> <span class='ocrx_word' id='word_1_91' title='bbox 1599 1085 1653 1143; x_wconf 89' lang='lat' dir='ltr'><strong>llic</strong></span> <span class='ocrx_word' id='word_1_92' title='bbox 1676 1085 1823 1142; x_wconf 83' lang='lat' dir='ltr'><strong>ordinavit</strong></span> 
     </span>
     <span class='ocr_line' id='line_1_11' title="bbox 112 1166 1822 1247; baseline 0 -17"><span class='ocrx_word' id='word_1_93' title='bbox 112 1173 245 1246; x_wconf 84' lang='lat' dir='ltr'><strong>quandin</strong></span> <span class='ocrx_word' id='word_1_94' title='bbox 260 1172 371 1245; x_wconf 91' lang='lat' dir='ltr'><strong>hahita,</strong></span> <span class='ocrx_word' id='word_1_95' title='bbox 386 1173 499 1230; x_wconf 89' lang='lat' dir='ltr'><strong>tandem</strong></span> <span class='ocrx_word' id='word_1_96' title='bbox 514 1171 609 1229; x_wconf 89' lang='lat' dir='ltr'><strong>clerus</strong></span> <span class='ocrx_word' id='word_1_97' title='bbox 623 1176 652 1229; x_wconf 95' lang='lat' dir='ltr'><strong>et</strong></span> <span class='ocrx_word' id='word_1_98' title='bbox 664 1170 787 1242; x_wconf 91' lang='lat' dir='ltr'><strong>populus</strong></span> <span class='ocrx_word' id='word_1_99' title='bbox 799 1166 942 1225; x_wconf 87' lang='lat' dir='ltr'><strong>unanimi·</strong></span> <span class='ocrx_word' id='word_1_100' title='bbox 995 1172 1118 1229; x_wconf 80' lang='lat' dir='ltr'><strong>Felicem</strong></span> <span class='ocrx_word' id='word_1_101' title='bbox 1152 1173 1400 1245; x_wconf 89' lang='lat' dir='ltr'><strong>archiepiscopum</strong></span> <span class='ocrx_word' id='word_1_102' title='bbox 1429 1177 1630 1247; x_wconf 82' lang='lat' dir='ltr'><strong>Ravennatem,</strong></span> <span class='ocrx_word' id='word_1_103' title='bbox 1657 1175 1708 1246; x_wconf 87' lang='lat' dir='ltr'><strong>qui</strong></span> <span class='ocrx_word' id='word_1_104' title='bbox 1737 1178 1822 1247; x_wconf 80' lang='lat' dir='ltr'><strong>juxta</strong></span> 
     </span>
     <span class='ocr_line' id='line_1_12' title="bbox 113 1259 1823 1335; baseline 0.002 -17"><span class='ocrx_word' id='word_1_105' title='bbox 113 1268 159 1319; x_wconf 92' lang='lat' dir='ltr'><strong>ter</strong></span> <span class='ocrx_word' id='word_1_106' title='bbox 174 1263 251 1319; x_wconf 92' lang='lat' dir='ltr'><strong>hunc</strong></span> <span class='ocrx_word' id='word_1_107' title='bbox 264 1262 483 1320; x_wconf 79' lang='lat' dir='ltr'><strong>denominantes</strong></span> <span class='ocrx_word' id='word_1_108' title='bbox 497 1261 655 1335; x_wconf 87' lang='lat' dir='ltr'><strong>elegerunt.</strong></span> <span class='ocrx_word' id='word_1_109' title='bbox 669 1262 735 1317; x_wconf 84' lang='lat' dir='ltr'><strong>Post</strong></span> <span class='ocrx_word' id='word_1_110' title='bbox 749 1259 861 1329; x_wconf 83' lang='lat' dir='ltr'><strong>aliquot</strong></span> <span class='ocrx_word' id='word_1_111' title='bbox 875 1268 942 1313; x_wconf 83' lang='lat' dir='ltr'><strong>vero</strong></span> <span class='ocrx_word' id='word_1_112' title='bbox 996 1266 1208 1319; x_wconf 91' lang='lat' dir='ltr'><strong>antecessorum</strong></span> <span class='ocrx_word' id='word_1_113' title='bbox 1230 1277 1348 1320; x_wconf 90' lang='lat' dir='ltr'><strong>suorum</strong></span> <span class='ocrx_word' id='word_1_114' title='bbox 1368 1264 1605 1322; x_wconf 90' lang='lat' dir='ltr'><strong>consuetudinem</strong></span> <span class='ocrx_word' id='word_1_115' title='bbox 1622 1263 1748 1321; x_wconf 87' lang='lat' dir='ltr'><strong>scrihere</strong></span> <span class='ocrx_word' id='word_1_116' title='bbox 1766 1277 1823 1321; x_wconf 87' lang='lat' dir='ltr'><strong>no-</strong></span> 
     </span>
     <span class='ocr_line' id='line_1_13' title="bbox 112 1347 1821 1425; baseline 0.001 -17"><span class='ocrx_word' id='word_1_117' title='bbox 112 1351 178 1408; x_wconf 91' lang='lat' dir='ltr'><strong>dies</strong></span> <span class='ocrx_word' id='word_1_118' title='bbox 192 1352 336 1409; x_wconf 78' lang='lat' dir='ltr'><strong>exercitus</strong></span> <span class='ocrx_word' id='word_1_119' title='bbox 350 1351 451 1408; x_wconf 89' lang='lat' dir='ltr'><strong>videns</strong></span> <span class='ocrx_word' id='word_1_120' title='bbox 462 1351 533 1407; x_wconf 92' lang='lat' dir='ltr'><strong>oleri</strong></span> <span class='ocrx_word' id='word_1_121' title='bbox 548 1355 576 1408; x_wconf 93' lang='lat' dir='ltr'><strong>et</strong></span> <span class='ocrx_word' id='word_1_122' title='bbox 591 1349 691 1421; x_wconf 90' lang='lat' dir='ltr'><strong>populi</strong></span> <span class='ocrx_word' id='word_1_123' title='bbox 706 1347 899 1416; x_wconf 89' lang='lat' dir='ltr'><strong>concordiam,</strong></span> <span class='ocrx_word' id='word_1_124' title='bbox 915 1350 943 1401; x_wconf 88' lang='lat' dir='ltr'><strong>ei</strong></span> <span class='ocrx_word' id='word_1_125' title='bbox 997 1349 1062 1421; x_wconf 90' lang='lat' dir='ltr'><strong>luit,</strong></span> <span class='ocrx_word' id='word_1_126' title='bbox 1084 1348 1161 1408; x_wconf 82' lang='lat' dir='ltr'><strong>iustu</strong></span> <span class='ocrx_word' id='word_1_127' title='bbox 1177 1353 1349 1425; x_wconf 74' lang='lat' dir='ltr'><strong>arrogantiae</strong></span> <span class='ocrx_word' id='word_1_128' title='bbox 1368 1357 1473 1411; x_wconf 92' lang='lat' dir='ltr'><strong>tentus.</strong></span> <span class='ocrx_word' id='word_1_129' title='bbox 1494 1353 1548 1424; x_wconf 87' lang='lat' dir='ltr'><strong>Qui</strong></span> <span class='ocrx_word' id='word_1_130' title='bbox 1582 1360 1680 1425; x_wconf 87' lang='lat' dir='ltr'><strong>postea</strong></span> <span class='ocrx_word' id='word_1_131' title='bbox 1697 1353 1821 1410; x_wconf 88' lang='lat' dir='ltr'><strong>elatione</strong></span> 
     </span>
     <span class='ocr_line' id='line_1_14' title="bbox 115 1433 1819 1516; baseline 0 -19"><span class='ocrx_word' id='word_1_132' title='bbox 115 1442 178 1512; x_wconf 92' lang='lat' dir='ltr'><strong>ipse</strong></span> <span class='ocrx_word' id='word_1_133' title='bbox 197 1441 226 1497; x_wconf 94' lang='lat' dir='ltr'><strong>in</strong></span> <span class='ocrx_word' id='word_1_134' title='bbox 241 1440 372 1512; x_wconf 80' lang='lat' dir='ltr'><strong>praedicti</strong></span> <span class='ocrx_word' id='word_1_135' title='bbox 391 1440 542 1498; x_wconf 85' lang='lat' dir='ltr'><strong>electionis</strong></span> <span class='ocrx_word' id='word_1_136' title='bbox 561 1442 673 1497; x_wconf 90' lang='lat' dir='ltr'><strong>decreto</strong></span> <span class='ocrx_word' id='word_1_137' title='bbox 691 1436 874 1506; x_wconf 90' lang='lat' dir='ltr'><strong>subscripsit.</strong></span> <span class='ocrx_word' id='word_1_138' title='bbox 890 1433 942 1490; x_wconf 89' lang='lat' dir='ltr'><strong>llic</strong></span> <span class='ocrx_word' id='word_1_139' title='bbox 996 1439 1139 1509; x_wconf 82' lang='lat' dir='ltr'><strong>superbiae</strong></span> <span class='ocrx_word' id='word_1_140' title='bbox 1161 1453 1220 1496; x_wconf 82' lang='lat' dir='ltr'><strong>suae</strong></span> <span class='ocrx_word' id='word_1_141' title='bbox 1238 1454 1255 1497; x_wconf 88' lang='lat' dir='ltr'><strong>a</strong></span> <span class='ocrx_word' id='word_1_142' title='bbox 1276 1441 1440 1499; x_wconf 88' lang='lat' dir='ltr'><strong>iustiniano</strong></span> <span class='ocrx_word' id='word_1_143' title='bbox 1461 1443 1590 1516; x_wconf 82' lang='lat' dir='ltr'><strong>Angusto</strong></span> <span class='ocrx_word' id='word_1_144' title='bbox 1608 1442 1672 1512; x_wconf 88' lang='lat' dir='ltr'><strong>capi</strong></span> <span class='ocrx_word' id='word_1_145' title='bbox 1690 1441 1819 1513; x_wconf 77' lang='lat' dir='ltr'><strong>iubetur,</strong></span> 
     </span>
     <span class='ocr_line' id='line_1_15' title="bbox 113 1526 1819 1601; baseline -0.001 -15"><span class='ocrx_word' id='word_1_146' title='bbox 113 1530 261 1587; x_wconf 83' lang='lat' dir='ltr'><strong>ordinavit</strong></span> <span class='ocrx_word' id='word_1_147' title='bbox 274 1531 424 1601; x_wconf 90' lang='lat' dir='ltr'><strong>episcopos</strong></span> <span class='ocrx_word' id='word_1_148' title='bbox 436 1529 569 1587; x_wconf 86' lang='lat' dir='ltr'><strong>sedecim.</strong></span> <span class='ocrx_word' id='word_1_149' title='bbox 584 1526 741 1586; x_wconf 73' lang='lat' dir='ltr'><strong>iniunctus</strong></span> <span class='ocrx_word' id='word_1_150' title='bbox 755 1529 799 1583; x_wconf 92' lang='lat' dir='ltr'><strong>est</strong></span> <span class='ocrx_word' id='word_1_151' title='bbox 814 1529 941 1581; x_wconf 83' lang='lat' dir='ltr'><strong>autemx</strong></span> <span class='ocrx_word' id='word_1_152' title='bbox 996 1527 1090 1585; x_wconf 92' lang='lat' dir='ltr'><strong>oculis</strong></span> <span class='ocrx_word' id='word_1_153' title='bbox 1101 1528 1241 1601; x_wconf 82' lang='lat' dir='ltr'><strong>privatur,</strong></span> <span class='ocrx_word' id='word_1_154' title='bbox 1254 1530 1320 1586; x_wconf 90' lang='lat' dir='ltr'><strong>etin</strong></span> <span class='ocrx_word' id='word_1_155' title='bbox 1334 1529 1468 1588; x_wconf 83' lang='lat' dir='ltr'><strong>exsilium</strong></span> <span class='ocrx_word' id='word_1_156' title='bbox 1481 1531 1511 1588; x_wconf 94' lang='lat' dir='ltr'><strong>in</strong></span> <span class='ocrx_word' id='word_1_157' title='bbox 1522 1532 1667 1589; x_wconf 87' lang='lat' dir='ltr'><strong>Ponticam</strong></span> <span class='ocrx_word' id='word_1_158' title='bbox 1679 1531 1819 1588; x_wconf 89' lang='lat' dir='ltr'><strong>mettitur.</strong></span> 
     </span>
     <span class='ocr_line' id='line_1_16' title="bbox 113 1615 1823 1691; baseline 0 -16"><span class='ocrx_word' id='word_1_159' title='bbox 113 1618 234 1675; x_wconf 81' lang='lat' dir='ltr'><strong>Kalend.</strong></span> <span class='ocrx_word' id='word_1_160' title='bbox 249 1618 393 1678; x_wconf 88' lang='lat' dir='ltr'><strong>Octobris.</strong></span> <span class='ocrx_word' id='word_1_161' title='bbox 995 1615 1058 1687; x_wconf 89' lang='lat' dir='ltr'><strong>Sed,</strong></span> <span class='ocrx_word' id='word_1_162' title='bbox 1076 1622 1189 1674; x_wconf 88' lang='lat' dir='ltr'><strong>mortuo</strong></span> <span class='ocrx_word' id='word_1_163' title='bbox 1206 1617 1386 1690; x_wconf 86' lang='lat' dir='ltr'><strong>imperatore,</strong></span> <span class='ocrx_word' id='word_1_164' title='bbox 1404 1620 1440 1676; x_wconf 88' lang='lat' dir='ltr'><strong>ad</strong></span> <span class='ocrx_word' id='word_1_165' title='bbox 1456 1620 1550 1676; x_wconf 88' lang='lat' dir='ltr'><strong>sedem</strong></span> <span class='ocrx_word' id='word_1_166' title='bbox 1566 1619 1711 1691; x_wconf 90' lang='lat' dir='ltr'><strong>propriam</strong></span> <span class='ocrx_word' id='word_1_167' title='bbox 1725 1632 1823 1675; x_wconf 90' lang='lat' dir='ltr'><strong>rever-</strong></span> 
     </span>
     <span class='ocr_line' id='line_1_17' title="bbox 346 1677 1823 1780; baseline 0.001 -14"><span class='ocrx_word' id='word_1_168' title='bbox 346 1709 495 1766; x_wconf 85' lang='lat' dir='ltr'><strong>nxxnn.</strong></span> <span class='ocrx_word' id='word_1_169' title='bbox 506 1738 542 1749; x_wconf 91' lang='lat'>-</span> <span class='ocrx_word' id='word_1_170' title='bbox 553 1707 707 1764; x_wconf 82' lang='lat' dir='ltr'><strong>sancius.</strong></span> <span class='ocrx_word' id='word_1_171' title='bbox 951 1677 979 1742; x_wconf 84' lang='grc' dir='ltr'><strong>Β</strong></span> <span class='ocrx_word' id='word_1_172' title='bbox 995 1704 1078 1777; x_wconf 81' lang='lat' dir='ltr'><strong>titur,</strong></span> <span class='ocrx_word' id='word_1_173' title='bbox 1101 1710 1129 1762; x_wconf 78' lang='lat' dir='ltr'><strong>a</strong></span> <span class='ocrx_word' id='word_1_174' title='bbox 1144 1705 1187 1763; x_wconf 79' lang='lat' dir='ltr'><strong>sse</strong></span> <span class='ocrx_word' id='word_1_175' title='bbox 1207 1707 1611 1780; x_wconf 77' lang='lat' dir='ltr'><strong>sumsimus,map0sr01ua</strong></span> <span class='ocrx_word' id='word_1_176' title='bbox 1629 1709 1695 1765; x_wconf 76' lang='lat' dir='ltr'><strong>seno</strong></span> <span class='ocrx_word' id='word_1_177' title='bbox 1712 1708 1823 1767; x_wconf 79' lang='lat' dir='ltr'><strong>ventam</strong></span> 
     </span>
     <span class='ocr_line' id='line_1_18' title="bbox 382 1794 1823 1870; baseline 0.001 -17"><span class='ocrx_word' id='word_1_178' title='bbox 382 1797 586 1869; x_wconf 79' lang='lat' dir='ltr'><strong>(Annodlrrtsti</strong></span> <span class='ocrx_word' id='word_1_179' title='bbox 599 1794 674 1870; x_wconf 78' lang='lat' dir='ltr'><strong>otti.)</strong></span> <span class='ocrx_word' id='word_1_180' title='bbox 995 1794 1089 1866; x_wconf 92' lang='lat' dir='ltr'><strong>petiit,</strong></span> <span class='ocrx_word' id='word_1_181' title='bbox 1113 1799 1142 1852; x_wconf 90' lang='lat' dir='ltr'><strong>et</strong></span> <span class='ocrx_word' id='word_1_182' title='bbox 1161 1796 1370 1853; x_wconf 90' lang='lat' dir='ltr'><strong>ahsolutionem</strong></span> <span class='ocrx_word' id='word_1_183' title='bbox 1401 1798 1571 1868; x_wconf 89' lang='lat' dir='ltr'><strong>promeruit.</strong></span> <span class='ocrx_word' id='word_1_184' title='bbox 1592 1798 1724 1855; x_wconf 82' lang='lat' dir='ltr'><strong>Praedicti</strong></span> <span class='ocrx_word' id='word_1_185' title='bbox 1746 1811 1823 1870; x_wconf 79' lang='lat' dir='ltr'><strong>papae</strong></span> 
     </span>
     <span class='ocr_line' id='line_1_19' title="bbox 149 1883 1825 1959; baseline 0 -16"><span class='ocrx_word' id='word_1_186' title='bbox 149 1887 277 1959; x_wconf 87' lang='lat' dir='ltr'><strong>Sergius,</strong></span> <span class='ocrx_word' id='word_1_187' title='bbox 290 1887 406 1944; x_wconf 89' lang='lat' dir='ltr'><strong>natione</strong></span> <span class='ocrx_word' id='word_1_188' title='bbox 419 1888 516 1959; x_wconf 80' lang='lat' dir='ltr'><strong>Syrus,</strong></span> <span class='ocrx_word' id='word_1_189' title='bbox 533 1885 695 1943; x_wconf 73' lang='lat' dir='ltr'><strong>Antiochiae</strong></span> <span class='ocrx_word' id='word_1_190' title='bbox 710 1883 847 1956; x_wconf 78' lang='lat' dir='ltr'><strong>regionis,</strong></span> <span class='ocrx_word' id='word_1_191' title='bbox 859 1883 941 1938; x_wconf 87' lang='lat' dir='ltr'><strong>ortus</strong></span> <span class='ocrx_word' id='word_1_192' title='bbox 995 1883 1174 1954; x_wconf 82' lang='lat' dir='ltr'><strong>temporibus</strong></span> <span class='ocrx_word' id='word_1_193' title='bbox 1196 1885 1274 1941; x_wconf 85' lang='lat' dir='ltr'><strong>venit</strong></span> <span class='ocrx_word' id='word_1_194' title='bbox 1288 1884 1394 1942; x_wconf 84' lang='lat' dir='ltr'><strong>Roman</strong></span> <span class='ocrx_word' id='word_1_195' title='bbox 1414 1885 1584 1942; x_wconf 88' lang='lat' dir='ltr'><strong>Benedictus</strong></span> <span class='ocrx_word' id='word_1_196' title='bbox 1602 1886 1825 1943; x_wconf 68' lang='lat' dir='ltr'><strong>mediolanensis</strong></span> 
     </span>
     <span class='ocr_line' id='line_1_20' title="bbox 113 1972 1822 2048; baseline -0.001 -15"><span class='ocrx_word' id='word_1_197' title='bbox 113 1989 150 2033; x_wconf 80' lang='lat' dir='ltr'><strong>ex</strong></span> <span class='ocrx_word' id='word_1_198' title='bbox 175 1979 254 2048; x_wconf 91' lang='lat' dir='ltr'><strong>patre</strong></span> <span class='ocrx_word' id='word_1_199' title='bbox 282 1975 408 2048; x_wconf 84' lang='lat' dir='ltr'><strong>Tiberio,</strong></span> <span class='ocrx_word' id='word_1_200' title='bbox 435 1976 510 2034; x_wconf 91' lang='lat' dir='ltr'><strong>sedit</strong></span> <span class='ocrx_word' id='word_1_201' title='bbox 541 1989 632 2033; x_wconf 90' lang='lat' dir='ltr'><strong>annos</strong></span> <span class='ocrx_word' id='word_1_202' title='bbox 657 1972 805 2041; x_wconf 81' lang='lat' dir='ltr'><strong>tredecim,</strong></span> <span class='ocrx_word' id='word_1_203' title='bbox 832 1983 941 2027; x_wconf 89' lang='lat' dir='ltr'><strong>menses</strong></span> <span class='ocrx_word' id='word_1_204' title='bbox 995 1973 1241 2046; x_wconf 77' lang='lat' dir='ltr'><strong>archiepiscopus,</strong></span> <span class='ocrx_word' id='word_1_205' title='bbox 1261 1979 1289 2031; x_wconf 93' lang='lat' dir='ltr'><strong>et</strong></span> <span class='ocrx_word' id='word_1_206' title='bbox 1305 1974 1425 2032; x_wconf 83' lang='lat' dir='ltr'><strong>certavit</strong></span> <span class='ocrx_word' id='word_1_207' title='bbox 1448 1988 1499 2046; x_wconf 93' lang='lat' dir='ltr'><strong>pro</strong></span> <span class='ocrx_word' id='word_1_208' title='bbox 1513 1974 1634 2032; x_wconf 88' lang='lat' dir='ltr'><strong>ecclesia</strong></span> <span class='ocrx_word' id='word_1_209' title='bbox 1651 1975 1822 2048; x_wconf 76' lang='lat' dir='ltr'><strong>ticinensi,</strong></span> 
     </span>
     <span class='ocr_line' id='line_1_21' title="bbox 114 2061 1823 2139; baseline -0.001 -16"><span class='ocrx_word' id='word_1_210' title='bbox 114 2069 234 2138; x_wconf 87' lang='lat' dir='ltr'><strong>septem,</strong></span> <span class='ocrx_word' id='word_1_211' title='bbox 247 2065 310 2122; x_wconf 82' lang='lat' dir='ltr'><strong>dies</strong></span> <span class='ocrx_word' id='word_1_212' title='bbox 323 2065 427 2139; x_wconf 84' lang='lat' dir='ltr'><strong>viginti</strong></span> <span class='ocrx_word' id='word_1_213' title='bbox 444 2069 512 2123; x_wconf 90' lang='lat' dir='ltr'><strong>tres.</strong></span> <span class='ocrx_word' id='word_1_214' title='bbox 526 2065 599 2121; x_wconf 85' lang='lat' dir='ltr'><strong>hnte</strong></span> <span class='ocrx_word' id='word_1_215' title='bbox 613 2061 944 2134; x_wconf 81' lang='lat' dir='ltr'><strong>hujuseiectionempo-</strong></span> <span class='ocrx_word' id='word_1_216' title='bbox 996 2063 1045 2120; x_wconf 91' lang='lat' dir='ltr'><strong>sed</strong></span> <span class='ocrx_word' id='word_1_217' title='bbox 1066 2064 1216 2121; x_wconf 83' lang='lat' dir='ltr'><strong>convictus</strong></span> <span class='ocrx_word' id='word_1_218' title='bbox 1234 2068 1287 2137; x_wconf 90' lang='lat' dir='ltr'><strong>est,</strong></span> <span class='ocrx_word' id='word_1_219' title='bbox 1310 2077 1343 2122; x_wconf 94' lang='lat' dir='ltr'><strong>eo</strong></span> <span class='ocrx_word' id='word_1_220' title='bbox 1363 2064 1438 2137; x_wconf 87' lang='lat' dir='ltr'><strong>quod</strong></span> <span class='ocrx_word' id='word_1_221' title='bbox 1459 2077 1475 2120; x_wconf 90' lang='lat' dir='ltr'><strong>a</strong></span> <span class='ocrx_word' id='word_1_222' title='bbox 1495 2061 1622 2135; x_wconf 85' lang='lat' dir='ltr'><strong>praeiatis</strong></span> <span class='ocrx_word' id='word_1_223' title='bbox 1644 2063 1823 2136; x_wconf 86' lang='lat' dir='ltr'><strong>temporibus</strong></span> 
     </span>
     <span class='ocr_line' id='line_1_22' title="bbox 116 2151 1824 2224; baseline 0.001 -14"><span class='ocrx_word' id='word_1_224' title='bbox 116 2153 204 2224; x_wconf 91' lang='lat' dir='ltr'><strong>pnlns</strong></span> <span class='ocrx_word' id='word_1_225' title='bbox 219 2154 372 2219; x_wconf 85' lang='lat' dir='ltr'><strong>itomanns,</strong></span> <span class='ocrx_word' id='word_1_226' title='bbox 391 2158 424 2211; x_wconf 92' lang='lat' dir='ltr'><strong>nt</strong></span> <span class='ocrx_word' id='word_1_227' title='bbox 442 2153 505 2211; x_wconf 86' lang='lat' dir='ltr'><strong>iteri</strong></span> <span class='ocrx_word' id='word_1_228' title='bbox 524 2152 639 2224; x_wconf 89' lang='lat' dir='ltr'><strong>assolet,</strong></span> <span class='ocrx_word' id='word_1_229' title='bbox 659 2151 773 2208; x_wconf 84' lang='lat' dir='ltr'><strong>divisus</strong></span> <span class='ocrx_word' id='word_1_230' title='bbox 791 2153 856 2206; x_wconf 90' lang='lat' dir='ltr'><strong>est:</strong></span> <span class='ocrx_word' id='word_1_231' title='bbox 877 2161 942 2205; x_wconf 92' lang='lat' dir='ltr'><strong>nam</strong></span> <span class='ocrx_word' id='word_1_232' title='bbox 995 2153 1159 2210; x_wconf 73' lang='lat' dir='ltr'><strong>ticinensis</strong></span> <span class='ocrx_word' id='word_1_233' title='bbox 1180 2152 1307 2210; x_wconf 79' lang='lat' dir='ltr'><strong>ecclesia</strong></span> <span class='ocrx_word' id='word_1_234' title='bbox 1328 2153 1472 2210; x_wconf 90' lang='lat' dir='ltr'><strong>antistitis</strong></span> <span class='ocrx_word' id='word_1_235' title='bbox 1492 2153 1670 2211; x_wconf 89' lang='lat' dir='ltr'><strong>consecratio</strong></span> <span class='ocrx_word' id='word_1_236' title='bbox 1693 2154 1727 2210; x_wconf 91' lang='lat' dir='ltr'><strong>ad</strong></span> <span class='ocrx_word' id='word_1_237' title='bbox 1745 2153 1824 2211; x_wconf 92' lang='lat' dir='ltr'><strong>sedis</strong></span> 
     </span>
     <span class='ocr_line' id='line_1_23' title="bbox 116 2239 1821 2315; baseline -0.002 -15"><span class='ocrx_word' id='word_1_238' title='bbox 116 2257 183 2315; x_wconf 90' lang='lat' dir='ltr'><strong>pars</strong></span> <span class='ocrx_word' id='word_1_239' title='bbox 206 2256 263 2301; x_wconf 89' lang='lat' dir='ltr'><strong>una</strong></span> <span class='ocrx_word' id='word_1_240' title='bbox 283 2244 462 2301; x_wconf 83' lang='lat' dir='ltr'><strong>Theodorum</strong></span> <span class='ocrx_word' id='word_1_241' title='bbox 485 2241 775 2314; x_wconf 80' lang='lat' dir='ltr'><strong>archipresbyterum,</strong></span> <span class='ocrx_word' id='word_1_242' title='bbox 798 2239 856 2296; x_wconf 91' lang='lat' dir='ltr'><strong>alia</strong></span> <span class='ocrx_word' id='word_1_243' title='bbox 877 2251 942 2295; x_wconf 83' lang='lat' dir='ltr'><strong>vero</strong></span> <span class='ocrx_word' id='word_1_244' title='bbox 996 2241 1161 2314; x_wconf 88' lang='lat' dir='ltr'><strong>apostolicae</strong></span> <span class='ocrx_word' id='word_1_245' title='bbox 1179 2241 1344 2300; x_wconf 89' lang='lat' dir='ltr'><strong>Pontiticem</strong></span> <span class='ocrx_word' id='word_1_246' title='bbox 1365 2243 1534 2314; x_wconf 90' lang='lat' dir='ltr'><strong>pertinebat.</strong></span> <span class='ocrx_word' id='word_1_247' title='bbox 1554 2242 1708 2302; x_wconf 85' lang='lat' dir='ltr'><strong>ordinarit</strong></span> <span class='ocrx_word' id='word_1_248' title='bbox 1726 2247 1821 2300; x_wconf 87' lang='lat' dir='ltr'><strong>antem</strong></span> 
     </span>
     <span class='ocr_line' id='line_1_24' title="bbox 115 2327 1821 2405; baseline 0 -16"><span class='ocrx_word' id='word_1_249' title='bbox 115 2332 204 2405; x_wconf 90' lang='lat' dir='ltr'><strong>elegit</strong></span> <span class='ocrx_word' id='word_1_250' title='bbox 223 2331 388 2390; x_wconf 83' lang='lat' dir='ltr'><strong>Paschalem</strong></span> <span class='ocrx_word' id='word_1_251' title='bbox 407 2333 654 2390; x_wconf 88' lang='lat' dir='ltr'><strong>archidiaconum.</strong></span> <span class='ocrx_word' id='word_1_252' title='bbox 680 2330 750 2388; x_wconf 89' lang='lat' dir='ltr'><strong>Cum</strong></span> <span class='ocrx_word' id='word_1_253' title='bbox 772 2334 866 2386; x_wconf 90' lang='lat' dir='ltr'><strong>autem</strong></span> <span class='ocrx_word' id='word_1_254' title='bbox 891 2327 940 2385; x_wconf 91' lang='lat' dir='ltr'><strong>isti</strong></span> <span class='ocrx_word' id='word_1_255' title='bbox 996 2332 1146 2404; x_wconf 87' lang='lat' dir='ltr'><strong>episcopos</strong></span> <span class='ocrx_word' id='word_1_256' title='bbox 1169 2332 1318 2405; x_wconf 78' lang='lat' dir='ltr'><strong>sexaginta</strong></span> <span class='ocrx_word' id='word_1_257' title='bbox 1344 2337 1477 2405; x_wconf 87' lang='lat' dir='ltr'><strong>quatuor,</strong></span> <span class='ocrx_word' id='word_1_258' title='bbox 1509 2331 1689 2404; x_wconf 85' lang='lat' dir='ltr'><strong>presbyteros</strong></span> <span class='ocrx_word' id='word_1_259' title='bbox 1713 2333 1821 2404; x_wconf 90' lang='lat' dir='ltr'><strong>decem,</strong></span> 
     </span>
     <span class='ocr_line' id='line_1_25' title="bbox 116 2419 1683 2494; baseline -0.001 -15"><span class='ocrx_word' id='word_1_260' title='bbox 116 2422 175 2480; x_wconf 91' lang='lat' dir='ltr'><strong>duo</strong></span> <span class='ocrx_word' id='word_1_261' title='bbox 190 2420 275 2479; x_wconf 91' lang='lat' dir='ltr'><strong>electi</strong></span> <span class='ocrx_word' id='word_1_262' title='bbox 289 2422 503 2494; x_wconf 85' lang='lat' dir='ltr'><strong>contenderent,</strong></span> <span class='ocrx_word' id='word_1_263' title='bbox 520 2436 571 2479; x_wconf 89' lang='lat' dir='ltr'><strong>nec</strong></span> <span class='ocrx_word' id='word_1_264' title='bbox 585 2421 659 2479; x_wconf 88' lang='lat' dir='ltr'><strong>alter</strong></span> <span class='ocrx_word' id='word_1_265' title='bbox 676 2434 776 2478; x_wconf 93' lang='lat' dir='ltr'><strong>eorum</strong></span> <span class='ocrx_word' id='word_1_266' title='bbox 793 2419 878 2476; x_wconf 91' lang='lat' dir='ltr'><strong>alteri</strong></span> <span class='ocrx_word' id='word_1_267' title='bbox 892 2431 944 2474; x_wconf 89' lang='lat' dir='ltr'><strong>oe-</strong></span> <span class='ocrx_word' id='word_1_268' title='bbox 996 2419 1134 2480; x_wconf 88' lang='lat' dir='ltr'><strong>diaconos</strong></span> <span class='ocrx_word' id='word_1_269' title='bbox 1145 2420 1227 2480; x_wconf 89' lang='lat' dir='ltr'><strong>duos.</strong></span> <span class='ocrx_word' id='word_1_270' title='bbox 1241 2420 1322 2479; x_wconf 91' lang='lat' dir='ltr'><strong>Obiit</strong></span> <span class='ocrx_word' id='word_1_271' title='bbox 1334 2425 1429 2479; x_wconf 75' lang='lat' dir='ltr'><strong>annm</strong></span> <span class='ocrx_word' id='word_1_272' title='bbox 1441 2434 1471 2478; x_wconf 84' lang='lat' dir='ltr'><strong>nr</strong></span> <span class='ocrx_word' id='word_1_273' title='bbox 1484 2422 1552 2479; x_wconf 91' lang='lat' dir='ltr'><strong>idus</strong></span> <span class='ocrx_word' id='word_1_274' title='bbox 1563 2420 1683 2493; x_wconf 78' lang='lat' dir='ltr'><strong>aprilis.</strong></span> 
     </span>
     <span class='ocr_line' id='line_1_26' title="bbox 116 2508 1617 2586; baseline -0.002 -16"><span class='ocrx_word' id='word_1_275' title='bbox 116 2513 183 2570; x_wconf 92' lang='lat' dir='ltr'><strong>dere</strong></span> <span class='ocrx_word' id='word_1_276' title='bbox 207 2511 302 2586; x_wconf 83' lang='lat' dir='ltr'><strong>vellet,</strong></span> <span class='ocrx_word' id='word_1_277' title='bbox 329 2512 453 2569; x_wconf 80' lang='lat' dir='ltr'><strong>maxima</strong></span> <span class='ocrx_word' id='word_1_278' title='bbox 478 2524 544 2584; x_wconf 91' lang='lat' dir='ltr'><strong>pars</strong></span> <span class='ocrx_word' id='word_1_279' title='bbox 565 2511 646 2583; x_wconf 91' lang='lat' dir='ltr'><strong>cleri,</strong></span> <span class='ocrx_word' id='word_1_280' title='bbox 669 2523 778 2567; x_wconf 72' lang='lat' dir='ltr'><strong>nmnon</strong></span> <span class='ocrx_word' id='word_1_281' title='bbox 806 2508 944 2579; x_wconf 85' lang='lat' dir='ltr'><strong>primates</strong></span> <span class='ocrx_word' id='word_1_282' title='bbox 1202 2510 1322 2568; x_wconf 54' lang='lat' dir='ltr'><strong>XGls-</strong></span> <span class='ocrx_word' id='word_1_283' title='bbox 1335 2510 1362 2568; x_wconf 87' lang='lat' dir='ltr'><strong>S.</strong></span> <span class='ocrx_word' id='word_1_284' title='bbox 1376 2509 1573 2568; x_wconf 81' lang='lat' dir='ltr'><strong>GltliGOllllls</strong></span> <span class='ocrx_word' id='word_1_285' title='bbox 1585 2512 1617 2567; x_wconf 92' lang='lat'><strong>11.</strong></span> 
     </span>
     <span class='ocr_line' id='line_1_27' title="bbox 114 2594 1561 2674; baseline -0.003 -15"><span class='ocrx_word' id='word_1_286' title='bbox 114 2601 257 2672; x_wconf 84' lang='lat' dir='ltr'><strong>judicum,</strong></span> <span class='ocrx_word' id='word_1_287' title='bbox 272 2604 301 2658; x_wconf 87' lang='lat' dir='ltr'><strong>et</strong></span> <span class='ocrx_word' id='word_1_288' title='bbox 318 2603 464 2659; x_wconf 85' lang='lat' dir='ltr'><strong>exercitus</strong></span> <span class='ocrx_word' id='word_1_289' title='bbox 480 2602 613 2659; x_wconf 84' lang='lat' dir='ltr'><strong>itomanae</strong></span> <span class='ocrx_word' id='word_1_290' title='bbox 632 2599 746 2658; x_wconf 84' lang='lat' dir='ltr'><strong>militiae</strong></span> <span class='ocrx_word' id='word_1_291' title='bbox 762 2598 815 2656; x_wconf 91' lang='lat' dir='ltr'><strong>diu</strong></span> <span class='ocrx_word' id='word_1_292' title='bbox 830 2602 945 2669; x_wconf 89' lang='lat' dir='ltr'><strong>pertra-</strong></span> <span class='ocrx_word' id='word_1_293' title='bbox 1266 2599 1358 2671; x_wconf 75' lang='lat' dir='ltr'><strong>(Anno</strong></span> <span class='ocrx_word' id='word_1_294' title='bbox 1372 2599 1473 2656; x_wconf 79' lang='lat' dir='ltr'><strong>christi</strong></span> <span class='ocrx_word' id='word_1_295' title='bbox 1485 2594 1561 2674; x_wconf 82' lang='lat' dir='ltr'><strong>itt)</strong></span> 
     </span>
    </p>
   </div>
   <div class='ocr_carea' id='block_1_3' title="bbox 116 2685 1933 2764">
    <p class='ocr_par' dir='ltr' id='par_1_3' title="bbox 116 2685 1933 2764">
     <span class='ocr_line' id='line_1_28' title="bbox 116 2685 1933 2764; baseline 0 -17"><span class='ocrx_word' id='word_1_296' title='bbox 116 2696 237 2761; x_wconf 91' lang='lat' dir='ltr'><strong>ctantes,</strong></span> <span class='ocrx_word' id='word_1_297' title='bbox 263 2689 389 2764; x_wconf 85' lang='lat' dir='ltr'><strong>qualiter</strong></span> <span class='ocrx_word' id='word_1_298' title='bbox 413 2691 537 2749; x_wconf 90' lang='lat' dir='ltr'><strong>duorum</strong></span> <span class='ocrx_word' id='word_1_299' title='bbox 569 2689 770 2747; x_wconf 88' lang='lat' dir='ltr'><strong>altercantium</strong></span> <span class='ocrx_word' id='word_1_300' title='bbox 797 2685 944 2745; x_wconf 90' lang='lat' dir='ltr'><strong>contentio</strong></span> <span class='ocrx_word' id='word_1_301' title='bbox 1033 2689 1201 2762; x_wconf 78' lang='lat' dir='ltr'><strong>Gregorius,</strong></span> <span class='ocrx_word' id='word_1_302' title='bbox 1218 2688 1335 2746; x_wconf 91' lang='lat' dir='ltr'><strong>natione</strong></span> <span class='ocrx_word' id='word_1_303' title='bbox 1349 2689 1504 2761; x_wconf 83' lang='lat' dir='ltr'><strong>Romanus,</strong></span> <span class='ocrx_word' id='word_1_304' title='bbox 1523 2703 1557 2748; x_wconf 80' lang='lat' dir='ltr'><strong>ex</strong></span> <span class='ocrx_word' id='word_1_305' title='bbox 1572 2693 1652 2761; x_wconf 88' lang='lat' dir='ltr'><strong>patre</strong></span> <span class='ocrx_word' id='word_1_306' title='bbox 1665 2687 1823 2759; x_wconf 82' lang='lat' dir='ltr'><strong>ilarcelto;</strong></span> <span class='ocrx_word' id='word_1_307' title='bbox 1929 2741 1933 2747; x_wconf 94' lang='lat'>.</span> 
     </span>
    </p>
   </div>
   <div class='ocr_carea' id='block_1_4' title="bbox 115 2775 1881 5456">
    <p class='ocr_par' dir='ltr' id='par_1_4' title="bbox 115 2775 1881 5456">
     <span class='ocr_line' id='line_1_29' title="bbox 116 2775 1821 2851; baseline -0.002 -14"><span class='ocrx_word' id='word_1_308' title='bbox 116 2780 272 2851; x_wconf 89' lang='lat' dir='ltr'><strong>sopiretur,</strong></span> <span class='ocrx_word' id='word_1_309' title='bbox 303 2779 428 2837; x_wconf 90' lang='lat' dir='ltr'><strong>consilio</strong></span> <span class='ocrx_word' id='word_1_310' title='bbox 455 2780 539 2851; x_wconf 93' lang='lat' dir='ltr'><strong>inito,</strong></span> <span class='ocrx_word' id='word_1_311' title='bbox 566 2780 680 2836; x_wconf 92' lang='lat' dir='ltr'><strong>demum</strong></span> <span class='ocrx_word' id='word_1_312' title='bbox 705 2775 943 2849; x_wconf 85' lang='lat' dir='ltr'><strong>praenominatum</strong></span> <span class='ocrx_word' id='word_1_313' title='bbox 998 2779 1074 2837; x_wconf 91' lang='lat' dir='ltr'><strong>sedit</strong></span> <span class='ocrx_word' id='word_1_314' title='bbox 1092 2792 1183 2836; x_wconf 92' lang='lat' dir='ltr'><strong>annos</strong></span> <span class='ocrx_word' id='word_1_315' title='bbox 1202 2778 1336 2850; x_wconf 86' lang='lat' dir='ltr'><strong>sedecim,</strong></span> <span class='ocrx_word' id='word_1_316' title='bbox 1351 2792 1462 2836; x_wconf 91' lang='lat' dir='ltr'><strong>menses</strong></span> <span class='ocrx_word' id='word_1_317' title='bbox 1475 2792 1585 2851; x_wconf 83' lang='lat' dir='ltr'><strong>novem,</strong></span> <span class='ocrx_word' id='word_1_318' title='bbox 1600 2778 1664 2835; x_wconf 91' lang='lat' dir='ltr'><strong>dies</strong></span> <span class='ocrx_word' id='word_1_319' title='bbox 1678 2776 1821 2834; x_wconf 88' lang='lat' dir='ltr'><strong>undecim.</strong></span> 
     </span>
     <span class='ocr_line' id='line_1_30' title="bbox 115 2865 1824 2943; baseline -0.004 -15"><span class='ocrx_word' id='word_1_320' title='bbox 115 2870 248 2943; x_wconf 84' lang='lat' dir='ltr'><strong>sergium</strong></span> <span class='ocrx_word' id='word_1_321' title='bbox 259 2870 436 2927; x_wconf 86' lang='lat' dir='ltr'><strong>unanimiter</strong></span> <span class='ocrx_word' id='word_1_322' title='bbox 448 2869 604 2942; x_wconf 90' lang='lat' dir='ltr'><strong>elegerunt,</strong></span> <span class='ocrx_word' id='word_1_323' title='bbox 626 2875 654 2926; x_wconf 91' lang='lat' dir='ltr'><strong>et</strong></span> <span class='ocrx_word' id='word_1_324' title='bbox 665 2867 867 2924; x_wconf 90' lang='lat' dir='ltr'><strong>altercantium</strong></span> <span class='ocrx_word' id='word_1_325' title='bbox 893 2870 945 2922; x_wconf 89' lang='lat' dir='ltr'><strong>tu·</strong></span> <span class='ocrx_word' id='word_1_326' title='bbox 997 2869 1050 2925; x_wconf 88' lang='lat' dir='ltr'><strong>liic</strong></span> <span class='ocrx_word' id='word_1_327' title='bbox 1063 2869 1094 2925; x_wconf 92' lang='lat' dir='ltr'><strong>in</strong></span> <span class='ocrx_word' id='word_1_328' title='bbox 1105 2868 1258 2926; x_wconf 87' lang='lat' dir='ltr'><strong>Germania</strong></span> <span class='ocrx_word' id='word_1_329' title='bbox 1274 2882 1323 2940; x_wconf 91' lang='lat' dir='ltr'><strong>per</strong></span> <span class='ocrx_word' id='word_1_330' title='bbox 1334 2866 1514 2926; x_wconf 79' lang='lat' dir='ltr'><strong>bonifacium</strong></span> <span class='ocrx_word' id='word_1_331' title='bbox 1528 2867 1693 2939; x_wconf 88' lang='lat' dir='ltr'><strong>episcopum</strong></span> <span class='ocrx_word' id='word_1_332' title='bbox 1707 2865 1824 2923; x_wconf 83' lang='lat' dir='ltr'><strong>verbum</strong></span> 
     </span>
     <span class='ocr_line' id='line_1_31' title="bbox 118 2954 1825 3031; baseline -0.001 -17"><span class='ocrx_word' id='word_1_333' title='bbox 118 2958 310 3015; x_wconf 87' lang='lat' dir='ltr'><strong>multnatione</strong></span> <span class='ocrx_word' id='word_1_334' title='bbox 325 2973 464 3031; x_wconf 88' lang='lat' dir='ltr'><strong>repressa,</strong></span> <span class='ocrx_word' id='word_1_335' title='bbox 486 2959 516 3015; x_wconf 93' lang='lat' dir='ltr'><strong>in</strong></span> <span class='ocrx_word' id='word_1_336' title='bbox 531 2958 597 3015; x_wconf 89' lang='lat' dir='ltr'><strong>sede</strong></span> <span class='ocrx_word' id='word_1_337' title='bbox 611 2971 675 3015; x_wconf 93' lang='lat' dir='ltr'><strong>enm</strong></span> <span class='ocrx_word' id='word_1_338' title='bbox 688 2955 870 3014; x_wconf 86' lang='lat' dir='ltr'><strong>concorditer</strong></span> <span class='ocrx_word' id='word_1_339' title='bbox 882 2956 945 3010; x_wconf 89' lang='lat' dir='ltr'><strong>sta-</strong></span> <span class='ocrx_word' id='word_1_340' title='bbox 999 2957 1103 3014; x_wconf 88' lang='lat' dir='ltr'><strong>salutis</strong></span> <span class='ocrx_word' id='word_1_341' title='bbox 1125 2957 1302 3027; x_wconf 69' lang='lat' dir='ltr'><strong>pmdicavit,</strong></span> <span class='ocrx_word' id='word_1_342' title='bbox 1330 2962 1359 3014; x_wconf 90' lang='lat' dir='ltr'><strong>et</strong></span> <span class='ocrx_word' id='word_1_343' title='bbox 1379 2963 1497 3030; x_wconf 73' lang='lat' dir='ltr'><strong>gentem·</strong></span> <span class='ocrx_word' id='word_1_344' title='bbox 1516 2956 1595 3014; x_wconf 89' lang='lat' dir='ltr'><strong>illam</strong></span> <span class='ocrx_word' id='word_1_345' title='bbox 1628 2954 1770 3013; x_wconf 88' lang='lat' dir='ltr'><strong>sedentem</strong></span> <span class='ocrx_word' id='word_1_346' title='bbox 1794 2955 1825 3012; x_wconf 90' lang='lat' dir='ltr'><strong>in</strong></span> 
     </span>
     <span class='ocr_line' id='line_1_32' title="bbox 118 3007 1826 3115; baseline 0 -13"><span class='ocrx_word' id='word_1_347' title='bbox 118 3051 248 3103; x_wconf 84' lang='lat' dir='ltr'><strong>inerunt</strong></span> <span class='ocrx_word' id='word_1_348' title='bbox 268 3047 319 3104; x_wconf 89' lang='lat' dir='ltr'><strong>liic</strong></span> <span class='ocrx_word' id='word_1_349' title='bbox 338 3048 369 3104; x_wconf 91' lang='lat' dir='ltr'><strong>in</strong></span> <span class='ocrx_word' id='word_1_350' title='bbox 389 3047 515 3105; x_wconf 89' lang='lat' dir='ltr'><strong>sacrario</strong></span> <span class='ocrx_word' id='word_1_351' title='bbox 534 3048 555 3103; x_wconf 83' lang='lat' dir='ltr'><strong>li</strong></span> <span class='ocrx_word' id='word_1_352' title='bbox 589 3047 664 3103; x_wconf 88' lang='lat' dir='ltr'><strong>Petri</strong></span> <span class='ocrx_word' id='word_1_353' title='bbox 682 3044 805 3115; x_wconf 90' lang='lat' dir='ltr'><strong>apostoli</strong></span> <span class='ocrx_word' id='word_1_354' title='bbox 830 3054 944 3113; x_wconf 88' lang='lat' dir='ltr'><strong>capsam</strong></span> <span class='ocrx_word' id='word_1_355' title='bbox 958 3007 983 3071; x_wconf 65' lang='grc' dir='ltr'><strong>ο</strong></span> <span class='ocrx_word' id='word_1_356' title='bbox 1000 3045 1125 3103; x_wconf 89' lang='lat' dir='ltr'><strong>tenebris</strong></span> <span class='ocrx_word' id='word_1_357' title='bbox 1134 3045 1266 3102; x_wconf 83' lang='lat' dir='ltr'><strong>doctrina</strong></span> <span class='ocrx_word' id='word_1_358' title='bbox 1279 3045 1354 3103; x_wconf 90' lang='lat' dir='ltr'><strong>lucis</strong></span> <span class='ocrx_word' id='word_1_359' title='bbox 1365 3046 1505 3104; x_wconf 83' lang='lat' dir='ltr'><strong>convertit</strong></span> <span class='ocrx_word' id='word_1_360' title='bbox 1515 3045 1550 3102; x_wconf 90' lang='lat' dir='ltr'><strong>ad</strong></span> <span class='ocrx_word' id='word_1_361' title='bbox 1562 3045 1720 3103; x_wconf 88' lang='lat' dir='ltr'><strong>Christum.</strong></span> <span class='ocrx_word' id='word_1_362' title='bbox 1733 3045 1826 3115; x_wconf 80' lang='lat' dir='ltr'><strong>liujus</strong></span> 
     </span>
     <span class='ocr_line' id='line_1_33' title="bbox 117 3130 1824 3208; baseline -0.001 -16"><span class='ocrx_word' id='word_1_363' title='bbox 117 3140 280 3208; x_wconf 76' lang='lat' dir='ltr'><strong>argenteam</strong></span> <span class='ocrx_word' id='word_1_364' title='bbox 300 3135 331 3192; x_wconf 92' lang='lat' dir='ltr'><strong>in</strong></span> <span class='ocrx_word' id='word_1_365' title='bbox 350 3136 458 3208; x_wconf 88' lang='lat' dir='ltr'><strong>angulo</strong></span> <span class='ocrx_word' id='word_1_366' title='bbox 476 3135 599 3193; x_wconf 92' lang='lat' dir='ltr'><strong>obscuro</strong></span> <span class='ocrx_word' id='word_1_367' title='bbox 617 3136 768 3205; x_wconf 79' lang='lat' dir='ltr'><strong>jacentem,</strong></span> <span class='ocrx_word' id='word_1_368' title='bbox 793 3136 821 3188; x_wconf 92' lang='lat' dir='ltr'><strong>et</strong></span> <span class='ocrx_word' id='word_1_369' title='bbox 841 3145 875 3188; x_wconf 81' lang='lat' dir='ltr'><strong>ex</strong></span> <span class='ocrx_word' id='word_1_370' title='bbox 896 3130 947 3186; x_wconf 89' lang='lat' dir='ltr'><strong>ni·</strong></span> <span class='ocrx_word' id='word_1_371' title='bbox 999 3134 1180 3206; x_wconf 89' lang='lat' dir='ltr'><strong>temporibus</strong></span> <span class='ocrx_word' id='word_1_372' title='bbox 1213 3136 1344 3192; x_wconf 88' lang='lat' dir='ltr'><strong>Saraceni</strong></span> <span class='ocrx_word' id='word_1_373' title='bbox 1379 3135 1528 3192; x_wconf 83' lang='lat' dir='ltr'><strong>Franclam</strong></span> <span class='ocrx_word' id='word_1_374' title='bbox 1558 3147 1698 3205; x_wconf 89' lang='lat' dir='ltr'><strong>occupare</strong></span> <span class='ocrx_word' id='word_1_375' title='bbox 1728 3133 1824 3190; x_wconf 91' lang='lat' dir='ltr'><strong>conati</strong></span> 
     </span>
     <span class='ocr_line' id='line_1_34' title="bbox 118 3222 1825 3297; baseline -0.004 -17"><span class='ocrx_word' id='word_1_376' title='bbox 118 3222 239 3295; x_wconf 77' lang='lat' dir='ltr'><strong>grediile</strong></span> <span class='ocrx_word' id='word_1_377' title='bbox 262 3224 361 3281; x_wconf 82' lang='lat' dir='ltr'><strong>nlmiae</strong></span> <span class='ocrx_word' id='word_1_378' title='bbox 385 3223 570 3296; x_wconf 75' lang='lat' dir='ltr'><strong>annositatis,</strong></span> <span class='ocrx_word' id='word_1_379' title='bbox 584 3222 644 3295; x_wconf 79' lang='lat' dir='ltr'><strong>{nec</strong></span> <span class='ocrx_word' id='word_1_380' title='bbox 671 3223 696 3279; x_wconf 85' lang='lat' dir='ltr'><strong>si</strong></span> <span class='ocrx_word' id='word_1_381' title='bbox 718 3225 793 3278; x_wconf 79' lang='lat' dir='ltr'><strong>essct</strong></span> <span class='ocrx_word' id='word_1_382' title='bbox 813 3223 946 3293; x_wconf 66' lang='lat' dir='ltr'><strong>argentea</strong></span> <span class='ocrx_word' id='word_1_383' title='bbox 999 3230 1086 3297; x_wconf 80' lang='lat' dir='ltr'><strong>sunt3</strong></span> <span class='ocrx_word' id='word_1_384' title='bbox 1104 3226 1153 3283; x_wconf 79' lang='lat' dir='ltr'><strong>sed</strong></span> <span class='ocrx_word' id='word_1_385' title='bbox 1167 3225 1279 3297; x_wconf 73' lang='lat' dir='ltr'><strong>judidio</strong></span> <span class='ocrx_word' id='word_1_386' title='bbox 1293 3225 1344 3282; x_wconf 80' lang='lat' dir='ltr'><strong>Dei</strong></span> <span class='ocrx_word' id='word_1_387' title='bbox 1361 3238 1418 3282; x_wconf 80' lang='lat' dir='ltr'><strong>tilia</strong></span> <span class='ocrx_word' id='word_1_388' title='bbox 1432 3225 1481 3282; x_wconf 83' lang='lat' dir='ltr'><strong>die</strong></span> <span class='ocrx_word' id='word_1_389' title='bbox 1495 3227 1620 3282; x_wconf 82' lang='lat' dir='ltr'><strong>trecenta</strong></span> <span class='ocrx_word' id='word_1_390' title='bbox 1634 3228 1663 3280; x_wconf 91' lang='lat' dir='ltr'><strong>et</strong></span> <span class='ocrx_word' id='word_1_391' title='bbox 1676 3223 1825 3296; x_wconf 78' lang='lat' dir='ltr'><strong>sexaginta</strong></span> 
     </span>
     <span class='ocr_line' id='line_1_35' title="bbox 115 3310 1825 3390; baseline -0.009 -7"><span class='ocrx_word' id='word_1_392' title='bbox 115 3313 175 3383; x_wconf 76' lang='lat' dir='ltr'><strong>jam</strong></span> <span class='ocrx_word' id='word_1_393' title='bbox 196 3317 390 3383; x_wconf 69' lang='lat' dir='ltr'><strong>rumenam,</strong></span> <span class='ocrx_word' id='word_1_394' title='bbox 411 3314 468 3370; x_wconf 79' lang='lat' dir='ltr'><strong>neo</strong></span> <span class='ocrx_word' id='word_1_395' title='bbox 491 3312 689 3379; x_wconf 70' lang='lat' dir='ltr'><strong>eserenon,</strong></span> <span class='ocrx_word' id='word_1_396' title='bbox 710 3310 824 3382; x_wconf 79' lang='lat' dir='ltr'><strong>repern.</strong></span> <span class='ocrx_word' id='word_1_397' title='bbox 848 3310 946 3380; x_wconf 72' lang='lat' dir='ltr'><strong>nsque</strong></span> <span class='ocrx_word' id='word_1_398' title='bbox 1001 3318 1130 3390; x_wconf 78' lang='lat' dir='ltr'><strong>quinque</strong></span> <span class='ocrx_word' id='word_1_399' title='bbox 1147 3314 1269 3372; x_wconf 72' lang='lat' dir='ltr'><strong>militas</strong></span> <span class='ocrx_word' id='word_1_400' title='bbox 1287 3312 1592 3384; x_wconf 67' lang='lat' dir='ltr'><strong>nanciscendarum,</strong></span> <span class='ocrx_word' id='word_1_401' title='bbox 1613 3317 1647 3370; x_wconf 81' lang='lat' dir='ltr'><strong>ut</strong></span> <span class='ocrx_word' id='word_1_402' title='bbox 1670 3311 1825 3384; x_wconf 77' lang='lat' dir='ltr'><strong>epistolar</strong></span> 
     </span>
     <span class='ocr_line' id='line_1_36' title="bbox 117 3397 1825 3476; baseline -0.001 -18"><span class='ocrx_word' id='word_1_403' title='bbox 117 3401 249 3459; x_wconf 89' lang='lat' dir='ltr'><strong>oratioue</strong></span> <span class='ocrx_word' id='word_1_404' title='bbox 269 3400 354 3474; x_wconf 87' lang='lat' dir='ltr'><strong>iacta,</strong></span> <span class='ocrx_word' id='word_1_405' title='bbox 376 3402 474 3474; x_wconf 90' lang='lat' dir='ltr'><strong>sigillo</strong></span> <span class='ocrx_word' id='word_1_406' title='bbox 489 3401 590 3473; x_wconf 86' lang='lat' dir='ltr'><strong>tracto,</strong></span> <span class='ocrx_word' id='word_1_407' title='bbox 614 3406 642 3458; x_wconf 90' lang='lat' dir='ltr'><strong>et</strong></span> <span class='ocrx_word' id='word_1_408' title='bbox 665 3413 750 3471; x_wconf 87' lang='lat' dir='ltr'><strong>capsa</strong></span> <span class='ocrx_word' id='word_1_409' title='bbox 764 3403 873 3470; x_wconf 69' lang='lat' dir='ltr'><strong>amita,</strong></span> <span class='ocrx_word' id='word_1_410' title='bbox 897 3397 947 3453; x_wconf 90' lang='lat' dir='ltr'><strong>in-</strong></span> <span class='ocrx_word' id='word_1_411' title='bbox 999 3405 1173 3463; x_wconf 88' lang='lat' dir='ltr'><strong>Francorum</strong></span> <span class='ocrx_word' id='word_1_412' title='bbox 1201 3404 1275 3462; x_wconf 90' lang='lat' dir='ltr'><strong>duce</strong></span> <span class='ocrx_word' id='word_1_413' title='bbox 1303 3401 1433 3476; x_wconf 89' lang='lat' dir='ltr'><strong>pontitici</strong></span> <span class='ocrx_word' id='word_1_414' title='bbox 1463 3401 1551 3459; x_wconf 88' lang='lat' dir='ltr'><strong>missa</strong></span> <span class='ocrx_word' id='word_1_415' title='bbox 1574 3401 1747 3460; x_wconf 90' lang='lat' dir='ltr'><strong>continebat.</strong></span> <span class='ocrx_word' id='word_1_416' title='bbox 1773 3400 1825 3457; x_wconf 91' lang='lat' dir='ltr'><strong>iiic</strong></span> 
     </span>
     <span class='ocr_line' id='line_1_37' title="bbox 118 3487 1881 3567; baseline -0.002 -22"><span class='ocrx_word' id='word_1_417' title='bbox 118 3492 199 3547; x_wconf 83' lang='lat' dir='ltr'><strong>venit</strong></span> <span class='ocrx_word' id='word_1_418' title='bbox 221 3492 250 3549; x_wconf 91' lang='lat' dir='ltr'><strong>in</strong></span> <span class='ocrx_word' id='word_1_419' title='bbox 269 3506 302 3550; x_wconf 88' lang='lat' dir='ltr'><strong>ea</strong></span> <span class='ocrx_word' id='word_1_420' title='bbox 324 3506 437 3550; x_wconf 88' lang='lat' dir='ltr'><strong>crucem</strong></span> <span class='ocrx_word' id='word_1_421' title='bbox 458 3492 582 3550; x_wconf 88' lang='lat' dir='ltr'><strong>dirersis</strong></span> <span class='ocrx_word' id='word_1_422' title='bbox 595 3505 628 3548; x_wconf 91' lang='lat' dir='ltr'><strong>ac</strong></span> <span class='ocrx_word' id='word_1_423' title='bbox 644 3490 779 3562; x_wconf 91' lang='lat' dir='ltr'><strong>pretiosis</strong></span> <span class='ocrx_word' id='word_1_424' title='bbox 800 3487 947 3559; x_wconf 86' lang='lat' dir='ltr'><strong>lapidibus</strong></span> <span class='ocrx_word' id='word_1_425' title='bbox 1000 3495 1163 3567; x_wconf 74' lang='lat' dir='ltr'><strong>constituit,</strong></span> <span class='ocrx_word' id='word_1_426' title='bbox 1178 3498 1210 3551; x_wconf 80' lang='lat' dir='ltr'><strong>nt</strong></span> <span class='ocrx_word' id='word_1_427' title='bbox 1218 3490 1465 3565; x_wconf 78' lang='lat' dir='ltr'><strong>Quadragesimali</strong></span> <span class='ocrx_word' id='word_1_428' title='bbox 1478 3497 1614 3564; x_wconf 84' lang='lat' dir='ltr'><strong>tempore,</strong></span> <span class='ocrx_word' id='word_1_429' title='bbox 1625 3491 1727 3563; x_wconf 88' lang='lat' dir='ltr'><strong>quinta</strong></span> <span class='ocrx_word' id='word_1_430' title='bbox 1743 3489 1827 3547; x_wconf 85' lang='lat' dir='ltr'><strong>vide-</strong></span> <span class='ocrx_word' id='word_1_431' title='bbox 1866 3519 1881 3546; x_wconf 68' lang='lat'><em>0</em></span> 
     </span>
     <span class='ocr_line' id='line_1_38' title="bbox 119 3577 1826 3654; baseline -0.001 -18"><span class='ocrx_word' id='word_1_432' title='bbox 119 3585 309 3650; x_wconf 88' lang='lat' dir='ltr'><strong>perornatam.</strong></span> <span class='ocrx_word' id='word_1_433' title='bbox 326 3583 358 3637; x_wconf 93' lang='lat' dir='ltr'><strong>ln</strong></span> <span class='ocrx_word' id='word_1_434' title='bbox 373 3594 430 3653; x_wconf 84' lang='lat' dir='ltr'><strong>qna</strong></span> <span class='ocrx_word' id='word_1_435' title='bbox 444 3581 531 3638; x_wconf 89' lang='lat' dir='ltr'><strong>etiam</strong></span> <span class='ocrx_word' id='word_1_436' title='bbox 548 3585 646 3651; x_wconf 83' lang='lat' dir='ltr'><strong>aperta</strong></span> <span class='ocrx_word' id='word_1_437' title='bbox 663 3578 867 3636; x_wconf 84' lang='lat' dir='ltr'><strong>invenitmirae</strong></span> <span class='ocrx_word' id='word_1_438' title='bbox 882 3588 948 3632; x_wconf 77' lang='lat' dir='ltr'><strong>ma·</strong></span> <span class='ocrx_word' id='word_1_439' title='bbox 1001 3582 1070 3639; x_wconf 90' lang='lat' dir='ltr'><strong>licet</strong></span> <span class='ocrx_word' id='word_1_440' title='bbox 1099 3581 1171 3640; x_wconf 88' lang='lat' dir='ltr'><strong>teria</strong></span> <span class='ocrx_word' id='word_1_441' title='bbox 1198 3581 1353 3654; x_wconf 83' lang='lat' dir='ltr'><strong>jejunium,</strong></span> <span class='ocrx_word' id='word_1_442' title='bbox 1377 3586 1464 3653; x_wconf 86' lang='lat' dir='ltr'><strong>atque</strong></span> <span class='ocrx_word' id='word_1_443' title='bbox 1494 3580 1647 3638; x_wconf 90' lang='lat' dir='ltr'><strong>missarum</strong></span> <span class='ocrx_word' id='word_1_444' title='bbox 1670 3577 1826 3637; x_wconf 91' lang='lat' dir='ltr'><strong>celebratio</strong></span> 
     </span>
     <span class='ocr_line' id='line_1_39' title="bbox 118 3663 1827 3746; baseline 0 -20"><span class='ocrx_word' id='word_1_445' title='bbox 118 3670 328 3742; x_wconf 86' lang='lat' dir='ltr'><strong>gnitndinlset</strong></span> <span class='ocrx_word' id='word_1_446' title='bbox 343 3671 515 3728; x_wconf 76' lang='lat' dir='ltr'><strong>ineffabilem</strong></span> <span class='ocrx_word' id='word_1_447' title='bbox 542 3670 700 3741; x_wconf 90' lang='lat' dir='ltr'><strong>portionem</strong></span> <span class='ocrx_word' id='word_1_448' title='bbox 716 3667 855 3725; x_wconf 86' lang='lat' dir='ltr'><strong>salutaris</strong></span> <span class='ocrx_word' id='word_1_449' title='bbox 873 3663 945 3737; x_wconf 84' lang='lat' dir='ltr'><strong>ligat</strong></span> <span class='ocrx_word' id='word_1_450' title='bbox 1002 3670 1091 3745; x_wconf 87' lang='lat' dir='ltr'><strong>tieret,</strong></span> <span class='ocrx_word' id='word_1_451' title='bbox 1108 3673 1183 3746; x_wconf 87' lang='lat' dir='ltr'><strong>quod</strong></span> <span class='ocrx_word' id='word_1_452' title='bbox 1198 3673 1280 3743; x_wconf 89' lang='lat' dir='ltr'><strong>prius</strong></span> <span class='ocrx_word' id='word_1_453' title='bbox 1294 3685 1351 3728; x_wconf 93' lang='lat' dir='ltr'><strong>non</strong></span> <span class='ocrx_word' id='word_1_454' title='bbox 1367 3671 1461 3728; x_wconf 89' lang='lat' dir='ltr'><strong>tiebat.</strong></span> <span class='ocrx_word' id='word_1_455' title='bbox 1473 3672 1566 3741; x_wconf 76' lang='lat' dir='ltr'><strong>Huius</strong></span> <span class='ocrx_word' id='word_1_456' title='bbox 1580 3668 1758 3741; x_wconf 89' lang='lat' dir='ltr'><strong>temporibus</strong></span> <span class='ocrx_word' id='word_1_457' title='bbox 1773 3668 1827 3723; x_wconf 88' lang='lat' dir='ltr'><strong>Leo</strong></span> 
     </span>
     <span class='ocr_line' id='line_1_40' title="bbox 117 3754 1828 3835; baseline -0.001 -20"><span class='ocrx_word' id='word_1_458' title='bbox 117 3759 528 3832; x_wconf 75' lang='lat' dir='ltr'><strong>nnhcucrncisrepositamt:</strong></span> <span class='ocrx_word' id='word_1_459' title='bbox 541 3773 603 3832; x_wconf 84' lang='lat' dir='ltr'><strong>quae</strong></span> <span class='ocrx_word' id='word_1_460' title='bbox 621 3757 778 3817; x_wconf 82' lang='lat' dir='ltr'><strong>exdieillo</strong></span> <span class='ocrx_word' id='word_1_461' title='bbox 795 3754 947 3829; x_wconf 87' lang='lat' dir='ltr'><strong>prosalute</strong></span> <span class='ocrx_word' id='word_1_462' title='bbox 1002 3762 1159 3835; x_wconf 90' lang='lat' dir='ltr'><strong>imperator</strong></span> <span class='ocrx_word' id='word_1_463' title='bbox 1181 3762 1215 3819; x_wconf 91' lang='lat' dir='ltr'><strong>ad</strong></span> <span class='ocrx_word' id='word_1_464' title='bbox 1242 3761 1337 3832; x_wconf 83' lang='lat' dir='ltr'><strong>pejora</strong></span> <span class='ocrx_word' id='word_1_465' title='bbox 1363 3773 1541 3833; x_wconf 90' lang='lat' dir='ltr'><strong>progressus,</strong></span> <span class='ocrx_word' id='word_1_466' title='bbox 1570 3757 1711 3830; x_wconf 91' lang='lat' dir='ltr'><strong>compulit</strong></span> <span class='ocrx_word' id='word_1_467' title='bbox 1728 3768 1828 3813; x_wconf 91' lang='lat' dir='ltr'><strong>omnes</strong></span> 
     </span>
     <span class='ocr_line' id='line_1_41' title="bbox 119 3843 1829 3924; baseline -0.013 0"><span class='ocrx_word' id='word_1_468' title='bbox 119 3848 241 3907; x_wconf 61' lang='lat' dir='ltr'><strong>humani</strong></span> <span class='ocrx_word' id='word_1_469' title='bbox 258 3849 416 3924; x_wconf 61' lang='lat' dir='ltr'><strong>defleri-⁹³³¹)</strong></span> <span class='ocrx_word' id='word_1_470' title='bbox 428 3849 507 3907; x_wconf 66' lang='lat' dir='ltr'><strong>&lt;imni</strong></span> <span class='ocrx_word' id='word_1_471' title='bbox 518 3845 852 3921; x_wconf 66' lang='lat' dir='ltr'><strong>ll⁰ii1110Clfflssiiisstt(¹5e</strong></span> <span class='ocrx_word' id='word_1_472' title='bbox 867 3843 949 3901; x_wconf 67' lang='lat'><strong>3¹²¹·</strong></span> <span class='ocrx_word' id='word_1_473' title='bbox 1001 3850 1251 3923; x_wconf 86' lang='lat' dir='ltr'><strong>Gonstanlinopoli</strong></span> <span class='ocrx_word' id='word_1_474' title='bbox 1271 3849 1443 3916; x_wconf 87' lang='lat' dir='ltr'><strong>habitantes,</strong></span> <span class='ocrx_word' id='word_1_475' title='bbox 1460 3853 1493 3907; x_wconf 89' lang='lat' dir='ltr'><strong>ut</strong></span> <span class='ocrx_word' id='word_1_476' title='bbox 1509 3853 1673 3906; x_wconf 80' lang='lat' dir='ltr'><strong>sanctomm</strong></span> <span class='ocrx_word' id='word_1_477' title='bbox 1688 3846 1829 3918; x_wconf 79' lang='lat' dir='ltr'><strong>imagines</strong></span> 
     </span>
     <span class='ocr_line' id='line_1_42' title="bbox 118 3934 1828 4014; baseline -0.004 -20"><span class='ocrx_word' id='word_1_478' title='bbox 118 3938 242 3996; x_wconf 87' lang='lat' dir='ltr'><strong>tationis</strong></span> <span class='ocrx_word' id='word_1_479' title='bbox 260 3939 288 3995; x_wconf 66' lang='lat' dir='ltr'><strong>G</strong></span> <span class='ocrx_word' id='word_1_480' title='bbox 312 3938 414 3996; x_wconf 85' lang='lat' dir='ltr'><strong>Crucis</strong></span> <span class='ocrx_word' id='word_1_481' title='bbox 435 3939 464 3995; x_wconf 91' lang='lat' dir='ltr'><strong>in</strong></span> <span class='ocrx_word' id='word_1_482' title='bbox 482 3938 604 3995; x_wconf 90' lang='lat' dir='ltr'><strong>ecclesia</strong></span> <span class='ocrx_word' id='word_1_483' title='bbox 622 3936 778 3994; x_wconf 82' lang='lat' dir='ltr'><strong>salvatoris</strong></span> <span class='ocrx_word' id='word_1_484' title='bbox 799 3934 946 3991; x_wconf 89' lang='lat' dir='ltr'><strong>adoratur.</strong></span> <span class='ocrx_word' id='word_1_485' title='bbox 1002 3944 1186 4014; x_wconf 65' lang='lat' dir='ltr'><strong>deponerent,</strong></span> <span class='ocrx_word' id='word_1_486' title='bbox 1202 3945 1231 3997; x_wconf 72' lang='lat' dir='ltr'><strong>ot</strong></span> <span class='ocrx_word' id='word_1_487' title='bbox 1243 3940 1303 4013; x_wconf 73' lang='lat' dir='ltr'><strong>igni</strong></span> <span class='ocrx_word' id='word_1_488' title='bbox 1317 3939 1527 3997; x_wconf 75' lang='lat' dir='ltr'><strong>consumerent.</strong></span> <span class='ocrx_word' id='word_1_489' title='bbox 1539 3937 1628 4008; x_wconf 83' lang='lat' dir='ltr'><strong>eujus</strong></span> <span class='ocrx_word' id='word_1_490' title='bbox 1641 3935 1745 4007; x_wconf 77' lang='lat' dir='ltr'><strong>errori,</strong></span> <span class='ocrx_word' id='word_1_491' title='bbox 1760 3934 1828 4006; x_wconf 84' lang='lat' dir='ltr'><strong>qnia</strong></span> 
     </span>
     <span class='ocr_line' id='line_1_43' title="bbox 118 4021 1831 4102; baseline -0.004 -18"><span class='ocrx_word' id='word_1_492' title='bbox 118 4028 174 4084; x_wconf 85' lang='lat' dir='ltr'><strong>liic</strong></span> <span class='ocrx_word' id='word_1_493' title='bbox 196 4029 310 4102; x_wconf 86' lang='lat' dir='ltr'><strong>statuit,</strong></span> <span class='ocrx_word' id='word_1_494' title='bbox 335 4034 367 4085; x_wconf 91' lang='lat' dir='ltr'><strong>ut</strong></span> <span class='ocrx_word' id='word_1_495' title='bbox 390 4027 579 4084; x_wconf 83' lang='lat' dir='ltr'><strong>infractione</strong></span> <span class='ocrx_word' id='word_1_496' title='bbox 599 4021 948 4098; x_wconf 88' lang='lat' dir='ltr'><strong>corporisetsangninis</strong></span> <span class='ocrx_word' id='word_1_497' title='bbox 1001 4030 1161 4087; x_wconf 74' lang='lat' dir='ltr'><strong>Germanus</strong></span> <span class='ocrx_word' id='word_1_498' title='bbox 1186 4042 1243 4086; x_wconf 82' lang='lat' dir='ltr'><strong>non</strong></span> <span class='ocrx_word' id='word_1_499' title='bbox 1273 4029 1420 4087; x_wconf 67' lang='lat' dir='ltr'><strong>ronaensis</strong></span> <span class='ocrx_word' id='word_1_500' title='bbox 1445 4028 1619 4100; x_wconf 80' lang='lat' dir='ltr'><strong>patriarcha,</strong></span> <span class='ocrx_word' id='word_1_501' title='bbox 1649 4039 1666 4083; x_wconf 87' lang='lat' dir='ltr'><strong>a</strong></span> <span class='ocrx_word' id='word_1_502' title='bbox 1695 4025 1762 4083; x_wconf 86' lang='lat' dir='ltr'><strong>sede</strong></span> <span class='ocrx_word' id='word_1_503' title='bbox 1787 4028 1831 4080; x_wconf 90' lang='lat' dir='ltr'><strong>est</strong></span> 
     </span>
     <span class='ocr_line' id='line_1_44' title="bbox 118 4111 1832 4191; baseline -0.003 -17"><span class='ocrx_word' id='word_1_504' title='bbox 118 4118 236 4174; x_wconf 85' lang='lat' dir='ltr'><strong>Domini</strong></span> <span class='ocrx_word' id='word_1_505' title='bbox 251 4132 268 4174; x_wconf 93' lang='lat' dir='ltr'><strong>a</strong></span> <span class='ocrx_word' id='word_1_506' title='bbox 286 4118 362 4175; x_wconf 91' lang='lat' dir='ltr'><strong>clero</strong></span> <span class='ocrx_word' id='word_1_507' title='bbox 376 4124 405 4174; x_wconf 91' lang='lat' dir='ltr'><strong>et</strong></span> <span class='ocrx_word' id='word_1_508' title='bbox 423 4116 530 4188; x_wconf 91' lang='lat' dir='ltr'><strong>populo</strong></span> <span class='ocrx_word' id='word_1_509' title='bbox 550 4115 649 4185; x_wconf 75' lang='lat' dir='ltr'><strong>Aonas</strong></span> <span class='ocrx_word' id='word_1_510' title='bbox 663 4118 712 4170; x_wconf 77' lang='lat' dir='ltr'><strong>lter·</strong></span> <span class='ocrx_word' id='word_1_511' title='bbox 730 4118 871 4173; x_wconf 83' lang='lat' dir='ltr'><strong>cantetur.</strong></span> <span class='ocrx_word' id='word_1_512' title='bbox 896 4112 949 4168; x_wconf 88' lang='lat' dir='ltr'><strong>llic</strong></span> <span class='ocrx_word' id='word_1_513' title='bbox 1003 4119 1115 4191; x_wconf 91' lang='lat' dir='ltr'><strong>pulsus,</strong></span> <span class='ocrx_word' id='word_1_514' title='bbox 1129 4124 1157 4174; x_wconf 91' lang='lat' dir='ltr'><strong>et</strong></span> <span class='ocrx_word' id='word_1_515' title='bbox 1169 4116 1200 4173; x_wconf 91' lang='lat' dir='ltr'><strong>in</strong></span> <span class='ocrx_word' id='word_1_516' title='bbox 1215 4118 1278 4189; x_wconf 78' lang='lat' dir='ltr'><strong>etus</strong></span> <span class='ocrx_word' id='word_1_517' title='bbox 1289 4116 1350 4174; x_wconf 94' lang='lat' dir='ltr'><strong>ioco</strong></span> <span class='ocrx_word' id='word_1_518' title='bbox 1363 4117 1534 4175; x_wconf 76' lang='lat' dir='ltr'><strong>Anastasius</strong></span> <span class='ocrx_word' id='word_1_519' title='bbox 1544 4115 1691 4189; x_wconf 82' lang='lat' dir='ltr'><strong>presbyter</strong></span> <span class='ocrx_word' id='word_1_520' title='bbox 1700 4120 1744 4171; x_wconf 93' lang='lat' dir='ltr'><strong>est</strong></span> <span class='ocrx_word' id='word_1_521' title='bbox 1755 4111 1832 4170; x_wconf 91' lang='lat' dir='ltr'><strong>ordi·</strong></span> 
     </span>
     <span class='ocr_line' id='line_1_45' title="bbox 118 4201 1831 4278; baseline -0.005 -15"><span class='ocrx_word' id='word_1_522' title='bbox 118 4205 546 4278; x_wconf 83' lang='lat' dir='ltr'><strong>ordinavitepiscoposriginti</strong></span> <span class='ocrx_word' id='word_1_523' title='bbox 558 4207 676 4275; x_wconf 92' lang='lat' dir='ltr'><strong>septem,</strong></span> <span class='ocrx_word' id='word_1_524' title='bbox 694 4201 950 4275; x_wconf 82' lang='lat' dir='ltr'><strong>presbyterosduo</strong></span> <span class='ocrx_word' id='word_1_525' title='bbox 1003 4213 1098 4266; x_wconf 71' lang='lat' dir='ltr'><strong>natus.</strong></span> <span class='ocrx_word' id='word_1_526' title='bbox 1114 4208 1166 4265; x_wconf 74' lang='lat' dir='ltr'><strong>ilic</strong></span> <span class='ocrx_word' id='word_1_527' title='bbox 1182 4207 1212 4263; x_wconf 79' lang='lat' dir='ltr'><strong>tn</strong></span> <span class='ocrx_word' id='word_1_528' title='bbox 1236 4206 1344 4277; x_wconf 78' lang='lat' dir='ltr'><strong>synodo</strong></span> <span class='ocrx_word' id='word_1_529' title='bbox 1359 4208 1504 4265; x_wconf 75' lang='lat' dir='ltr'><strong>communi</strong></span> <span class='ocrx_word' id='word_1_530' title='bbox 1524 4207 1654 4263; x_wconf 77' lang='lat' dir='ltr'><strong>omnium</strong></span> <span class='ocrx_word' id='word_1_531' title='bbox 1670 4203 1831 4276; x_wconf 79' lang='lat' dir='ltr'><strong>praesiden-</strong></span> 
     </span>
     <span class='ocr_line' id='line_1_46' title="bbox 118 4291 1829 4368; baseline -0.005 -15"><span class='ocrx_word' id='word_1_532' title='bbox 118 4296 274 4367; x_wconf 84' lang='lat' dir='ltr'><strong>deviginti,</strong></span> <span class='ocrx_word' id='word_1_533' title='bbox 296 4296 433 4352; x_wconf 88' lang='lat' dir='ltr'><strong>diaconos</strong></span> <span class='ocrx_word' id='word_1_534' title='bbox 455 4302 588 4365; x_wconf 84' lang='lat' dir='ltr'><strong>quatuor.</strong></span> <span class='ocrx_word' id='word_1_535' title='bbox 612 4291 769 4350; x_wconf 82' lang='lat' dir='ltr'><strong>Defunctns</strong></span> <span class='ocrx_word' id='word_1_536' title='bbox 789 4294 947 4349; x_wconf 84' lang='lat' dir='ltr'><strong>astantem</strong></span> <span class='ocrx_word' id='word_1_537' title='bbox 1003 4299 1077 4355; x_wconf 88' lang='lat' dir='ltr'><strong>tium</strong></span> <span class='ocrx_word' id='word_1_538' title='bbox 1108 4296 1221 4368; x_wconf 81' lang='lat' dir='ltr'><strong>judicio</strong></span> <span class='ocrx_word' id='word_1_539' title='bbox 1255 4294 1451 4353; x_wconf 77' lang='lat' dir='ltr'><strong>confirmando</strong></span> <span class='ocrx_word' id='word_1_540' title='bbox 1486 4295 1564 4352; x_wconf 85' lang='lat' dir='ltr'><strong>dixit</strong></span> <span class='ocrx_word' id='word_1_541' title='bbox 1593 4293 1633 4365; x_wconf 80' lang='lat' dir='ltr'><strong>(G.</strong></span> <span class='ocrx_word' id='word_1_542' title='bbox 1667 4297 1829 4352; x_wconf 84' lang='lat' dir='ltr'><strong>itomanam,</strong></span> 
     </span>
     <span class='ocr_line' id='line_1_47' title="bbox 119 4375 1831 4457; baseline -0.005 -14"><span class='ocrx_word' id='word_1_543' title='bbox 119 4385 222 4443; x_wconf 86' lang='lat' dir='ltr'><strong>Idibus</strong></span> <span class='ocrx_word' id='word_1_544' title='bbox 233 4384 417 4456; x_wconf 88' lang='lat' dir='ltr'><strong>Septembris.</strong></span> <span class='ocrx_word' id='word_1_545' title='bbox 960 4375 988 4437; x_wconf 87' lang='lat' dir='ltr'>D</span> <span class='ocrx_word' id='word_1_546' title='bbox 1004 4394 1072 4447; x_wconf 89' lang='lat' dir='ltr'><strong>tom.</strong></span> <span class='ocrx_word' id='word_1_547' title='bbox 1089 4390 1126 4444; x_wconf 90' lang='lat' dir='ltr'><strong>lli</strong></span> <span class='ocrx_word' id='word_1_548' title='bbox 1141 4387 1241 4444; x_wconf 74' lang='lat' dir='ltr'><strong>conat.</strong></span> <span class='ocrx_word' id='word_1_549' title='bbox 1258 4399 1320 4457; x_wconf 92' lang='lat' dir='ltr'><strong>cap.</strong></span> <span class='ocrx_word' id='word_1_550' title='bbox 1338 4381 1430 4456; x_wconf 67' lang='lat' dir='ltr'><strong>Ma).-</strong></span> <span class='ocrx_word' id='word_1_551' title='bbox 1445 4386 1476 4441; x_wconf 73' lang='grc' dir='ltr'><strong>ει·</strong></span> <span class='ocrx_word' id='word_1_552' title='bbox 1491 4387 1553 4455; x_wconf 84' lang='lat' dir='ltr'><strong>qais</strong></span> <span class='ocrx_word' id='word_1_553' title='bbox 1566 4384 1765 4455; x_wconf 69' lang='lat' dir='ltr'><strong>mesbpteram,</strong></span> <span class='ocrx_word' id='word_1_554' title='bbox 1781 4381 1831 4433; x_wconf 86' lang='lat' dir='ltr'><strong>aut</strong></span> 
     </span>
     <span class='ocr_line' id='line_1_48' title="bbox 323 4471 1832 4548; baseline -0.007 -12"><span class='ocrx_word' id='word_1_555' title='bbox 323 4471 756 4530; x_wconf 70' lang='lat' dir='ltr'><strong>LXXXVll·-JOANNESV1·</strong></span> <span class='ocrx_word' id='word_1_556' title='bbox 1002 4480 1194 4548; x_wconf 75' lang='lat' dir='ltr'><strong>diaconissam,</strong></span> <span class='ocrx_word' id='word_1_557' title='bbox 1217 4480 1267 4532; x_wconf 86' lang='lat' dir='ltr'><strong>ant</strong></span> <span class='ocrx_word' id='word_1_558' title='bbox 1285 4473 1455 4540; x_wconf 83' lang='lat' dir='ltr'><strong>monacham,</strong></span> <span class='ocrx_word' id='word_1_559' title='bbox 1473 4476 1522 4528; x_wconf 89' lang='lat' dir='ltr'><strong>ont</strong></span> <span class='ocrx_word' id='word_1_560' title='bbox 1535 4487 1646 4537; x_wconf 84' lang='lat' dir='ltr'><strong>aarum,</strong></span> <span class='ocrx_word' id='word_1_561' title='bbox 1671 4476 1720 4527; x_wconf 89' lang='lat' dir='ltr'><strong>ont</strong></span> <span class='ocrx_word' id='word_1_562' title='bbox 1740 4483 1832 4526; x_wconf 84' lang='lat' dir='ltr'><strong>conso·</strong></span> 
     </span>
     <span class='ocr_line' id='line_1_49' title="bbox 389 4558 1834 4637; baseline -0.002 -18"><span class='ocrx_word' id='word_1_563' title='bbox 389 4564 483 4632; x_wconf 79' lang='lat' dir='ltr'><strong>(Anno</strong></span> <span class='ocrx_word' id='word_1_564' title='bbox 498 4558 682 4634; x_wconf 64' lang='lat' dir='ltr'><strong>onmtiiot.)</strong></span> <span class='ocrx_word' id='word_1_565' title='bbox 1003 4571 1122 4632; x_wconf 60' lang='lat' dir='ltr'><strong>onnam,</strong></span> <span class='ocrx_word' id='word_1_566' title='bbox 1136 4571 1184 4623; x_wconf 85' lang='lat' dir='ltr'><strong>ant</strong></span> <span class='ocrx_word' id='word_1_567' title='bbox 1198 4567 1231 4622; x_wconf 78' lang='lat' dir='ltr'><strong>cie</strong></span> <span class='ocrx_word' id='word_1_568' title='bbox 1246 4567 1361 4637; x_wconf 69' lang='lat' dir='ltr'><strong>propria</strong></span> <span class='ocrx_word' id='word_1_569' title='bbox 1381 4564 1549 4634; x_wconf 81' lang='lat' dir='ltr'><strong>cognatione,</strong></span> <span class='ocrx_word' id='word_1_570' title='bbox 1564 4566 1613 4617; x_wconf 89' lang='lat' dir='ltr'><strong>ant</strong></span> <span class='ocrx_word' id='word_1_571' title='bbox 1634 4577 1718 4634; x_wconf 82' lang='lat' dir='ltr'><strong>paam</strong></span> <span class='ocrx_word' id='word_1_572' title='bbox 1736 4576 1834 4629; x_wconf 80' lang='lat' dir='ltr'><strong>cogna-</strong></span> 
     </span>
     <span class='ocr_line' id='line_1_50' title="bbox 157 4651 1833 4742; baseline -0.01 -16"><span class='ocrx_word' id='word_1_573' title='bbox 157 4670 289 4742; x_wconf 88' lang='lat' dir='ltr'><strong>ioannes,</strong></span> <span class='ocrx_word' id='word_1_574' title='bbox 306 4669 422 4727; x_wconf 87' lang='lat' dir='ltr'><strong>natione</strong></span> <span class='ocrx_word' id='word_1_575' title='bbox 441 4671 569 4737; x_wconf 78' lang='lat' dir='ltr'><strong>Graccus,</strong></span> <span class='ocrx_word' id='word_1_576' title='bbox 586 4669 661 4726; x_wconf 88' lang='lat' dir='ltr'><strong>sedit</strong></span> <span class='ocrx_word' id='word_1_577' title='bbox 676 4681 767 4724; x_wconf 89' lang='lat' dir='ltr'><strong>annos</strong></span> <span class='ocrx_word' id='word_1_578' title='bbox 784 4673 852 4737; x_wconf 90' lang='lat' dir='ltr'><strong>tres,</strong></span> <span class='ocrx_word' id='word_1_579' title='bbox 867 4678 950 4721; x_wconf 88' lang='lat' dir='ltr'><strong>men-</strong></span> <span class='ocrx_word' id='word_1_580' title='bbox 1003 4663 1047 4715; x_wconf 88' lang='lat' dir='ltr'><strong>tas</strong></span> <span class='ocrx_word' id='word_1_581' title='bbox 1068 4657 1174 4727; x_wconf 65' lang='lat' dir='ltr'><strong>hohan</strong></span> <span class='ocrx_word' id='word_1_582' title='bbox 1195 4656 1307 4711; x_wconf 70' lang='lat' dir='ltr'><strong>aaron</strong></span> <span class='ocrx_word' id='word_1_583' title='bbox 1327 4670 1439 4711; x_wconf 82' lang='lat' dir='ltr'><strong>oaorem</strong></span> <span class='ocrx_word' id='word_1_584' title='bbox 1456 4653 1601 4709; x_wconf 79' lang='lat' dir='ltr'><strong>anaihmm</strong></span> <span class='ocrx_word' id='word_1_585' title='bbox 1615 4654 1662 4708; x_wconf 86' lang='lat' dir='ltr'><strong>sit.</strong></span> <span class='ocrx_word' id='word_1_586' title='bbox 1689 4653 1778 4709; x_wconf 74' lang='lat' dir='ltr'><strong>imm:</strong></span> <span class='ocrx_word' id='word_1_587' title='bbox 1802 4651 1833 4708; x_wconf 88' lang='lat' dir='ltr'><strong>Sr&#39;</strong></span> 
     </span>
     <span class='ocr_line' id='line_1_51' title="bbox 120 4744 1832 4831; baseline -0.005 -15"><span class='ocrx_word' id='word_1_588' title='bbox 120 4759 263 4831; x_wconf 89' lang='lat' dir='ltr'><strong>sesduos,</strong></span> <span class='ocrx_word' id='word_1_589' title='bbox 277 4758 340 4816; x_wconf 89' lang='lat' dir='ltr'><strong>dies</strong></span> <span class='ocrx_word' id='word_1_590' title='bbox 354 4758 516 4817; x_wconf 89' lang='lat' dir='ltr'><strong>duodecim.</strong></span> <span class='ocrx_word' id='word_1_591' title='bbox 531 4757 584 4814; x_wconf 89' lang='lat' dir='ltr'><strong>llio</strong></span> <span class='ocrx_word' id='word_1_592' title='bbox 593 4757 731 4828; x_wconf 84' lang='lat' dir='ltr'><strong>captivos,</strong></span> <span class='ocrx_word' id='word_1_593' title='bbox 746 4768 819 4827; x_wconf 86' lang='lat' dir='ltr'><strong>qnos</strong></span> <span class='ocrx_word' id='word_1_594' title='bbox 832 4755 862 4811; x_wconf 94' lang='lat' dir='ltr'><strong>in</strong></span> <span class='ocrx_word' id='word_1_595' title='bbox 873 4755 951 4811; x_wconf 86' lang='lat' dir='ltr'><strong>Gam-</strong></span> <span class='ocrx_word' id='word_1_596' title='bbox 1004 4751 1066 4820; x_wconf 82' lang='lat' dir='ltr'><strong>pais</strong></span> <span class='ocrx_word' id='word_1_597' title='bbox 1086 4749 1199 4804; x_wconf 66' lang='lat' dir='ltr'><strong>omnam</strong></span> <span class='ocrx_word' id='word_1_598' title='bbox 1215 4748 1327 4814; x_wconf 74' lang='lat' dir='ltr'><strong>furatus</strong></span> <span class='ocrx_word' id='word_1_599' title='bbox 1348 4746 1612 4815; x_wconf 63' lang='lat' dir='ltr'><strong>nuntiationem,</strong></span> <span class='ocrx_word' id='word_1_600' title='bbox 1632 4747 1658 4799; x_wconf 74' lang='lat' dir='ltr'><strong>et</strong></span> <span class='ocrx_word' id='word_1_601' title='bbox 1678 4744 1832 4817; x_wconf 61' lang='lat' dir='ltr'><strong>atramenti,</strong></span> 
     </span>
     <span class='ocr_line' id='line_1_52' title="bbox 121 4833 1833 4921; baseline -0.009 -17"><span class='ocrx_word' id='word_1_602' title='bbox 121 4849 210 4921; x_wconf 85' lang='lat' dir='ltr'><strong>pania</strong></span> <span class='ocrx_word' id='word_1_603' title='bbox 221 4848 380 4920; x_wconf 90' lang='lat' dir='ltr'><strong>Gisolphus</strong></span> <span class='ocrx_word' id='word_1_604' title='bbox 390 4848 450 4905; x_wconf 85' lang='lat' dir='ltr'><strong>dux</strong></span> <span class='ocrx_word' id='word_1_605' title='bbox 461 4848 555 4920; x_wconf 88' lang='lat' dir='ltr'><strong>gentis</strong></span> <span class='ocrx_word' id='word_1_606' title='bbox 565 4846 813 4919; x_wconf 87' lang='lat' dir='ltr'><strong>Langobardorum</strong></span> <span class='ocrx_word' id='word_1_607' title='bbox 824 4849 946 4916; x_wconf 89' lang='lat' dir='ltr'><strong>ceperat,</strong></span> <span class='ocrx_word' id='word_1_608' title='bbox 1004 4842 1059 4896; x_wconf 77' lang='lat' dir='ltr'><strong>atsi</strong></span> <span class='ocrx_word' id='word_1_609' title='bbox 1077 4854 1136 4894; x_wconf 87' lang='lat' dir='ltr'><strong>eam</strong></span> <span class='ocrx_word' id='word_1_610' title='bbox 1152 4836 1366 4907; x_wconf 81' lang='lat' dir='ltr'><strong>desponsaverit,</strong></span> <span class='ocrx_word' id='word_1_611' title='bbox 1387 4834 1533 4889; x_wconf 85' lang='lat' dir='ltr'><strong>anathemo</strong></span> <span class='ocrx_word' id='word_1_612' title='bbox 1549 4836 1594 4889; x_wconf 79' lang='lat' dir='ltr'><strong>sit.</strong></span> <span class='ocrx_word' id='word_1_613' title='bbox 1615 4836 1704 4890; x_wconf 89' lang='lat' dir='ltr'><strong>item:</strong></span> <span class='ocrx_word' id='word_1_614' title='bbox 1721 4833 1752 4890; x_wconf 89' lang='lat' dir='ltr'><strong>Si</strong></span> <span class='ocrx_word' id='word_1_615' title='bbox 1771 4836 1833 4906; x_wconf 83' lang='lat' dir='ltr'><strong>pais</strong></span> 
     </span>
     <span class='ocr_line' id='line_1_53' title="bbox 120 4922 1837 5006; baseline 0 -11"><span class='ocrx_word' id='word_1_616' title='bbox 120 4938 256 4995; x_wconf 88' lang='lat' dir='ltr'><strong>donariis</strong></span> <span class='ocrx_word' id='word_1_617' title='bbox 265 4938 329 4995; x_wconf 89' lang='lat' dir='ltr'><strong>suis</strong></span> <span class='ocrx_word' id='word_1_618' title='bbox 339 4937 473 4994; x_wconf 90' lang='lat' dir='ltr'><strong>redemit.</strong></span> <span class='ocrx_word' id='word_1_619' title='bbox 487 4937 538 4994; x_wconf 88' lang='lat' dir='ltr'><strong>liic</strong></span> <span class='ocrx_word' id='word_1_620' title='bbox 550 4935 696 4993; x_wconf 89' lang='lat' dir='ltr'><strong>ordinavit</strong></span> <span class='ocrx_word' id='word_1_621' title='bbox 707 4935 856 5006; x_wconf 89' lang='lat' dir='ltr'><strong>episcopos</strong></span> <span class='ocrx_word' id='word_1_622' title='bbox 866 4934 950 5006; x_wconf 82' lang='lat' dir='ltr'><strong>quin·</strong></span> <span class='ocrx_word' id='word_1_623' title='bbox 1004 4928 1114 4992; x_wconf 69' lang='lat' dir='ltr'><strong>rarus,</strong></span> <span class='ocrx_word' id='word_1_624' title='bbox 1136 4928 1286 4997; x_wconf 54' lang='lat' dir='ltr'><strong>amitiit&amp;</strong></span> <span class='ocrx_word' id='word_1_625' title='bbox 1305 4924 1349 4979; x_wconf 65' lang='lat' dir='ltr'><strong>vil</strong></span> <span class='ocrx_word' id='word_1_626' title='bbox 1363 4925 1545 4978; x_wconf 58' lang='lat' dir='ltr'><strong>inclitam</strong></span> <span class='ocrx_word' id='word_1_627' title='bbox 1569 4922 1761 4995; x_wconf 44' lang='lat' dir='ltr'><strong>&amp;simillimis</strong></span> <span class='ocrx_word' id='word_1_628' title='bbox 1785 4933 1837 4985; x_wconf 69' lang='lat' dir='ltr'><strong>“lli</strong></span> 
     </span>
     <span class='ocr_line' id='line_1_54' title="bbox 120 5010 1835 5099; baseline -0.012 -16"><span class='ocrx_word' id='word_1_629' title='bbox 120 5027 227 5098; x_wconf 90' lang='lat' dir='ltr'><strong>decim,</strong></span> <span class='ocrx_word' id='word_1_630' title='bbox 241 5027 421 5099; x_wconf 89' lang='lat' dir='ltr'><strong>presbyteros</strong></span> <span class='ocrx_word' id='word_1_631' title='bbox 436 5039 545 5094; x_wconf 83' lang='lat' dir='ltr'><strong>novem,</strong></span> <span class='ocrx_word' id='word_1_632' title='bbox 558 5025 695 5083; x_wconf 90' lang='lat' dir='ltr'><strong>diaconos</strong></span> <span class='ocrx_word' id='word_1_633' title='bbox 709 5024 792 5082; x_wconf 91' lang='lat' dir='ltr'><strong>duos.</strong></span> <span class='ocrx_word' id='word_1_634' title='bbox 1002 5018 1179 5090; x_wconf 73' lang='lat' dir='ltr'><strong>phylacteriis</strong></span> <span class='ocrx_word' id='word_1_635' title='bbox 1196 5029 1264 5070; x_wconf 84' lang='lat' dir='ltr'><strong>usus</strong></span> <span class='ocrx_word' id='word_1_636' title='bbox 1277 5015 1374 5085; x_wconf 65' lang='lat' dir='ltr'><strong>tuest,</strong></span> <span class='ocrx_word' id='word_1_637' title='bbox 1389 5012 1535 5067; x_wconf 84' lang='lat' dir='ltr'><strong>anathema</strong></span> <span class='ocrx_word' id='word_1_638' title='bbox 1553 5014 1599 5068; x_wconf 87' lang='lat' dir='ltr'><strong>sit.</strong></span> <span class='ocrx_word' id='word_1_639' title='bbox 1615 5013 1668 5070; x_wconf 90' lang='lat' dir='ltr'><strong>liic</strong></span> <span class='ocrx_word' id='word_1_640' title='bbox 1686 5010 1835 5070; x_wconf 83' lang='lat' dir='ltr'><strong>ordinavit</strong></span> 
     </span>
     <span class='ocr_line' id='line_1_55' title="bbox 304 5097 1832 5178; baseline -0.014 -5"><span class='ocrx_word' id='word_1_641' title='bbox 304 5117 481 5173; x_wconf 82' lang='lat' dir='ltr'><strong>LxXXlllll.</strong></span> <span class='ocrx_word' id='word_1_642' title='bbox 501 5146 533 5156; x_wconf 90' lang='lat'>-</span> <span class='ocrx_word' id='word_1_643' title='bbox 552 5113 704 5171; x_wconf 78' lang='lat' dir='ltr'>JOANNES</span> <span class='ocrx_word' id='word_1_644' title='bbox 717 5115 774 5171; x_wconf 86' lang='lat' dir='ltr'><strong>vll.</strong></span> <span class='ocrx_word' id='word_1_645' title='bbox 1004 5105 1154 5178; x_wconf 89' lang='lat' dir='ltr'><strong>episcopos</strong></span> <span class='ocrx_word' id='word_1_646' title='bbox 1168 5107 1282 5160; x_wconf 92' lang='lat' dir='ltr'><strong>centum</strong></span> <span class='ocrx_word' id='word_1_647' title='bbox 1298 5101 1520 5174; x_wconf 82' lang='lat' dir='ltr'><strong>quinquaginta,</strong></span> <span class='ocrx_word' id='word_1_648' title='bbox 1534 5102 1714 5174; x_wconf 79' lang='lat' dir='ltr'><strong>presbyteros</strong></span> <span class='ocrx_word' id='word_1_649' title='bbox 1728 5097 1832 5171; x_wconf 83' lang='lat' dir='ltr'><strong>viginti</strong></span> 
     </span>
     <span class='ocr_line' id='line_1_56' title="bbox 399 5191 1832 5278; baseline -0.015 -17"><span class='ocrx_word' id='word_1_650' title='bbox 399 5203 491 5278; x_wconf 80' lang='lat' dir='ltr'><strong>(Anno</strong></span> <span class='ocrx_word' id='word_1_651' title='bbox 504 5200 687 5278; x_wconf 76' lang='lat' dir='ltr'><strong>Christildb.)</strong></span> <span class='ocrx_word' id='word_1_652' title='bbox 1007 5197 1146 5270; x_wconf 86' lang='lat' dir='ltr'><strong>quinque,</strong></span> <span class='ocrx_word' id='word_1_653' title='bbox 1167 5194 1306 5251; x_wconf 90' lang='lat' dir='ltr'><strong>diaconos</strong></span> <span class='ocrx_word' id='word_1_654' title='bbox 1325 5196 1458 5264; x_wconf 84' lang='lat' dir='ltr'><strong>quatuor.</strong></span> <span class='ocrx_word' id='word_1_655' title='bbox 1478 5191 1533 5262; x_wconf 90' lang='lat' dir='ltr'><strong>Qui</strong></span> <span class='ocrx_word' id='word_1_656' title='bbox 1553 5191 1708 5251; x_wconf 76' lang='lat' dir='ltr'><strong>defunctus</strong></span> <span class='ocrx_word' id='word_1_657' title='bbox 1729 5191 1773 5244; x_wconf 92' lang='lat' dir='ltr'><strong>est</strong></span> <span class='ocrx_word' id='word_1_658' title='bbox 1799 5198 1832 5241; x_wconf 94' lang='grc' dir='ltr'><strong>ιιι</strong></span> 
     </span>
     <span class='ocr_line' id='line_1_57' title="bbox 159 5284 1226 5368; baseline -0.003 -16"><span class='ocrx_word' id='word_1_659' title='bbox 159 5296 293 5368; x_wconf 88' lang='lat' dir='ltr'><strong>ioannes,</strong></span> <span class='ocrx_word' id='word_1_660' title='bbox 310 5295 426 5353; x_wconf 88' lang='lat' dir='ltr'><strong>natione</strong></span> <span class='ocrx_word' id='word_1_661' title='bbox 440 5295 566 5367; x_wconf 83' lang='lat' dir='ltr'><strong>Graesus,</strong></span> <span class='ocrx_word' id='word_1_662' title='bbox 588 5295 624 5352; x_wconf 91' lang='lat' dir='ltr'><strong>de</strong></span> <span class='ocrx_word' id='word_1_663' title='bbox 638 5298 718 5366; x_wconf 88' lang='lat' dir='ltr'><strong>patre</strong></span> <span class='ocrx_word' id='word_1_664' title='bbox 737 5293 861 5366; x_wconf 88' lang='lat' dir='ltr'><strong>Platone,</strong></span> <span class='ocrx_word' id='word_1_665' title='bbox 879 5295 954 5353; x_wconf 91' lang='lat' dir='ltr'><strong>sedit</strong></span> <span class='ocrx_word' id='word_1_666' title='bbox 1007 5286 1076 5344; x_wconf 89' lang='lat' dir='ltr'><strong>ldus</strong></span> <span class='ocrx_word' id='word_1_667' title='bbox 1093 5284 1226 5343; x_wconf 73' lang='lat' dir='ltr'><strong>Februar-</strong></span> 
     </span>
     <span class='ocr_line' id='line_1_58' title="bbox 122 5369 1637 5456; baseline -0.003 -13"><span class='ocrx_word' id='word_1_668' title='bbox 122 5398 216 5443; x_wconf 88' lang='lat' dir='ltr'><strong>annos</strong></span> <span class='ocrx_word' id='word_1_669' title='bbox 241 5384 327 5456; x_wconf 90' lang='lat' dir='ltr'><strong>duos,</strong></span> <span class='ocrx_word' id='word_1_670' title='bbox 359 5398 470 5444; x_wconf 87' lang='lat' dir='ltr'><strong>menses</strong></span> <span class='ocrx_word' id='word_1_671' title='bbox 490 5397 550 5454; x_wconf 84' lang='lat' dir='ltr'><strong>sen,</strong></span> <span class='ocrx_word' id='word_1_672' title='bbox 582 5383 645 5442; x_wconf 89' lang='lat' dir='ltr'><strong>dies</strong></span> <span class='ocrx_word' id='word_1_673' title='bbox 667 5383 877 5454; x_wconf 89' lang='lat' dir='ltr'><strong>septemdecim.</strong></span> <span class='ocrx_word' id='word_1_674' title='bbox 902 5384 955 5441; x_wconf 89' lang='lat' dir='ltr'><strong>llic</strong></span> <span class='ocrx_word' id='word_1_675' title='bbox 1199 5369 1637 5431; x_wconf 69' lang='lat' dir='ltr'><strong>XCll·-S·Gflffi0fl¹USl¹¹·</strong></span> 
     </span>
    </p>
   </div>
   <div class='ocr_carea' id='block_1_5' title="bbox 123 5455 1827 5628">
    <p class='ocr_par' dir='ltr' id='par_1_5' title="bbox 123 5455 1827 5628">
     <span class='ocr_line' id='line_1_59' title="bbox 123 5455 1571 5548; baseline -0.003 -14"><span class='ocrx_word' id='word_1_676' title='bbox 123 5473 275 5534; x_wconf 84' lang='lat' dir='ltr'><strong>ordinarit</strong></span> <span class='ocrx_word' id='word_1_677' title='bbox 288 5473 439 5546; x_wconf 90' lang='lat' dir='ltr'><strong>episcopos</strong></span> <span class='ocrx_word' id='word_1_678' title='bbox 448 5474 640 5548; x_wconf 84' lang='lat' dir='ltr'><strong>undeviginti.</strong></span> <span class='ocrx_word' id='word_1_679' title='bbox 657 5472 793 5543; x_wconf 89' lang='lat' dir='ltr'><strong>Sepultus</strong></span> <span class='ocrx_word' id='word_1_680' title='bbox 806 5475 954 5530; x_wconf 81' lang='lat' dir='ltr'><strong>astantem</strong></span> <span class='ocrx_word' id='word_1_681' title='bbox 1272 5461 1363 5533; x_wconf 66' lang='lat' dir='ltr'><strong>(Annii</strong></span> <span class='ocrx_word' id='word_1_682' title='bbox 1382 5462 1485 5519; x_wconf 78' lang='lat' dir='ltr'><strong>christi</strong></span> <span class='ocrx_word' id='word_1_683' title='bbox 1496 5455 1571 5529; x_wconf 77' lang='lat'><strong>73⁴·)</strong></span> 
     </span>
     <span class='ocr_line' id='line_1_60' title="bbox 125 5541 1827 5628; baseline -0.014 -5"><span class='ocrx_word' id='word_1_684' title='bbox 125 5578 164 5623; x_wconf 77' lang='grc' dir='ltr'><strong>ιι</strong></span> <span class='ocrx_word' id='word_1_685' title='bbox 179 5563 301 5624; x_wconf 89' lang='lat' dir='ltr'><strong>Xalend.</strong></span> <span class='ocrx_word' id='word_1_686' title='bbox 322 5561 471 5621; x_wconf 83' lang='lat' dir='ltr'><strong>Noremhr.</strong></span> <span class='ocrx_word' id='word_1_687' title='bbox 1039 5555 1207 5628; x_wconf 84' lang='lat' dir='ltr'><strong>Gregorius,</strong></span> <span class='ocrx_word' id='word_1_688' title='bbox 1228 5553 1344 5611; x_wconf 89' lang='lat' dir='ltr'><strong>natione</strong></span> <span class='ocrx_word' id='word_1_689' title='bbox 1356 5552 1455 5624; x_wconf 80' lang='lat' dir='ltr'><strong>Syrus,</strong></span> <span class='ocrx_word' id='word_1_690' title='bbox 1474 5561 1509 5604; x_wconf 81' lang='lat' dir='ltr'><strong>ex</strong></span> <span class='ocrx_word' id='word_1_691' title='bbox 1532 5547 1610 5616; x_wconf 87' lang='lat' dir='ltr'><strong>patre</strong></span> <span class='ocrx_word' id='word_1_692' title='bbox 1627 5542 1743 5614; x_wconf 87' lang='lat' dir='ltr'><strong>ioanne,</strong></span> <span class='ocrx_word' id='word_1_693' title='bbox 1766 5541 1827 5600; x_wconf 90' lang='lat' dir='ltr'><strong>sedi</strong></span> 
     </span>
    </p>
   </div>
   <div class='ocr_carea' id='block_1_6' title="bbox 0 0 1959 6084">
    <p class='ocr_par' dir='ltr' id='par_1_6' title="bbox 0 0 1959 6084">
     <span class='ocr_line' id='line_1_61' title="bbox 0 0 1959 6084; baseline 0 0"><span class='ocrx_word' id='word_1_694' title='bbox 0 0 1959 6084; x_wconf 95' lang='lat' dir='ltr'><strong> </strong></span> 
     </span>
    </p>
   </div>
  </div>
 </body>
</html>
