3876 6090
115 259 186 321 1355

548 255 693 309 APPEND.
715 252 761 307 Ab
781 252 861 307 SAEC.
885 251 934 305 tx.
952 278 987 289 -

1009 247 1188 304 AUCTORES
1208 247 1378 303 Anoni'tii.
1758 241 1819 302 iste

112 385 172 442 lius
188 402 195 439 ι
212 383 294 440 15515
307 385 369 450 nine
383 382 498 435 bacino.
518 381 647 450 sumpsit
660 386 754 436 autern
771 391 872 434 nomen
890 389 938 446 551
950 373 1138 453 Α11555151,
1153 374 1304 445 quandoet
1315 373 1439 429 molesiae
1449 378 1518 428 suut
1527 371 1731 443 purgationes.
1742 366 1820 424 canis

112 472 318 530 derivationem
334 468 434 525 555115
449 468 522 539 1555,
539 483 571 525 55
587 469 661 540 quod
677 469 713 523 ab
727 481 760 523 eo
776 466 870 522 lumen
887 479 938 520 ac-

113 560 216 631 cipiat,
246 564 392 627 acceptum
423 558 529 614 reddat.
557 557 651 613 stella
674 557 759 611 dieta
783 569 798 610 5
825 554 937 623 5151115,

115 648 185 719 quia
200 647 256 703 ilua
276 652 353 701 stant
372 659 483 715 555551
503 646 532 700 15
552 645 624 701 coelo
640 663 648 714 i
663 658 712 699 nec
733 642 839 699 cadunt
853 659 860 710 3
875 654 938 696 narn

115 735 191 806 quod
212 734 342 792 videmus
356 749 371 790 e
385 735 457 791 coelo
477 733 574 789 stellas
594 732 663 801 labi,
681 746 735 788 non
752 735 819 787 sunt
839 729 938 798 stella,

115 824 164 880 sed
176 822 299 895 igniculi
310 836 373 878 aere
387 822 471 892 lapsi,
484 820 533 893 qui
546 821 628 890 fiunt,
642 820 711 876 dum
723 825 824 875 ventus
836 818 941 873 5111515

116 918 216 984 petens
227 911 380 967 aethereum
393 911 486 983 ignem
497 923 592 966 secum
606 910 705 978 trahit,
721 909 769 979 qui
783 914 875 964 tractu
889 920 941 962 suo

117 999 250 1057 imitatur
270 999 370 1055 stellas
390 1000 532 1055 cadentes.
558 999 627 1052 Nam
652 996 742 1053 stellae
763 996 862 1052 cadere
884 1009 940 1051 non

118 1093 248 1160 possunt,
266 1086 484 1157 immobilesque
500 1086 725 1156 515151151515,
742 1088 820 1155 5551,
836 1090 940 1139 51555

117 1176 190 1234 eoelo
214 1174 277 1231 fixae
301 1173 442 1230 feruntur.
464 1173 565 1230 sidera
586 1173 674 1242 dicta,
701 1173 775 1244 quod
800 1185 833 1228 55
857 1171 942 1227 5511-

119 1267 219 1336 gantos
249 1262 458 1318 considerando
492 1261 625 1333 dirigunt
654 1261 689 1316 ad
722 1273 838 1315 cursum
869 1271 943 1314 con-

118 1349 231 1421 silium,
256 1363 290 1405 55
315 1347 466 1404 fallacibus
493 1349 590 1419 undis,
617 1355 668 1404 aut
692 1347 784 1403 ventis
807 1347 865 1402 5115
888 1346 943 1401 15-

117 1438 272 1496 ducantur.
302 1436 436 1507 Quaedam
467 1441 560 1493 autem
597 1435 686 1492 stellae
718 1435 826 1491 ideirco
861 1433 942 1506 signa

119 1527 269 1595 dicuntur,
303 1525 372 1596 qnia
402 1537 435 1580 55
470 1530 563 1580 555155
596 1523 747 1579 observant
776 1523 804 1578 in
836 1522 944 1595 guber-

118 1614 225 1671 nandis
243 1612 383 1685 remigiis,
399 1611 624 1683 contemplantes
637 1612 727 1667 aciem
747 1610 944 1683 fulgoremque

992 469 1087 519 autom
1115 467 1243 532 vocatur,
1278 467 1426 532 propterea
1461 461 1536 530 quod
1568 471 1693 530 corpora
1727 456 1817 512 morbo

993 549 1107 620 afficiat,
1122 551 1182 606 sive
1197 556 1313 621 propter
1324 552 1443 606 155155
1458 548 1627 618 candorem,
1645 560 1710 617 quar
1723 545 1821 614 hujus·

995 640 1071 695 modi
1082 640 1132 710 sit,
1147 645 1178 695 51
1191 654 1249 710 prae
1260 640 1373 695 cacteris
1387 639 1480 695 155515
1495 638 1642 694 videatur.
1660 638 1761 705 ltaque
1773 649 1820 705 qno

995 728 1088 800 magis
1112 741 1172 783 eam
1199 733 1413 799 cognoscerent,
1442 727 1525 798 syrio
1549 724 1749 796 appellarunt.
1773 723 1822 778 Co-

996 821 1085 872 metes
1098 816 1181 873 stella
1196 822 1239 871 est
1252 817 1340 886 11515,
1357 830 1389 872 55
1405 815 1480 886 quod
1496 828 1595 871 comas
1612 812 1739 868 luminis
1752 824 1784 866 ex
1796 826 1820 866 se

996 901 1108 976 fundat,
1125 906 1200 976 quod
1217 918 1307 976 genus
1327 905 1434 960 sideris
1450 904 1565 974 qnando
1580 901 1764 972 apparuerit,
1779 906 1821 955 aut

997 992 1199 1063 pestilentiam,
1213 1000 1264 1050 aut
1277 992 1361 1062 bella,
1375 998 1425 1048 aut
1438 991 1538 1047 famem
1554 989 1718 1062 significat.
1730 988 1821 1044 Come·

995 1091 1038 1140 tes
1047 1086 1141 1137 autern
1154 1082 1252 1137 Latine
1264 1081 1390 1137 crinitas
1400 1080 1574 1151 appellatur,
1586 1079 1660 1149 quia
1673 1076 1820 1133 immodum

996 1170 1120 1225 crinium
1138 1170 1265 1225 flammas
1280 1171 1401 1240 spargit,
1416 1157 1521 1239 easque
1537 1168 1630 1223 stoici
1650 1166 1757 1222 dicunt
1769 1179 1822 1221 esse

998 1257 1074 1313 ultra
1091 1256 1222 1329 triginta,
1246 1272 1369 1329 quornm
1392 1258 1506 1312 nomina
1524 1261 1550 1312 51
1569 1255 1695 1311 effectus
1714 1254 1822 1325 quidam

996 1347 1141 1419 Astrologi
1156 1348 1344 1417 seripserunt.
1360 1345 1472 1404 Lucifer
1486 1347 1597 1415 dietus,
1611 1359 1645 1401 eo
1661 1342 1740 1414 quod
1757 1343 1823 1398 inter

997 1435 1094 1492 omnia
1112 1435 1208 1492 511515
1228 1436 1293 1506 5155
1314 1436 1390 1492 15515
1409 1435 1490 1492 15151.
1514 1437 1563 1490 Est
1580 1440 1682 1490 antem
1703 1446 1777 1488 unns
1793 1446 1823 1488 51

999 1524 1132 1604 11555115.
1148 1525 1199 1580 iiic
1213 1525 1367 1595 515511551
1376 1524 1463 1595 y'uhar
1474 1523 1599 1591 1151151,
1611 1535 1646 1579 55
1658 1521 1736 1592 quod
1747 1520 1824 1591 J'ubas

998 1611 1074 1668 lucis
1095 1613 1235 1669 ostendat.
1256 1613 1308 1669 sed
1330 1619 1359 1668 et
1377 1612 1513 1682 splendor
1531 1610 1620 1679 Solis,
1641 1615 1673 1664 et
1690 1610 1784 1679 Luna,
1799 1614 1825 1664 51

107 1692 229 1773 eornm,
242 1700 349 1772 quibus
361 1699 445 1755 rebus
456 1705 548 1756 status
560 1700 625 1756 ooeli
640 1699 756 1756 futurus
769 1699 940 1756 ostenditur.
958 1720 984 1782 B
1000 1700 1147 1757 stellarum
1160 1702 1248 1771 jubar
1260 1702 1380 1771 dicitur,
1395 1701 1469 1771 quod
1485 1701 1515 1756 in
1530 1700 1649 1757 modum
1664 1698 1743 1768 juba
1755 1697 1823 1753 radii

118 1789 172 1846 Sed
185 1793 322 1845 51515555
337 1789 468 1844 homines
482 1801 515 1844 ea
529 1789 683 1845 intendunt
697 1789 731 1844 ad
749 1787 944 1858 praevidendas

120 1879 197 1934 aeris
220 1876 374 1949 qualitates
396 1891 446 1947 per
466 1880 604 1948 estatem,
629 1882 657 1932 et
680 1877 817 1948 hyemem,
841 1890 945 1932 verna·

120 1965 233 2037 lemque
247 1967 423 2036 temperiem.
438 1964 510 2022 0115
525 1966 601 2021 enim
617 1965 659 2021 151
674 1980 775 2022 occasu
791 1979 843 2022 suo
857 1966 945 2022 certis

119 2053 463 2125 stationibustemporum
479 2054 633 2125 qualitates
647 2054 824 2126 significant.
839 2053 946 2126 signo·

119 2157 184 2200 rum
198 2143 310 2213 primus
324 2143 441 2210 Arcton,
458 2143 509 2213 qui
526 2142 555 2198 in
569 2156 620 2198 axe
636 2144 709 2199 1155
723 2142 943 2212 septentrionali

120 2231 153 2288 in
170 2245 200 2288 55
220 2231 368 2288 revolutus
385 2236 506 2288 rotatur.
528 2233 635 2288 Nomen
655 2237 698 2288 551
711 2232 852 2300 Graecum,
869 2231 943 2300 quod

120 2320 221 2377 Latine
236 2321 347 2378 dicitur
365 2321 446 2391 Ursa,
466 2335 529 2392 quae
549 2321 617 2393 quia
638 2321 667 2377 in
684 2323 799 2378 modum
822 2320 943 2390 plaustri

120 2409 255 2481 vertitur,
270 2409 361 2465 nostri
374 2421 435 2465 earn
451 2409 686 2479 septemtrionem
698 2410 845 2465 dixerunt.
860 2409 946 2464 Trio-

121 2510 172 2556 nes
183 2498 260 2554 enim
277 2498 391 2568 proprie
406 2502 474 2554 sunt
485 2497 570 2553 boves
584 2498 703 2554 aratorii
721 2498 804 2570 dicti,
820 2511 853 2554 eo
869 2496 943 2569 quod

120 2589 226 2642 terram
245 2590 347 2655 terant,
369 2587 451 2657 quasi
475 2587 607 2643 teriones.
628 2587 851 2657 septemtriones
868 2587 944 2642 enim

121 2687 180 2731 non
197 2674 328 2731 occidere
346 2674 410 2729 axis
428 2673 564 2729 vicinitas
584 2672 664 2733 15511.
683 2675 752 2744 quia
771 2676 800 2729 in
818 2689 851 2729 55
865 2681 943 2730 5551.

119 2762 308 2833 Arctopbilau
335 2762 443 2831 115155,
477 2761 659 2816 1151551155
688 2762 802 2817 55111551
827 2776 944 2818 551555

122 2850 257 2920 sequitur
282 2848 423 2916 eumdem,
449 2853 477 2902 51
502 2849 616 2905 11551515
642 2848 790 2919 dixerunt,
815 2852 944 2921 eoquod

122 2936 252 3008 plaustro
279 2935 375 3006 haret,
402 2937 496 2989 5151115
521 2938 631 3004 siphum
658 2939 823 3007 enpectubilc
848 2939 944 2993 stellis.

1000 1789 1128 1859 ipsorum
1149 1791 1348 1847 extendantur.
1367 1793 1507 1862 vesperus
1521 1789 1607 1846 stella
1622 1785 1824 1855 Occidentalis,

1000 1893 1084 1949 qnam
1108 1879 1338 1951 55555151551515
1361 1873 1549 1949 perhibente
1572 1879 1702 1947 Vespero
1721 1876 1825 1946 Spania

999 1968 1082 2038 11555.
1099 1968 1151 2022 Ε51
1164 1972 1303 2023 autemst
1319 1967 1381 2036 ipsa
1396 1980 1429 2022 51
1445 1964 1692 2037 55155555151115
1707 1963 1826 2035 planetis

1000 2060 1109 2110 noctem
1132 2056 1250 2124 ducens,
1275 2058 1303 2110 51
1323 2054 1415 2110 Solem
1439 2066 1573 2124 sequens.
1594 2054 1703 2109 Fertur
1724 2057 1824 2121 autem,

1001 2143 1074 2213 quod
1092 2143 1150 2198 heco
1163 2143 1245 2199 stella
1259 2143 1362 2199 Oriens
1376 2141 1550 2210 Luciferum,
1567 2141 1714 2197 Occidens
1726 2141 1828 2209 15555-

1000 2245 1063 2285 rum
1085 2229 1163 2287 facit.
1187 2233 1225 2286 115
1246 2245 1302 2302 qua
1324 2231 1434 2287 Statius
1452 2249 1459 2284 ι
1478 2232 1513 2286 nt
1535 2231 1646 2285 5115155
1669 2229 1828 2299 dependitur

999 2335 1071 2373 5555
1090 2323 1119 2374 in
1139 2326 1209 2375 ortu.
1232 2321 1353 2376 1155515
1367 2319 1457 2376 stella
1472 2325 1541 2376 sunt
1559 2319 1624 2375 fixae
1648 2319 1680 2374 in
1701 2318 1784 2388 eoelo,
1799 2325 1828 2373 nt
1859 2370 1863 2380 ,

1001 2407 1129 2480 reliquae,
1145 2410 1191 2464 551
1210 2407 1473 2464 15551515155151.
1491 2407 1697 2463 [1151555155
1714 2406 1829 2478 planete

1000 2506 1053 2564 apo
1069 2502 1098 2551 to
1117 2497 1226 2567 515555,
1249 2497 1336 2552 11551
1354 2496 1390 2552 ab
1407 2510 1504 2552 errore
1519 2513 1527 2565 3
1544 2509 1610 2551 nam
1637 2495 1784 2551 interdum
1801 2494 1827 2548 in

1004 2587 1147 2655 Austrum,
1170 2585 1315 2641 interdum
1339 2585 1368 2640 in
1389 2584 1640 2655 septemtrionem,
1664 2583 1830 2654 plerumque

1000 2679 1099 2730 eontra
1118 2674 1267 2744 lilundurn,
1284 2687 1339 2729 non
1356 2687 1502 2744 nunquam
1521 2685 1587 2729 cum
1604 2672 1719 2728 115515
1733 2670 1830 2727 ferun-

1001 2768 1057 2818 tur.
1079 2762 1204 2831 Quarum
1227 2762 1342 2817 nomina
1361 2764 1456 2818 Graeca
1478 2765 1555 2818 sunt.
1577 2759 1721 2832 Phaeton,
1744 2759 1830 2814 11155-

1001 2856 1090 2919 15515,
1121 2850 1264 2921 Phyriona
1294 2864 1437 2920 asperum,
1463 2849 1601 2920 stelbom.
1630 2851 1688 2904 llas
1714 2849 1829 2904 Romani

1002 2938 1169 2995 nominibus
1190 2941 1308 2996 deorum
1328 2953 1457 3010 suorum,
1478 2938 1507 2994 id
1528 2944 1574 2994 est
1591 2938 1685 3007 15115,
1707 2937 1830 3004 saturni,

120 3026 199 3081 15151
218 3037 290 3094 quas
312 3023 454 3079 Arcturus
475 3029 527 3078 551.
550 3025 691 3080 Arcturus
715 3024 797 3082 sidus
815 3032 858 3082 est
883 3033 947 3097 post
965 3029 1110 3110 Gilartis,
1134 3026 1261 3098 Veneris,
1284 3036 1372 3099 atquo
1392 3027 1528 3083 ilercurii
1551 3032 1747 3082 sacraverunt
1762 3044 1770 3094 ς
1784 3026 1832 3081 15-

121 3113 240 3170 caudam
255 3112 372 3183 majoris
386 3114 463 3168 Ursa
474 3113 600 3183 positum
613 3114 642 3168 in
657 3115 739 3186 signo
752 3116 858 3184 Bootis,
873 3118 947 3173 unde

120 3203 261 3259 Arcturus
277 3201 397 3270 dicitur,
420 3202 509 3272 ᾅρκτου
523 3199 594 3272 οὐρὰ,
616 3203 684 3273 qnia
706 3205 948 3276 1155115515551-

120 3291 413 3348 11155551555155551.
424 3291 944 3364 OritnrautemAniumnalitempore.

120 3381 211 3439 Orion
225 3382 362 3437 Austrum
377 3385 442 3435 ante
455 3381 541 3436 Tauri
558 3381 679 3453 vestigia
696 3381 795 3454 fulget,
809 3390 837 3439 51
851 3384 948 3441 115155

31 3485 32 3488 ’
121 3469 211 3526 111155
222 3468 258 3524 ab
269 3468 364 3538 urina,
377 3468 949 3541 11551511155515115555555155555·

122 3557 286 3629 55155515
311 3556 421 3627 hyemis
438 3562 520 3612 ortus
541 3570 627 3627 mare,
647 3563 780 3615 51151155
799 3561 894 3630 aquis,
916 3574 949 3616 55

123 3643 343 3716 tempestatibus
358 3645 464 3700 turbat.
487 3646 566 3700 11555
581 3645 673 3701 151151
690 3646 821 3716 15551151
838 3654 948 3719 vocant,

126 3734 201 3804 qnod
215 3732 255 3787 sit
268 3738 405 3801 armatus,
421 3737 453 3787 ut
465 3731 590 3803 gladius,
606 3733 794 3789 515151151515
812 3734 875 3791 luce
889 3742 951 3792 ter-

125 3820 226 3876 ribilis
240 3824 326 3889 atque
340 3819 532 3875 clarissimus.
549 3819 609 3887 Quo
624 3819 751 3891 fulgente
765 3823 952 3879 5155155515-

124 3910 203 3967 nitas
218 3906 342 3977 tollitur,
356 3921 388 3961 ac
404 3906 583 3978 obscuratur,
600 3908 953 3982 51155155151551555155

128 3996 269 4053 cernitur.
292 3995 401 4064 llyadcs
415 3993 499 4048 dicta
518 3993 554 4049 ab
573 3996 661 4065 llyan,
682 3996 710 4052 id
726 4002 770 4052 ost
783 4013 799 4054 a
812 4014 907 4069 succo,
923 4005 952 4056 et

127 4084 247 4155 pluviis,
269 4095 333 4138 nam
354 4082 458 4151 pluviae
475 4082 571 4153 hyetos
590 4084 737 4141 dicuntur.
760 4087 831 4143 Ortn
847 4090 953 4160 quippe

128 4186 182 4230 suo
200 4169 329 4227 efficiunt
352 4170 473 4242 pluvias,
494 4173 680 4230 undeciens
702 4176 795 4231 Latini
821 4179 953 4235 succulas

129 4259 355 4332 appellaverunt,
378 4260 445 4330 quia
463 4262 577 4331 quando
600 4268 767 4335 nascuntur,
790 4266 953 4335 pluviarum

130 4351 213 4422 signa
235 4354 402 4405 nascuntur.
425 4351 463 4405 115
485 4350 592 4420 quibus
613 4352 775 4424 Virgilius:
792 4355 952 4419 Arcturum,

127 4440 294 4510 pluviasque
317 4438 441 4506 11551155.
464 4438 536 4494 sunt
557 4445 652 4496 autem
677 4448 781 4511 septem
807 4444 836 4498 in
862 4443 954 4501 fronte

131 4529 229 4599 Tauri,
246 4534 274 4582 et
288 4527 425 4583 oriuntur
440 4534 565 4598 tempore
578 4530 698 4585 vernali.
716 4531 843 4588 11511155
858 4547 872 4588 5
887 4535 956 4605 515-

132 4616 955 4692 1511151511515,5515515111151551111551515·15115155

134 4704 288 4772 appellant.
310 4706 383 4760 sunt
405 4705 609 4760 551555151115
631 4713 736 4777 septem
756 4712 954 4781 5515155555

135 4791 232 4859 Tauri,
251 4805 284 4845 51
304 4793 411 4862 quihus
428 4808 475 4848 seu
490 4793 632 4853 11155151.
651 4811 713 4851 narn
732 4797 800 4853 15151
815 4814 880 4855 5115.
903 4803 958 4857 1155

114 4926 117 4932 .
137 4880 242 4947 latini,
256 4880 586 4952 l'irgiliusqucdicunta
601 4887 720 4954 15155511
735 4887 955 4961 significatione,

138 4967 959 5050 5551551151,5555155151155151.Ν5515555555551115.

137 5072 221 5129 15551,
240 5062 305 5112 5115
323 5064 446 5115 aestatem
466 5062 574 5133 511155,
594 5064 750 5135 primaque
766 5068 959 5139 navigationis

135 5157 249 5219 tempus
271 5145 435 5200 ostendunt.
450 5148 586 5206 ceruicula
608 5153 724 5208 aestuale
744 5154 959 5226 5115555551

135 5232 956 5308 Syrinsdioftur.AEslivismensihnsinmodioccntricoeli

135 5315 955 5407 est,ctdnmsoiadearnasconderit,conjunctacnnsoie,

136 5413 301 5486 duplicatur
316 5410 394 5469 calor
410 5410 513 5483 ipsius,
530 5417 557 5467 51
571 5413 770 5475 dissolvuntur
784 5434 913 5495 corpora,
930 5430 959 5482 51

134 5503 317 5580 vaporantur.
341 5497 429 5574 11115,
452 5503 480 5558 51
503 5497 557 5572 1551
582 5497 671 5559 stella
692 5505 755 5562 dies
775 5509 957 5569 caniculares

1002 3117 1077 3185 55511
1098 3115 1185 3183 5515,
1208 3122 1235 3170 51
1255 3116 1386 3185 decipere
1405 3116 1532 3172 15155155
1555 3115 1587 3171 15
1609 3128 1714 3171 551551
1734 3114 1832 3171 adula-

1003 3205 1090 3270 tione,
1105 3205 1155 3275 qui
1170 3204 1227 3275 sibi
1239 3204 1349 3274 aliquid
1365 3205 1521 3260 secundnm
1534 3218 1666 3260 amorem
1680 3204 1833 3275 praestitis·

1003 3299 1075 3363 sent,
1099 3293 1193 3348 sidera
1215 3292 1406 3348 adtendebant
1427 3293 1456 3348 in
1479 3293 1551 3348 cmlo
1570 3293 1710 3349 dicentes
1731 3311 1738 3346 :
1759 3290 1829 3362 Quod

1001 3381 1079 3438 lovis
1090 3385 1164 3436 55551
1178 3380 1249 3436 11151
1264 3381 1356 3452 sidus,
1371 3386 1399 3436 51
1412 3381 1484 3437 11151
1496 3382 1650 3450 115155111,
1663 3387 1694 3437 51
1705 3388 1831 3450 concepta

1003 3476 1046 3526 est
1060 3470 1159 3540 551515
1171 3470 1319 3525 vanitatis.
1332 3471 1408 3525 lianc
1422 3470 1588 3539 opinionem
1604 3470 1721 3526 erroris
1733 3469 1831 3524 Diabo-

1004 3559 1051 3615 lus
1065 3558 1255 3628 confirmavit,
1270 3559 1404 3615 Christus
1415 3559 1526 3615 5151111.
1543 3560 1606 3614 lam
1617 3572 1688 3615 1515
1703 3559 1766 3630 1115,
1777 3570 1830 3628 555

1004 3647 1040 3704 ab
1054 3648 1126 3718 ipsis
1138 3647 1304 3704 Gentilibus
1316 3649 1397 3719 signa
1411 3649 1560 3719 dicuntur,
1574 3649 1606 3703 in
1621 3648 1737 3718 quibus
1745 3655 1773 3704 et
1781 3647 1831 3702 ani

1006 3737 1146 3793 muntium
1163 3737 1256 3808 imago
1274 3737 1309 3792 de
1331 3737 1425 3794 stellis
1444 3736 1599 3807 formatur,
1621 3744 1654 3792 nt
1672 3737 1792 3804 Arcton,
1805 3741 1832 3791 51

1006 3825 1097 3892 Aries,
1122 3826 1245 3896 Taurus,
1272 3825 1368 3897 bibra,
1390 3832 1418 3881 et
1443 3826 1613 3896 hujusmodi
1639 3826 1713 3895 alia,
1738 3826 1767 3881 hi
1789 3823 1830 3895 qui

1007 3914 1102 3970 sidera
1123 3913 1318 3984 perviderunt,
1339 3915 1369 3970 in
1392 3928 1542 3971 numerum
1565 3913 1725 3970 stellarum
1749 3913 1832 3985 specie

1007 4002 1137 4072 corporis
1158 4002 1360 4072 superstitiosa
1383 4003 1508 4059 vanitate
1532 4004 1657 4073 permoti
1685 4004 1832 4070 finxerunt,

1007 4094 1190 4148 5151555515
1205 4092 1376 4163 quibusdam
1391 4093 1510 4150 deorum
1526 4098 1693 4148 55515551
1707 4090 1835 4164 imaginis

1010 4193 1109 4236 nomen
1121 4181 1336 4237 confirmarunt.
1348 4183 1417 4237 Nam
1428 4181 1553 4237 Arietem
1565 4182 1700 4251 primum
1714 4182 1833 4253 signum,

1009 4268 1068 4336 cui,
1087 4276 1118 4324 ut
1138 4269 1239 4336 111115,
1257 4270 1355 4326 55511
1379 4270 1835 4341 1155551151551515515115-

1010 4371 1119 4412 ruouem
1135 4359 1229 4414 lovem
1247 4360 1310 4415 idco
1326 4365 1509 4416 1555151551.
1526 4361 1557 4415 15
1573 4360 1663 4428 cujus
1678 4360 1776 4430 555115
1790 4356 1833 4428 qui

1010 4446 1164 4502 simulacra
1198 4446 1309 4504 iaciunt
1334 4449 1436 4505 arietis
1465 4461 1574 4504 cornua
1607 4447 1735 4518 tignunt,
1767 4445 1834 4518 quod

1011 4536 1125 4606 5155551
1151 4538 1280 4594 Gentiles
1310 4538 1373 4594 ideo
1398 4537 1584 4619 intersigna
1612 4538 1834 4603 constituerunt,

1012 4627 1079 4697 quia
1093 4627 1120 4681 in
1133 4627 1235 4681 1111115
1246 4642 1349 4697 mense,
1362 4627 1412 4697 iqui
1422 4627 1542 4683 estanni
1556 4627 1741 4697 principium
1752 4626 1834 4682 solen

1014 4717 1042 4771 in
1063 4730 1230 4771 55551555
1255 4730 1339 4771 sunm
1359 4730 1441 4788 agore
1460 4716 1573 4771 dicunt.
1594 4716 1648 4770 sed
1670 4721 1701 4771 et
1718 4717 1835 4771 Taurum

1014 4805 1088 4860 inter
1103 4806 1196 4861 sidera
1216 4806 1365 4862 conlocant
1379 4812 1408 4861 et
1427 4807 1520 4875 ipsum
1541 4805 1573 4860 in
1594 4806 1736 4862 honorem
1757 4804 1834 4864 toris,

1013 4910 1045 4949 co
1066 4895 1140 4964 qnod
1165 4896 1193 4949 in
1215 4895 1311 4951 bovem
1332 4897 1372 4950 sit
1391 4895 1519 4952 fabulose
1537 4910 1710 4965 conversus,
1731 4893 1835 4966 quando

1014 4986 1155 5053 Europam
1172 4985 1338 5040 transvexit.
1359 4985 1501 5041 Castorem
1520 4999 1637 5057 quoqne
1654 4994 1684 5043 et
1702 4986 1833 5042 Pollucem

1016 5079 1079 5144 post
1100 5079 1215 5128 mortem
1238 5073 1312 5129 15151
1331 5073 1485 5130 novissima
1508 5074 1594 5146 51555
1613 5077 1833 5135 constituerunt

1014 5162 1089 5234 quod
1115 5162 1229 5232 signum
1257 5163 1393 5219 Geminos
1415 5163 1527 5220 dicuni.
1555 5163 1704 5219 Cancrum
1731 5171 1834 5234 quoquc

1014 5248 1080 5307 inde
1095 5250 1241 5313 dixerunt,
1254 5265 1286 5307 co
1301 5253 1377 5322 quod
1393 5251 1508 5309 eumad
1525 5249 1599 5307 iliud
1615 5251 1736 5324 signum
1753 5259 1835 5306 mense

1012 5338 1098 5395 15515
1113 5338 1158 5394 sol
1174 5341 1293 5409 verrent,
1310 5346 1386 5397 15115
1401 5340 1534 5412 graditur
1548 5340 1579 5396 in
1595 5342 1716 5398 modum
1731 5335 1836 5403 Cancri,

1013 5426 1213 5498 brevioresque
1227 5428 1290 5486 1155
1305 5426 1375 5486 15511
1391 5446 1399 5499 3
1416 5430 1468 5486 hoc
1482 5429 1560 5486 enlm
1577 5429 1690 5487 animal
1707 5430 1837 5488 15551155

1014 5512 1097 5571 hahet
1115 5515 1234 5586 primurn
1256 5518 1375 5590 5111515,
1397 5515 1521 5589 denique
1539 5515 1576 5575 ad
1596 5522 1754 5592 utrumqne
1775 5525 1838 5588 par·
