3876 6090
568 208 714 266 APPEND.
733 208 780 266 ab
798 208 878 266 SAEG.
898 208 947 266 IX.
963 205 1190 288 ÷=AUCTORES
1208 202 1376 263 monins.

854 550 1099 623 NARRATIO

306 721 355 784 De
377 713 539 782 Monocdo
564 709 808 776 decomomnsi
832 711 878 775 od
897 711 1095 776 canoniam
1117 709 1225 776 citone
1249 714 1283 777 et
1307 709 1461 777 leodem
1479 727 1652 778 converse.

789 845 881 908 (Apud
898 844 986 896 Baius.
1005 844 1049 896 nbi
1066 845 1164 910 supra.)

160 1129 242 1186 Sicut
256 1126 363 1184 cotidie
375 1125 473 1180 sanda
487 1120 614 1178 Ecclesia
629 1121 663 1178 ad
677 1124 781 1176 sortem
792 1119 946 1178 electorum
962 1121 992 1183 A
1003 1117 1206 1177 reconsultum
1223 1117 1317 1191 ipsius
1330 1117 1413 1176 urbis
1428 1117 1568 1190 episcopi,
1594 1115 1734 1175 videlieet
1747 1128 1825 1173 nene·

122 1222 208 1289 atque
233 1215 440 1272 beatitudinem
474 1214 616 1283 perpetua
650 1210 716 1266 nitas
747 1210 946 1281 capessendam
1002 1207 1104 1264 rabilis
1119 1207 1258 1280 lietberti,
1275 1211 1391 1280 peteret,
1417 1220 1473 1264 non
1496 1207 1592 1264 selum
1611 1219 1676 1263 suae
1701 1205 1825 1276 petitioni

121 1305 245 1363 diversis
255 1301 480 1370 evocationibus,
495 1313 551 1357 non
569 1299 662 1356 solum
677 1298 828 1369 despectus
843 1297 944 1370 seculi,
1000 1310 1147 1353 assensum
1177 1297 1310 1368 praebuit,
1340 1311 1438 1355 verum
1473 1297 1560 1353 etiam
1600 1294 1771 1354 omnimodo
1800 1294 1825 1351 id

123 1395 265 1452 sedetiam
275 1406 334 1463 ees,
343 1390 419 1463 quod
432 1392 524 1461 majus
537 1394 590 1460 est,
610 1402 683 1460 ques
698 1387 856 1445 mundialis
870 1387 946 1444 actio
999 1386 1140 1458 agendum
1155 1387 1307 1444 experiare
1321 1388 1443 1458 curarit,
1469 1391 1609 1458 reputans
1634 1386 1667 1441 in
1696 1397 1782 1456 pnere
1801 1389 1827 1442 et

124 1483 293 1555 perfloridos
308 1479 388 1552 lacit,
404 1479 555 1537 adtrahere
567 1479 703 1549 decertat,
720 1483 753 1534 ut
777 1477 843 1533 illos
857 1477 905 1533 bie
917 1480 946 1533 et
998 1475 1133 1532 Ecclesia
1157 1475 1312 1533 utilitatem
1332 1490 1384 1547 pre
1395 1489 1497 1550 genere
1519 1473 1678 1546 spectabili
1697 1471 1826 1544 prolutu-

122 1572 277 1630 diversitas
288 1571 428 1628 benorum
441 1575 556 1626 acinum
569 1568 744 1638 multiplicet
757 1569 786 1623 et
804 1566 868 1623 illic
879 1566 945 1622 dis·
999 1577 1058 1620 ram
1069 1571 1097 1621 et
1108 1565 1350 1623 immortalitatem
1360 1566 1464 1623 anima
1476 1564 1595 1622 dulcius
1613 1563 1828 1633 virendoatqne

121 1662 261 1718 similitas
276 1659 478 1716 retributionis
492 1658 577 1714 variae
596 1663 687 1729 ornet,
713 1657 753 1712 ita
771 1655 946 1713 econtrario
999 1654 1132 1711 Ecclesia
1146 1655 1280 1713 instituta
1298 1655 1450 1713 militando
1463 1661 1657 1726 recepturam.
1676 1654 1827 1711 Pradictus

123 1751 254 1820 antiquis
269 1749 361 1806 lrestis
372 1749 435 1819 pies
451 1747 645 1804 indesinenter
659 1745 808 1816 subripere
823 1758 879 1801 nen
889 1758 947 1801 ces·
1000 1742 1097 1813 itaque
1112 1746 1243 1801 sacerdos
1258 1744 1312 1802 boc
1334 1745 1477 1816 negotium
1502 1743 1668 1815 adimplere
1682 1742 1826 1808 festinans,

124 1845 177 1906 sat,
190 1844 223 1894 ut
237 1853 309 1909 qnos
323 1842 469 1894 consortes
484 1849 539 1892 nen
561 1838 653 1905 petest
665 1833 768 1890 babere
787 1833 817 1888 in
841 1833 944 1906 gloria,
1000 1831 1131 1890 adhibite
1142 1847 1236 1890 secum
1249 1833 1337 1891 fratre
1347 1848 1399 1891 sue
1415 1835 1530 1892 nomine
1537 1833 1710 1904 wanilone,
1727 1832 1827 1891 obtulit

124 1927 219 1984 saltim
235 1927 329 1983 socios
343 1939 439 1982 secum
459 1930 612 1996 cognoscat
626 1924 657 1979 in
676 1936 767 1993 poena.
788 1924 857 1978 Nam
880 1934 945 1978 cum
1000 1922 1826 1996 supradictumnepotem,cognominelligrannum,domne

125 2016 155 2072 in
179 2015 274 2072 tribes
299 2013 462 2084 ordinibus,
488 2013 517 2068 id
549 2018 603 2085 est,
625 2012 774 2083 laicorum,
789 2011 947 2070 canonico·
999 2011 1826 2084 episcopeEcclesiaequeejus,utabeoetipsiuscongre-

124 2118 197 2175 rum,
222 2104 493 2174 monachorumque,
510 2115 566 2159 nen
585 2102 682 2159 desint
696 2102 746 2174 qui
769 2114 786 2157 a
810 2101 945 2172 primevo
999 2100 1824 2173 gationebonoremclericatussusciperemereretnr.0ood

123 2200 248 2264 tempere
268 2193 411 2250 nobiliora
436 2196 499 2248 acta
522 2191 697 2262 perscrutari
721 2194 807 2262 atque
828 2187 944 2261 aggredi
1000 2204 1064 2248 cum
1076 2189 1553 2248 lactumdiebussanciumPascbae
1562 2189 1673 2248 luisset
1683 2190 1825 2262 nobiliter,

125 2282 263 2340 tentarint
284 2283 351 2339 dato
376 2281 520 2338 divinitus
554 2279 735 2352 intelligibili
767 2280 874 2352 animo,
898 2292 946 2336 eos
999 2278 1825 2352 denuodomnusepiscopnspraeiateauunculo,quienn

122 2372 244 2429 manime
257 2370 392 2428 insidiari
404 2370 510 2427 nititur
522 2383 594 2440 quos
607 2369 637 2425 in
647 2368 770 2440 juvenili
787 2372 869 2425 aetate
881 2382 948 2425 cre-
1001 2369 1031 2425 in
1041 2369 1185 2440 spiritalis
1200 2368 1254 2426 lllii
1270 2371 1358 2426 vicem
1371 2373 1546 2441 susceperat,
1559 2369 1777 2427 commendarit
1799 2373 1825 2426 ul

122 2461 197 2518 verit
211 2474 240 2517 se
260 2459 336 2524 ultre
359 2458 520 2515 Dominicis
542 2458 690 2529 praeceptis
705 2457 892 2529 mancipasse,
915 2462 947 2514 ut
962 2459 1245 2530 Btutorenstesque
1265 2460 1395 2530 corporis
1422 2465 1451 2516 ct
1476 2459 1581 2516 animae
1606 2460 1674 2530 ejus
1697 2458 1777 2516 lieret
1798 2471 1825 2514 ac

123 2555 202 2605 tanto
215 2546 434 2619 profundius'ad
452 2547 509 2603 ima
522 2547 649 2619 gaudens
662 2546 797 2618 preJ'iciat
810 2549 946 2619 quantoa
1001 2547 1176 2604 nutrimenta
1200 2546 1346 2620 preberet,
1372 2546 1510 2619 quatinus
1538 2553 1607 2619 post
1635 2547 1823 2605 edocationem

122 2637 323 2695 suiscruentis
338 2635 472 2694 lancibus
486 2635 572 2693 semel
585 2637 709 2692 erasisse
721 2635 853 2693 delebat:
869 2649 946 2706 quo-
999 2638 1097 2705 aptum
1112 2635 1222 2693 diuinis
1233 2641 1261 2693 et
1273 2636 1407 2693 humanis
1419 2636 1549 2693 servitiis
1563 2636 1592 2693 ei
1619 2637 1742 2694 reddere
1765 2650 1824 2708 pos·

122 2741 186 2784 rum
199 2727 325 2783 deviatio
343 2739 360 2783 a
386 2726 531 2796 proposito
552 2731 651 2782 sande
672 2737 757 2794 quam
770 2723 946 2781 damnabilis
998 2728 1051 2781 set.
1062 2724 1280 2796 Quiimpcrium
1290 2725 1337 2781 sui
1348 2724 1609 2782 seniorislibenter
1619 2725 1822 2798 obtemperans,

120 2821 343 2872 essecenseatur
365 2813 527 2886 evangeliea
546 2818 575 2871 et
597 2812 753 2884 apostolica
773 2813 945 2871 documenta
999 2813 1106 2884 recepit
1127 2827 1257 2884 puerum.
1277 2817 1413 2885 cumque*
1430 2814 1504 2885 apud
1521 2828 1552 2871 se
1567 2827 1630 2872 non
1644 2815 1822 2887 ossecopim

120 2904 250 2975 edocent,
265 2903 385 2974 suisque
411 2902 651 2960 medicaminibus
677 2908 710 2959 ut
734 2902 828 2959 denue
850 2902 945 2960 reler-
998 2901 1160 2960 litterarum
1174 2906 1366 2976 cognesceret,
1384 2904 1463 2961 misit
1475 2917 1539 2961 eum
1555 2903 1587 2959 in
1606 2904 1756 2976 quoddam
1770 2917 1823 2960 mo

121 2997 244 3064 mentor,
265 2992 390 3064 qualiter
417 2992 592 3063 serpentinis
619 2991 736 3050 venenis
763 2992 941 3064 sanciantur,
998 2993 1154 3050 nasterium
1169 2992 1263 3063 ipsius
1277 2994 1416 3065 episcopi,
1433 2993 1566 3051 ubierdo
1588 2993 1822 3053 monasticusri·

119 3083 314 3140 corroborant.
325 3082 394 3138 Cum
408 3081 484 3138 eninr
497 3080 655 3151 unicuique
670 3080 772 3137 modus
783 3081 944 3137 eorrectio·
997 3080 1089 3151 gebat,
1099 3081 1203 3138 utillic
1215 3083 1407 3140 instrueretur
1415 3083 1506 3140 sacris
1521 3083 1639 3142 litteris
1648 3091 1679 3141 et
1698 3084 1821 3142 erudire-

118 3173 166 3229 nis
175 3172 331 3229 mnndum
342 3171 507 3243 gravitatem
520 3170 646 3242 contagii
658 3170 818 3240 conveniat,
830 3169 941 3242 idquea
997 3175 1054 3224 tur.
1065 3171 1139 3242 Ergo
1149 3176 1300 3242 susceptus
1312 3186 1382 3242 puer
1393 3173 1422 3229 in
1443 3174 1635 3244 monasterio,
1648 3175 1821 3247 traditusque

114 3262 282 3319 doctoribus
292 3260 425 3316 Ecclesia
438 3259 546 3317 sanciri
563 3261 735 3330 permissum
749 3259 789 3314 sit
805 3259 872 3315 data
884 3272 942 3316 au·
998 3259 1143 3331 magistro,
1155 3274 1220 3317 enm
1232 3260 1451 3332 perpluresdies
1461 3262 1820 3336 scholasticisdisciplinit

116 3353 249 3408 ctoritate
260 3349 443 3408 altitonantis
454 3348 575 3419 judicis,
593 3346 721 3404 utaliter
734 3347 845 3404 obtecta
858 3347 940 3403 dete-
994 3361 1108 3418 operam
1119 3348 1255 3422 dedisset,
1269 3351 1390 3423 quodam
1400 3356 1527 3422 tempore
1536 3352 1821 3427 coepitlatigarilau·

116 3443 230 3513 gantur,
242 3439 431 3508 aliteraperta
444 3438 604 3507 deleantur,
618 3437 646 3492 in
657 3436 704 3493 bis
713 3436 798 3492 etiam
813 3435 863 3507 qui
877 3438 941 3506 pest
995 3450 1083 3509 gnere
1097 3438 1175 3510 gravi
1188 3440 1327 3512 corperis.
1343 3441 1441 3511 ltaque
1455 3440 1525 3498 dum
1538 3443 1713 3514 saepissime
1726 3441 1819 3499 talibm

115 3529 293 3586 devotionem
309 3527 481 3584 nobiliorem
505 3526 540 3582 ad
556 3525 712 3583 secularem
729 3525 833 3581 iterum
854 3523 941 3580 babi-
996 3524 1221 3595 impulsionibus
1233 3529 1422 3601 cruciaretur,
1433 3530 1678 3602 dirusquedoler
1686 3531 1821 3589 intestina·

116 3623 176 3674 tum
206 3618 377 3674 dilabuntur
399 3621 486 3687 atque
503 3620 639 3686 apostatae
662 3613 827 3671 efficiuntur
851 3613 941 3682 major
995 3617 1598 3678 rumacvisceruminremediabilitereum
1612 3618 1819 3692 nexaretnnlla

114 3706 282 3763 sollicitudo
300 3711 408 3761 etcnra
426 3703 589 3760 adhibenda
604 3715 666 3758 csse
680 3702 855 3758 decernitur.
872 3701 939 3770 Qua
994 3710 1055 3761 arte
1070 3705 1235 3763 medicinali
1252 3707 1386 3764 medelam
1399 3708 1553 3782 praebente
1571 3710 1766 3782 obtupescere
1777 3725 1819 3768 ore

115 3794 311 3863 praevaricatio
337 3793 459 3862 pessima
484 3792 513 3846 in
539 3796 661 3859 utreque
690 3802 759 3845 sexu
794 3789 939 3847 modernis
955 3809 981 3874 0
996 3794 1039 3865 pit
1055 3796 1191 3866 magister
1204 3810 1268 3866 quac
1280 3802 1307 3853 et
1324 3811 1376 3854 cnr
1394 3798 1516 3870 agitatio
1538 3805 1632 3858 mutae
1646 3801 1818 3859 inormitatis

113 3881 292 3950 temporibus
312 3893 400 3950 snpra
427 3880 541 3934 medum
570 3878 725 3949 invenitur,
742 3878 939 3951 plurimosque
994 3882 1200 3940 adolescentem
1217 3884 1376 3958 indigeret3
1404 3887 1620 3960 sciscitansque
1633 3889 1674 3946 ab
1696 3904 1731 3948 eo
1746 3902 1816 3963 quan

115 3966 281 4024 vacillantes
298 3967 361 4023 suis
376 3966 939 4038 volubilitatibusimplicareetdeperire
993 3970 1155 4028 obcausam
1169 3976 1211 4029 tot
1233 3978 1261 4030 et
1285 3973 1354 4031 talia
1374 3975 1465 4033 innisa
1488 3981 1653 4047 pateretur.
1683 3979 1740 4049 Qui
1763 3991 1816 4036 can

113 4063 223 4112 arceto
249 4055 364 4112 tramite
387 4053 546 4112 obfuscatis
569 4054 731 4112 luminibus
755 4055 860 4112 inlisit.
884 4055 936 4112 Sed
991 4059 1106 4117 diutine
1124 4062 1349 4134 interrogaretur
1369 4070 1397 4121 et
1422 4064 1534 4122 nullum
1562 4073 1682 4126 eertum
1710 4080 1818 4140 respon·

115 4144 183 4214 qnia
202 4144 255 4200 bec
268 4143 422 4200 devitabile
446 4157 536 4216 genus
555 4148 688 4214 promptu
712 4150 788 4200 stare
811 4145 935 4216 videtur,
992 4163 1056 4206 snm
1071 4150 1207 4223 dedisset,
1231 4154 1352 4225 quadam
1376 4154 1424 4211 die
1436 4155 1565 4213 acriores
1589 4159 1818 4216 sustineneam-

112 4246 145 4288 ac
168 4237 282 4303 propter
300 4231 352 4289 bec
374 4234 404 4289 in
429 4238 504 4290 coetu
527 4233 666 4290 benorum
685 4232 881 4306 malorumque
895 4247 939 4290 ca·
992 4238 1096 4310 clatus,
1114 4245 1146 4297 ut
1160 4253 1230 4311 pene
1244 4243 1387 4300 exanimis
1398 4245 1514 4316 jaceret,
1536 4245 1587 4302 vix
1610 4246 1757 4322 languide
1770 4247 1818 4304 ba-

112 4319 286 4377 tbolicorum
300 4334 366 4390 pars
380 4321 420 4377 sit
436 4321 464 4376 in
479 4321 691 4394 redargutione,
711 4334 777 4391 pars
791 4321 819 4377 in
834 4319 939 4377 deien—
992 4329 1084 4385 nelitu
1104 4329 1199 4402 dante,
1215 4332 1327 4389 tandem
1342 4332 1491 4392 confessus
1504 4339 1550 4391 est
1571 4349 1604 4392 se
1619 4350 1640 4394 a
1666 4342 1749 4410 patre
1770 4337 1818 4393 lter

112 4409 193 4467 sione
208 4409 287 4483 mali,
302 4410 343 4466 ita
363 4415 395 4468 ut
409 4424 458 4468 eos
476 4424 549 4482 qnos
569 4411 598 4465 in
611 4410 663 4466 tali
678 4407 805 4466 laeinore
818 4410 939 4480 depres-
990 4416 1123 4476 devotum
1139 4418 1229 4478 luisse
1246 4422 1275 4478 in
1304 4424 1390 4480 annis
1415 4423 1565 4496 prioribus
1588 4425 1623 4483 in
1651 4424 1817 4485 mommerlo

111 4515 169 4570 ses,
185 4501 253 4557 dnm
269 4503 461 4570 nonpossnnt
480 4500 620 4555 innocuos
641 4496 733 4556 lacere
749 4499 937 4568 intoto,suis
991 4508 1066 4578 quod
1092 4516 1209 4568 vocatur
1236 4512 1427 4586 cormaricus,
1466 4519 1623 4585 propterea
1664 4516 1741 4590 quod
1766 4517 1818 4573 be-

114 4588 258 4645 mendosis
282 4587 575 4644 sermocinationibus
588 4591 639 4643 ant
654 4600 704 4658 per
717 4587 935 4660 abnegationem
991 4595 1088 4654 nninus
1100 4612 1131 4655 se
1157 4600 1251 4670 ipsum
1269 4602 1329 4672 jam
1342 4607 1502 4661 emortuum
1518 4618 1572 4674 pro
1595 4610 1708 4665 eventu
1730 4605 1819 4664 nimia

113 4682 163 4730 aut
174 4676 437 4733 dissimulationem
448 4680 531 4732 aetus
540 4675 583 4731 vel
594 4688 644 4746 per
660 4676 788 4748 aliquam
803 4679 936 4735 occasio-
991 4685 1170 4745 inllrmitatis
1185 4691 1260 4760 patri
1281 4695 1454 4762 postnetum
1482 4693 1678 4770 reddidisset,
1699 4708 1735 4754 ae
1762 4696 1818 4753 ideo

101 4774 177 4851 onem
191 4762 356 4818 innocentes
370 4765 679 4835 conanturostenderc,
694 4765 791 4837 sitque
802 4766 860 4835 lam
874 4780 936 4840 gra·
990 4789 1104 4845 sperare
1123 4791 1154 4834 se
1169 4779 1227 4849 pati
1247 4786 1304 4837 tam
1325 4782 1432 4853 grania.
1457 4782 1519 4853 Quo
1538 4786 1661 4860 andito,
1689 4785 1817 4860 magistet
1846 4761 1849 4767 ⁵

113 4849 177 4906 nior
197 4862 281 4907 casus
302 4850 457 4908 multorum
468 4865 553 4924 quam
562 4853 660 4925 unius,
671 4855 801 4911 restatde
811 4856 935 4927 baelpsa
989 4865 1097 4922 tacitus
1112 4865 1188 4923 intra
1211 4882 1241 4924 se
1255 4870 1421 4941 requirebat
1442 4872 1470 4929 ei
1485 4879 1602 4945 recepte
1619 4875 1741 4947 robore,
1761 4887 1816 4933 cna

112 4939 382 5011 controversiaque
398 4941 481 4998 mode
494 4943 601 4999 nostris
614 4944 644 4998 in
667 4944 797 5014 partibus
811 4946 938 5003 exerevit
990 4958 1102 5026 ternpus
1129 4956 1332 5028 inquisitionis
1353 4961 1475 5034 adesset,
1503 4963 1531 5020 si
1554 4961 1691 5024 luissent
1714 4964 1816 5025 inania

113 5026 226 5098 aliquid
241 5028 275 5083 ad
288 5031 578 5104 medinmdedncere;
591 5033 853 5107 quatinurcegnita
865 5037 937 5092 neri·
991 5058 1054 5115 qua
1067 5045 1103 5100 ab
1118 5059 1151 5102 ee
1176 5048 1308 5105 audierat
1334 5049 1403 5107 bera
1427 5051 1623 5112 inormitatis
1654 5056 1711 5114 llle
1731 5061 1818 5116 auten-

113 5116 1159 5205 iateludiciumobserveturveracium,etlalsitaseonlusa1]adtirmabat
1182 5151 1246 5196 vera
1285 5152 1356 5212 esse,
1389 5139 1567 5214 docebatque
1606 5147 1746 5205 ordinem
1769 5146 1814 5204 ret

112 5211 268 5263 elilim&
990 5221 1108 5279 Dicebat
1127 5225 1214 5282 etiam
1228 5226 1300 5284 velle
1328 5242 1358 5286 se
1380 5243 1442 5287 esse
1466 5231 1658 5308 monacnum,
1677 5241 1713 5295 nt
1732 5234 1816 5310 ipsias

148 5296 270 5367 Quidam
287 5309 408 5368 namque
423 5297 557 5355 sacerdes
570 5301 685 5357 nemine
701 5302 772 5359 Urso
784 5302 865 5359 valde
881 5317 936 5373 ne<
989 5315 1017 5366 et
1031 5313 1120 5381 patris
1134 5315 1257 5374 animan
1272 5318 1400 5388 periculo
1427 5322 1485 5380 voti
1501 5321 1697 5385 liberaretur.
1723 5323 1816 5400 Slqal⁴

113 5384 936 5464 bilislnitcenomanniscivitate,qniunumexsuisnepo-
988 5399 1051 5456 dem
1074 5408 1153 5472 pater
1177 5405 1240 5476 ejus
1255 5422 1342 5478 supra
1358 5416 1542 5486 memoratus,
1563 5415 1708 5476 videlieet
1732 5415 1815 5476 lielt-

114 5472 192 5531 tibus
207 5477 390 5547 superstitem
404 5489 465 5534 esse
486 5475 605 5535 nolebat.
631 5479 758 5552 Cumque
783 5484 934 5554 superbae
988 5486 1096 5562 bertus,
1111 5491 1171 5562 lam
1196 5492 1331 5553 humanis
1355 5495 1441 5556 rebus
1465 5509 1642 5563 sumserat
1671 5503 1815 5565 beiden
