3876 6090
113 196 185 256 1369
790 203 890 259 amen
909 203 954 261 bia
973 203 1144 262 connexo.

396 327 443 383 die
456 327 492 383 iii

113 393 205 449 lxxxii
395 399 443 454 die
459 399 486 453 iv

112 463 217 520 lxxxiii
394 469 441 523 die
456 469 483 523 vi

111 534 160 591 lxx
392 539 440 594 die
454 540 494 595 vii

112 321 192 378 lxxxi

682 398 750 455 luna
766 400 796 455 ix

681 470 749 526 luna
766 484 803 525 xx

679 541 746 597 luna
762 541 771 596 i

315 672 416 725 lterum
431 672 468 725 erl
482 677 564 743 ceput
578 674 733 729 revertitur.

460 780 591 848 Eaplicit.

147 882 266 937 Nullum
282 895 350 938 sane
367 897 414 953 pes
434 890 552 950 moveat,
569 899 602 940 co
617 886 691 955 quod
709 885 830 955 quintus
844 898 938 943 annus

110 968 188 1040 caeli
218 971 399 1040 designatum
429 973 505 1028 diem
533 974 647 1028 Paschae
678 973 789 1043 babeat,
816 974 868 1029 boc
895 979 938 1029 εει

112 1072 152 1113 xn
175 1058 236 1114 nai.
257 1059 323 1130 llpr.
345 1061 396 1115 ltie
415 1063 563 1117 bominicn
586 1063 654 1118 luna
675 1060 708 1117 le
728 1062 781 1118 boc
800 1062 885 1117 semel
906 1062 937 1119 in

110 1147 197 1202 annis
208 1145 244 1202 tsi
256 1147 416 1205 laciendum
433 1157 476 1205 est
490 1150 541 1204 bac
552 1151 672 1219 ratione,
686 1164 719 1207 eo
732 1151 807 1221 quod
823 1150 938 1206 violen-

111 1236 152 1290 tia
175 1236 261 1307 lune,
284 1239 326 1294 vel
348 1238 392 1294 lex
414 1239 528 1294 l‘ascbae
549 1239 692 1308 probibet,
714 1252 748 1294 nc
767 1239 815 1294 die
836 1252 853 1292 v
874 1238 934 1294 llal.

109 1324 178 1394 npr.
191 1326 301 1396 aliquis
311 1327 512 1397 praesumptive
522 1328 642 1383 estimet
652 1341 682 1382 se
692 1328 823 1397 pascham
835 1325 935 1396 lacere,

110 1414 230 1482 quadie
245 1416 300 1471 erit
317 1415 384 1471 luna
399 1413 435 1471 23
449 1421 477 1471 et
492 1430 578 1486 super
592 1418 720 1472 semisse.
738 1416 860 1472 Maxime
871 1429 935 1470 cum

109 1502 173 1572 lege
186 1503 225 1558 sit
237 1508 363 1574 cautum,
379 1519 412 1560 ne
427 1507 538 1561 modum
554 1506 627 1562 lunae
640 1510 745 1561 statum
761 1505 871 1574 aliquis
885 1518 938 1560 ex-

109 1592 203 1660 cedat,
215 1598 242 1647 et
256 1593 284 1647 in
299 1606 409 1663 gravem
421 1593 605 1649 odensioncm
620 1594 750 1649 incurrat
774 1593 825 1648 sed
841 1594 937 1663 potius

109 1684 155 1735 est
168 1684 199 1734 ut
210 1680 258 1734 die
272 1694 311 1735 xu
329 1680 390 1736 Kal.
405 1682 471 1750 bpr.
488 1681 648 1737 celebretur
663 1681 779 1749 Pascba,
797 1681 847 1736 ubi
866 1655 976 1737 levisB

110 1768 297 1837 reprehensio
316 1783 368 1838 est,
391 1784 475 1839 quam
498 1771 632 1825 criminis
649 1775 724 1838 nom,
747 1770 827 1824 sicut
856 1776 884 1824 et
906 1769 934 1824 in

109 1857 199 1911 veteri
216 1856 354 1912 laterculo
368 1860 542 1914 continetur.
558 1859 591 1913 Et
607 1858 659 1914 boc
676 1858 835 1914 necessario
848 1871 937 1925 opor-

109 1944 673 2017 tuitintcrmitti‚essequosdamannos,
686 1945 937 2016 inquibusdupli-

109 2031 155 2085 cis
168 2032 291 2101 Paschae,
306 2034 366 2087 sive
381 2034 444 2089 duaa
459 2035 488 2088 in
503 2047 592 2088 arnum
608 2033 738 2100 veniunt,
755 2037 782 2086 ct
796 2031 864 2100 quia
879 2043 936 2086 una

110 2116 287 2174 observanda
308 2124 361 2185 est,
381 2121 438 2174 erit
457 2120 487 2175 in
505 2119 628 2175 arbitrio
648 2119 753 2174 summi
773 2117 935 2173 sacerdotis

110 2205 241 2262 conferre
264 2222 328 2263 cum
355 2209 539 2279 Presbyteris‚
565 2209 615 2279 qui
639 2208 702 2263 dies
728 2207 797 2278 eligi
825 2205 936 2274 debeat,

110 2294 267 2351 dummodo
288 2309 386 2352 omnes
406 2297 556 2352 unanimes
576 2297 670 2367 ipsum
686 2297 761 2351 diem
780 2294 891 2349 l'ascbae
907 2293 937 2348 in

112 2394 200 2437 unum
217 2385 416 2439 convenientes
431 2384 615 2440 celebremus.

112 2507 234 2576 Explicit
265 2510 408 2563 Tremulus
429 2509 600 2635 ⁴d2cKrrrltirXac
625 2508 745 2569 Paschae,
774 2507 823 2561 boc
846 2511 884 2559 eat
906 2504 938 2559 dc

445 2594 447 2599 ·
501 2599 539 2633 u.
579 2596 625 2650 pr.

150 2704 938 2774 incommentariisi'ictoriniinterplurimabaecetiam

113 2791 220 2861 scripta
235 2794 402 2862 reperimus.
416 2793 579 2850 Invenimus
593 2794 622 2849 in
638 2793 809 2848 membranis
820 2792 939 2847 Alexan-

112 2881 159 2936 dri
174 2881 315 2953 Episcopi,
330 2882 379 2952 qui
394 2881 451 2938 luit
463 2883 490 2936 in
502 2882 690 2950 Hierusalem,
706 2881 780 2951 quod
796 2881 939 2936 transcri-

114 2970 173 3040 psit
194 2983 280 3025 manu
302 2983 352 3024 sua
376 2971 410 3025 dc
429 2969 641 3040 exemplaribus
663 2968 875 3038 Apostolorum,
897 2968 977 3059 mc

114 3071 165 3113 vni
183 3058 243 3113 Kal.
267 3060 348 3113 lanai.
365 3064 505 3114 natusest
523 3059 661 3113 Dominus
681 3059 713 3112 N.
727 3058 750 3111 J.
765 3057 794 3110 C.
812 3056 938 3126 Sulpitio

114 3152 143 3201 et
155 3146 305 3202 Camerino
322 3148 400 3202 coss.
419 3149 452 3201 nt
470 3146 632 3215 baptizatus
653 3148 696 3200 cst
715 3158 778 3199 vna.
795 3145 836 3199 ld.
853 3145 936 3199 lanu.

114 3235 265 3290 Valeriano
280 3240 308 3290 et
323 3237 449 3290 Asiatico
468 3236 545 3290 coss.
570 3236 674 3289 Passus
688 3239 732 3289 est
751 3246 768 3287 x
790 3232 850 3288 Kal.
868 3231 936 3301 Apr.

115 3323 226 3377 Nerone
256 3324 289 3377 lil
312 3329 339 3378 et
368 3322 478 3378 Valerio
511 3322 629 3376 blessala
661 3321 738 3376 coss.
773 3319 941 3374 liesurrexit

116 3423 168 3465 vua
185 3410 245 3465 Kal.
260 3411 327 3480 llpr.
341 3411 418 3467 coss.
431 3410 647 3480 suprascriptis.
659 3408 796 3465 Ascendit
810 3407 838 3462 in
852 3408 939 3463 coelos

115 3499 214 3554 allon.
231 3500 296 3554 bloi.
314 3504 376 3568 post
388 3500 451 3554 dies
462 3495 495 3554 lb
507 3499 583 3554 coss.
601 3497 816 3568 suprascriptis.
831 3497 941 3550 loran-

117 3600 167 3643 nes
178 3588 303 3657 Baptista
320 3589 450 3643 nascitur
464 3601 514 3643 mn
532 3587 592 3642 liat.
609 3587 664 3642 lul.
677 3592 705 3641 ει
717 3584 940 3640 circumciditur

117 3677 180 3732 Kal.
206 3677 260 3733 iul.
293 3678 334 3732 lld
361 3679 478 3733 llariam
511 3690 576 3732 vero
608 3676 722 3731 locutus
745 3680 788 3730 est
815 3672 941 3743 Angelus

117 3778 170 3820 vna
191 3764 252 3819 Kal.
273 3766 340 3835 Apr.
361 3767 444 3821 sexto
464 3767 522 3836 jum
543 3763 745 3834 conceptionis
766 3774 860 3818 mense
878 3760 941 3815 Eli-

117 3852 239 3910 sabetb'
256 3853 357 3910 babere
380 3855 490 3913 dicens.
512 3855 552 3909 Ex
572 3868 628 3923 quo
649 3856 824 3921 supputatur
843 3849 941 3905 eodem

116 3943 164 3997 die
184 3942 335 3998 Dominum
357 3941 447 3999 luisse
464 3950 631 4011 conceptum
651 3953 707 4010 quo
724 3946 751 3995 et
772 3936 940 3995 resurrexit.

115 4030 214 4086 Amen.

270 4139 383 4191 Domino
398 4142 424 4191 ει
437 4137 492 4206 filio
507 4136 631 4190 sisebuto
646 4133 789 4188 calderas.

154 4245 225 4297 [tum
251 4248 278 4298 te
303 4247 481 4313 praestantem
507 4241 634 4313 ingenio,
661 4237 862 4306 facundiaque,
887 4240 939 4291 etc.

118 4332 243 4400 (Editum
266 4338 305 4386 est
324 4333 482 4400 opusculum
506 4333 577 4385 inter
598 4330 625 4384 s.
649 4328 751 4383 lsidort'
772 4327 944 4396 Hispalensis
962 4318 989 4381 D

118 4421 206 4491 Opera
220 4421 268 4475 boc
283 4420 362 4475 titolo
378 4439 384 4475 :
402 4422 440 4475 Ite
457 4433 556 4476 rumam
572 4416 696 4489 natura.)

414 4545 516 4613 Incipit
533 4542 643 4598 Versus.

190 4672 290 4726 inuras
304 4669 379 4725 solis
394 4668 559 4724 continetur

225 4760 355 4829 Quattuor
372 4755 559 4826 temporibus,

225 4849 264 4904 nc
278 4847 382 4904 deinde
396 4845 571 4914 adimpletur

224 4936 370 4993 Duodenis
385 4933 540 4989 mensibus.

225 5025 451 5095 Quinquaginta,
468 5028 495 5077 et
510 5020 623 5078 duabus

225 5114 322 5169 Currit
336 5110 566 5167 llcbdomndibus

225 5201 285 5257 cua
299 5202 348 5256 dic
362 5200 546 5269 superducta,

226 5291 260 5346 Et
278 5304 327 5346 sex
347 5290 427 5345 boris
447 5288 574 5358 paribus.

225 5379 404 5436 'fricenteuis
418 5375 577 5446 sexaginta,

227 5469 319 5540 atque
334 5468 463 5539 quinque
475 5463 590 5521 diebus.

684 328 752 385 luna
766 328 858 384 xxviii
945 329 973 390 A
993 298 1127 389 Paeona
1145 333 1206 390 llal.
1222 333 1289 406 dpr.

993 402 1091 459 Pascb.
1108 405 1129 461 ii
1144 407 1182 461 ld.
1200 408 1267 476 alpr.

994 473 1092 530 Pascb.
1109 476 1158 531 Kal
1175 477 1242 532 lilaii

993 543 1092 603 Pascb.
1110 562 1146 603 xv
1161 547 1221 604 Kal.
1239 548 1307 603 blail

1099 680 1146 735 Sic
1166 680 1305 737 ambitum
1324 681 1437 738 zodiaci

1100 769 1253 826 sollustrat
1274 770 1468 841 discursibus,

1099 859 1150 914 Sed
1172 866 1286 929 excepta
1306 865 1384 929 parte
1404 864 1504 930 quarta

1099 949 1197 1003 Noctis
1216 953 1301 1018 atque
1319 947 1389 1018 diei,

1098 1034 1165 1103 (lure
1179 1036 1290 1091 dierum
1307 1050 1455 1105 superesse

1097 1124 1232 1179 Cernitur
1250 1125 1347 1180 seriei.

1062 1240 1102 1294 be
1117 1240 1275 1309 quadrante
1290 1243 1354 1309 post
1367 1252 1507 1295 annorum

1100 1328 1147 1382 Bis
1170 1328 1301 1384 binorum
1322 1329 1478 1384 terminum

1098 1416 1278 1472 calculantes
1297 1418 1488 1489 colligendum

1098 1507 1288 1561 Decreverunt
1303 1506 1470 1562 bissextum.

1099 1595 1207 1649 Tantus
1221 1595 1246 1649 ei
1264 1594 1355 1649 bonor
1369 1595 1453 1649 alatus

1097 1682 1121 1737 A
1137 1683 1225 1753 regali
1240 1683 1376 1743 culmine,

1098 1771 1176 1840 Quod
1198 1773 1240 1826 sic
1257 1770 1314 1826 luit
1330 1771 1496 1826 nominatus

1097 1858 1120 1913 Α
1134 1859 1210 1914 lulio
1223 1860 1341 1914 caesare.

1098 1949 1186 2016 Quem
1208 1947 1368 2016 ponendum
1385 1946 1452 2001 anni
1470 1946 1525 2000 dne

1099 2037 1268 2091 llccreventc
1281 2036 1388 2106 'Gajrrs

1099 2124 1166 2178 Dies
1182 2125 1310 2194 quinque
1326 2123 1446 2177 iterante

1098 2214 1188 2282 Quam
1204 2211 1298 2266 brevis
1314 2210 1487 2266 Februarius

1064 2329 1136 2384 llinc
1150 2341 1290 2384 antrorum
1305 2327 1488 2381 diversantur

1101 2420 1177 2474 Luna
1194 2417 1397 2489 longitudinis,

1099 2509 1226 2577 errrrum
1242 2507 1357 2576 quidem
1373 2502 1541 2560 Embolismi

1099 2597 1219 2666 eridem
1241 2596 1314 2651 liunt
1328 2606 1512 2659 communes3

1100 2685 1196 2740 Brevis
1211 2667 1317 2755 quippe
1331 2683 1381 2753 qui
1398 2687 1516 2737 vocatur

1102 2774 1269 2830 communis
1286 2771 1457 2827 Lunnribus.

1100 2863 1147 2917 sic
1165 2875 1276 2929 semper
1293 2859 1445 2916 duodecim

1099 2950 1282 3004 Terminntur
1297 2947 1444 3002 mensibus

1099 3036 1278 3092 Triccntenis
1293 3035 1477 3105 quinquagen

1100 3125 1204 3194 Bisque
1219 3123 1297 3177 binis
1313 3121 1427 3176 diebus.

1100 3215 1151 3269 llic
1168 3213 1290 3268 undenis
1304 3223 1397 3266 annus
1411 3209 1470 3265 soli

1101 3302 1246 3359 Percurrit
1266 3299 1471 3369 discursibus3

1103 3393 1215 3462 Longus
1230 3403 1323 3445 annus
1340 3386 1506 3443 Embolismi

1101 3481 1324 3550 supercrescens
1341 3477 1479 3542 ducitur,

1102 3571 1187 3625 Lunae
1206 3566 1310 3636 tribus,
1331 3571 1417 3635 atque
1434 3563 1529 3619 decem

1103 3657 1249 3715 blensibus
1267 3654 1426 3727 colligitur.

1103 3750 1215 3818 Longus
1237 3747 1291 3801 istc
1308 3758 1401 3800 annus
1420 3743 1494 3799 laruae

1103 3838 1133 3892 ln
1148 3837 1260 3893 dierum
1278 3833 1401 3889 termino

1102 3925 1274 3981 continetur
1293 3923 1453 3978 tricenteno

1103 4012 1246 4084 octogeno
1262 4017 1402 4082 quaterno

1067 4130 1171 4184 Novem
1191 4127 1263 4183 idem
1279 4125 1474 4193 Embolismis‚

1103 4218 1195 4286 Atque
1209 4216 1304 4270 decem
1319 4214 1422 4269 dicbus

1104 4304 1272 4361 Pervidetur
1285 4314 1391 4356 annum
1406 4300 1482 4356 solis

1104 4395 1262 4464 Supemtur
1276 4394 1341 4447 est·
1356 4387 1500 4444 cursibus.

1105 4481 1248 4539 Brevioris
1259 4487 1269 4503 '
1281 4479 1380 4534 lunas
1398 4482 1477 4533 totus

1104 4572 1286 4627 Terminatur
1304 4565 1430 4623 circulos

1106 4661 1135 4715 ln
1154 4658 1289 4714 trecentis
1308 4653 1518 4727 quinquaginta

1104 4750 1197 4818 litque
1212 4750 1337 4817 quatuor
1350 4743 1462 4799 diebus.

1106 4837 1167 4891 Uno
1185 4845 1283 4902 nempe
1299 4836 1385 4901 atque
1400 4830 1496 4885 decem

1104 4922 1211 4979 Diebus
1227 4921 1257 4976 in
1271 4920 1373 4976 ordine

1106 5010 1201 5067 Brevis
1214 5021 1308 5064 annus
1320 5019 1395 5062 anno
1409 5003 1485 5060 solis

1103 5101 1261 5168 superatur
1274 5094 1397 5168 agmine.

1104 5186 1279 5245 Embolismo
1299 5184 1473 5239 incremento

1104 5278 1204 5347 blegne
1218 5272 1297 5345 larga
1312 5272 1394 5342 copia

1105 5364 1180 5422 duni
1197 5363 1272 5419 lunae
1289 5360 1366 5418 brevi
1383 5360 1485 5418 ordine

1100 5452 1257 5524 suppletur
1272 5451 1380 5522 inopia.

1746 202 1816 265 taio

1559 334 1627 392 luna
1641 335 1691 390 xxi

1558 406 1627 462 luna
1641 406 1702 462 xxii

1560 477 1629 534 luna
1642 477 1713 532 xviii

1563 548 1631 604 luna
1647 547 1718 604 xviii
