3876 6090
113 267 174 327 893
468 262 680 322 wolrhtnul
697 262 851 320 PRAEFAT.
872 264 908 320 IN
935 261 1055 320 LIBROS
1073 261 1157 319 SUOS
1175 264 1228 320 xli
1245 265 1291 321 DE
1314 265 1414 322 lctis
1429 266 1476 321 SS.
1772 264 1829 326 898

118 392 259 465 templum
273 393 300 448 S.
317 391 419 475 Crucis
433 389 527 447 stabat
542 390 616 461 quod
636 393 732 461 postea
746 403 779 446 eo
795 388 945 445 translatis
957 390 987 451 Α
999 390 1082 443 mium
1098 389 1128 443 in
1143 389 1280 459 oppidum
1296 389 1330 444 ad
1351 389 1481 445 Rhenum
1500 391 1671 447 translatum
1687 397 1739 448 est.
1761 393 1827 451 Alia

117 472 225 523 sauctae
253 463 390 534 reliquiis
415 476 431 518 a
456 463 484 517 S.
510 462 667 534 walpurga
693 474 794 517 nomeu
823 461 942 530 aceepit.
999 460 1057 515 duo
1078 460 1182 529 templa
1202 461 1361 529 zutphaniae
1381 461 1410 515 in
1426 462 1533 531 Gelria,
1553 468 1582 518 et
1601 462 1745 530 Groninpae
1764 479 1827 534 quae

117 539 245 607 Huiusce
266 533 433 591 monasterii
457 534 569 603 primus
590 533 723 589 conditor
744 537 786 588 est
808 532 945 588 otharius
1001 531 1070 587 urbs
1084 537 1127 587 est
1146 532 1245 587 Frisiae
1264 532 1452 587 occidentalis
1473 534 1620 603 primaria.
1643 536 1699 589 Nec
1716 543 1828 604 praeter·

117 616 228 672 sextus,
240 607 410 663 Eistetensis
418 605 551 661 Ecclesiae
559 605 721 674 episcopus,
733 618 817 674 quem
827 603 946 659 transla·
1001 602 1171 658 mittendum
1190 603 1318 659 hocloco
1335 604 1362 658 id
1384 604 1459 674 quod
1475 604 1502 659 S.
1519 603 1579 659 Ode
1599 604 1687 660 abbas
1705 604 1828 662 Clunia-

117 681 209 738 tionis
219 684 364 736 auctorem
376 675 467 733 tuisse
477 677 611 746 superius
623 676 754 747 legimus,
769 676 945 731 instaurator
1000 674 1095 729 censis
1110 675 1145 729 de
1158 676 1280 744 quartam
1295 675 1463 730 oratorios.
1481 674 1650 747 walpurgis
1662 688 1829 734 commemo
1918 698 1921 703 ·

115 759 146 810 et
166 750 359 822 amplificator
383 748 551 804 lleribertus
569 748 721 817 episcopus
740 761 789 815 xv,
809 746 856 802 cui
874 749 945 801 Leo-
1002 752 1046 799 rat
1065 746 1094 800 in
1111 744 1161 799 lib.
1184 759 1204 799 11
1225 746 1416 801 collationum
1433 760 1497 816 erup.
1512 744 1599 800 ditm
1625 748 1674 802 Est
1693 748 1825 821 ecclesia,

115 824 255 896 degarius
278 835 328 877 seu
352 820 523 891 teutgarius
547 819 743 874 muniticentia
765 832 817 873 sua
839 817 943 886 adluit,
1001 816 1108 887 iuquit,
1126 817 1154 870 B.
1175 817 1353 888 Gualburgis
1375 818 1403 872 iu
1425 817 1477 873 hac
1499 818 1593 873 vicina
1615 819 1698 874 nobis
1714 820 1830 891 regione

117 894 323 951 monacharum
333 891 362 947 in
371 893 468 947 eodem
481 890 710 959 loccrestitutor,
720 889 761 944 uti
771 888 945 958 exl‘hiiippo
1001 887 1031 941 in
1052 901 1107 957 uua
1128 888 1266 943 miracula
1287 888 1368 944 ilunt.
1385 888 1512 960 Contigit
1527 894 1632 959 autem,
1654 891 1731 945 sicut
1751 891 1829 947 donn·
1894 894 1896 900 ’

114 967 245 1038 aliisque
266 962 353 1021 reiert
372 964 524 1019 Gretserus
544 962 574 1016 in
596 961 735 1017 observat.
759 960 809 1015 lib.
833 973 853 1031 1,
881 973 942 1029 cap.
1001 972 1056 1014 nus
1076 960 1165 1014 Berua
1186 959 1274 1014 abhas
1290 958 1385 1030 reteri,
1408 967 1441 1015 ut
1459 961 1585 1029 ejusdem
1602 962 1629 1016 S.
1650 960 1827 1034 Gualburgis

115 1036 161 1094 ta.
177 1037 271 1094 Etiam
287 1035 438 1106 quamdam
454 1041 617 1089 sanctarum
634 1031 823 1102 reliquiarum
840 1031 946 1101 portic
1002 1030 1133 1100 reliquiae
1155 1044 1241 1099 super
1263 1030 1353 1086 altare
1374 1031 1487 1101 aliquot
1507 1032 1570 1087 dies
1594 1039 1750 1089 manerent.
1774 1034 1826 1090 Sed

115 1123 180 1166 nem
201 1107 390 1165 obtinuerunt
409 1103 643 1161 sanctimoniales
666 1103 943 1171 llowenheimenses,
1001 1115 1066 1156 mox
1082 1101 1221 1157 miracula
1235 1106 1426 1158 cessaverunt.
1443 1103 1566 1159 Tandem
1586 1118 1652 1161 vero
1669 1105 1731 1174 ipsa
1746 1104 1828 1177 virgo

113 1175 429 1237 cxlib.1wollbardi
451 1189 512 1246 cap.
534 1173 562 1246 a,
585 1175 619 1230 ad
641 1188 712 1245 quas
734 1173 857 1244 plurima
876 1172 945 1229 rete·
1000 1173 1114 1228 cuidam
1135 1187 1168 1230 ex
1185 1173 1308 1228 inilrmis
1327 1186 1475 1244 apparens.
1497 1174 1617 1246 ldcircc,
1640 1176 1747 1247 inquit,
1770 1189 1827 1232 non

115 1257 225 1309 runtur
238 1248 312 1306 iacta
325 1247 463 1304 miracula
480 1246 565 1302 libris
579 1245 674 1301 tribus
688 1244 941 1315 subsequentibus.
1000 1245 1155 1316 sanamini,
1182 1245 1251 1315 quia
1276 1245 1408 1314 reliquie
1432 1258 1499 1300 meae
1528 1252 1596 1302 sunt
1624 1260 1710 1317 super
1737 1247 1828 1304 altare

114 1321 269 1379 Particulae
289 1321 356 1375 item
373 1319 533 1374 earumdem
551 1317 740 1387 reliquiarum
757 1317 871 1387 Furnis,
890 1316 945 1372 hn-
999 1315 1113 1371 Domini
1143 1316 1191 1371 ubi
1216 1317 1348 1386 majestas
1372 1316 1465 1371 divini
1489 1319 1618 1387 mysterii
1644 1318 1826 1375 solummodo

114 1390 557 1465 tuerpiae.toloniaehgrippinm
579 1388 744 1458 aliisquein
759 1387 841 1457 locis,
858 1391 944 1457 prout
998 1386 1081 1442 debet
1095 1386 1243 1443 celebrari.
1261 1388 1339 1456 Quod
1363 1401 1427 1443 cum
1446 1387 1494 1443 ille
1510 1390 1681 1446 custodibus
1695 1388 1814 1447 referret

114 1466 173 1522 late
190 1464 274 1521 docet
288 1461 494 1546 llenschenius·
508 1461 538 1516 iu
556 1431 760 1542 &ommentarii
781 1459 879 1528 praevii
896 1456 943 1529 §6
999 1457 1129 1513 tulerunt
1143 1471 1266 1528 capsam,
1288 1464 1316 1513 et
1332 1460 1465 1528 protinus
1486 1460 1625 1516 miracula
1645 1460 1706 1517 heri
1729 1433 1826 1532 crepe-³

112 1543 143 1593 et
156 1533 185 1606 7,
203 1535 252 1591 nbi
270 1539 356 1590 etiam
374 1533 409 1588 de
423 1546 513 1588 varrus
525 1530 640 1600 tempus
658 1532 685 1585 S.
702 1530 853 1601 walpurgi
869 1543 943 1585 con·
998 1535 1075 1584 runt.
1093 1547 1106 1579 n
1123 1532 1154 1585 ln
1171 1529 1277 1599 palatio
1296 1530 1487 1585 attiniacensi
1503 1532 1537 1586 ad
1558 1531 1685 1587 Axonam
1705 1533 1825 1590 Carolus

113 1606 237 1665 serratis
256 1605 326 1677 agit.
351 1606 378 1660 ln
400 1605 522 1675 quadam
548 1618 597 1659 ms.
621 1602 747 1657 llistoria
766 1601 941 1657 Francorum
996 1600 1100 1657 Calvus
1114 1601 1258 1656 exstruxit
1272 1602 1299 1656 S.
1316 1600 1486 1672 walpurgis
1500 1603 1658 1659 oratorium
1676 1605 1751 1674 quod
1768 1618 1825 1662 uua

113 1680 177 1735 haee
198 1678 226 1733 le
266 1682 335 1761 ntur
354 1688 427 1730 anno
446 1675 571 1731 secundo
592 1673 703 1729 liedultl
725 1673 801 1743 regis
822 1673 941 1728 Franco
960 1714 983 1773 B
997 1686 1061 1729 cum
1079 1673 1142 1740 ipso
1163 1672 1300 1743 palatina
1320 1673 1507 1729 Nortmnnnis
1525 1687 1655 1730 eversum
1678 1681 1730 1731 est.
1755 1677 1826 1732 Pace

112 1749 229 1819 rum,C
252 1756 316 1804 rrsh
332 1744 405 1803 uui:
425 1766 438 1798 r
462 1748 498 1801 Eo
512 1758 587 1801 anno
606 1758 711 1814 eorpus
730 1744 757 1798 S.
775 1744 897 1816 Remigii
913 1748 942 1799 et
997 1749 1025 1799 et
1040 1745 1136 1814 quiete
1155 1744 1248 1799 Gallis
1263 1744 1406 1812 restituta,
1423 1745 1480 1799 alia
1500 1746 1591 1800 eidem
1613 1747 1720 1819 virgini
1739 1747 1825 1803 adth-

113 1821 307 1894 quorumdam
322 1819 445 1875 aliorum
462 1821 625 1872 sanctorum
639 1829 757 1886 corpora
772 1817 940 1871 lluunorum
997 1820 1059 1870 cata
1083 1823 1126 1871 est
1146 1815 1266 1870 ecclesia
1289 1829 1371 1884 quam
1400 1817 1479 1886 llugo
1503 1817 1664 1886 Campania
1688 1833 1782 1875 comes
1808 1832 1825 1873 a

114 1899 193 1950 metu
209 1893 286 1947 intra
301 1890 468 1946 Rhemensis
483 1888 610 1944 civitatis
625 1888 727 1943 moenia
742 1901 757 1941 a
771 1888 834 1943 suis
847 1900 942 1942 mona·
997 1886 1130 1957 Philippo
1152 1887 1325 1942 Francorum
1347 1900 1411 1956 rege
1426 1887 1462 1941 ob
1484 1888 1661 1944 connubium
1684 1905 1747 1946 cum
1764 1890 1825 1945 tilia

112 1964 217 2022 steriis
231 1966 299 2019 sunt
313 1961 419 2017 delata:
435 1974 500 2016 cunr
516 1960 623 2030 quibus
637 1959 723 2014 etiam
739 1959 766 2013 S.
786 1958 942 2029 Galburgis
995 1958 1059 2027 eius
1073 1957 1239 2014 Constantia
1263 1957 1367 2012 initum
1384 1952 1494 2026 accepit
1510 1959 1659 2028 indolem,
1676 1974 1708 2016 ac
1728 1967 1824 2030 postea

114 2034 259 2107 reliquiae,
274 2033 309 2089 ad
325 2045 397 2103 quas
412 2046 485 2103 saepe
501 2031 573 2086 liunt
588 2030 736 2100 miracula,
754 2035 821 2085 sunt
834 2028 940 2084 ibidem
996 2042 1071 2084 anno
1083 2025 1152 2084 lidi
1163 2028 1282 2083 donavit
1293 2028 1424 2083 coenobio
1437 2028 1613 2085 llolismensi
1624 2030 1671 2086 cui
1685 2030 1824 2087 hacteuus

114 2106 227 2180 positae.
996 2101 1143 2169 prioratus
1159 2099 1245 2155 titulo
1265 2099 1405 2167 subjacet,
1427 2105 1512 2168 prout
1527 2114 1560 2155 ex
1580 2103 1644 2156 h'ita
1663 2100 1774 2157 Gallica
1793 2102 1820 2157 S.
1909 2117 1912 2122 ·

150 2178 177 2235 5.
195 2177 320 2233 Basilica
333 2178 359 2230 et
372 2176 502 2230 oratoria.
517 2203 554 2214 —
567 2175 597 2228 lu
613 2172 728 2242 templis
742 2172 769 2227 S.
786 2171 909 2241 walpur
931 2172 939 2227 i
994 2171 1117 2242 walpur
1139 2171 1164 2226 is
1185 2169 1220 2226 ab
1240 2171 1393 2242 Spagnolio
1409 2171 1485 2226 edita
1505 2171 1707 2242 intelligimus.
1728 2173 1824 2228 Distat

111 2244 892 2313 diratisceleberrimumestParthenonisFistetensis,
905 2189 940 2299 Se
997 2243 1055 2298 haec
1074 2188 1194 2298 ecclesia
1216 2249 1244 2297 et
1264 2242 1345 2298 vicus
1367 2243 1393 2296 S.
1415 2240 1585 2313 walpurgis
1605 2243 1713 2313 dietus,
1736 2244 1822 2315 vulgo

114 2336 174 2394 quo
200 2335 235 2376 sn
256 2332 297 2375 ra.
323 2318 426 2374 Cestrae
449 2317 478 2372 in
501 2316 648 2372 Britannia
674 2315 768 2370 insula
793 2315 940 2369 connitum
995 2314 1266 2381 Seirai-waubourg,
1286 2312 1377 2368 altero
1398 2312 1519 2369 milliari
1535 2313 1730 2370 abllttiniaco
1752 2314 1821 2370 villa

113 2400 176 2449 erat
193 2392 221 2447 S.
278 2390 407 2461 ilburgae,
421 2387 457 2444 ab
469 2390 583 2456 liugom
596 2388 714 2448 consule,
732 2386 759 2441 id
778 2390 822 2440 est
835 2387 940 2441 comite
996 2386 1138 2455 quondam
1163 2384 1249 2457 regia.
1274 2385 1403 2455 Derriqne
1427 2382 1455 2438 in
1480 2383 1597 2440 dioecesi
1620 2385 1821 2455 argentinensi

112 2462 269 2532 cestrensi,
298 2466 507 2530 constructum,
534 2464 605 2514 teste
629 2457 766 2513 Orderico
792 2456 879 2512 Vitali
910 2458 939 2512 in
993 2457 1189 2513 'theodoricus
1208 2469 1301 2512 comes
1316 2455 1421 2511 htorrtis
1442 2455 1570 2538 Pelgnrdi
1586 2457 1750 2512 construxit
1769 2470 1822 2512 cce

113 2536 202 2605 illst,
217 2533 268 2590 lib.
290 2546 352 2588 nun
374 2546 435 2658 pag.
452 2528 514 2587 tit.
534 2531 599 2584 Fitae
618 2530 648 2584 in
663 2530 769 2584 ducatu
785 2528 889 2583 Gelriae
904 2528 938 2583 ad
995 2527 1113 2584 uobium
1135 2527 1339 2584 monachorum
1362 2526 1609 2583 benedictinorum
1630 2528 1659 2583 in
1684 2527 1822 2583 honorem

113 2605 261 2663 wahalim
277 2604 396 2660 fluuium
427 2602 528 2658 asilica
539 2600 729 2673 walpurgina
744 2605 770 2653 ct
786 2598 939 2670 collegium
994 2600 1022 2654 S.
1044 2599 1212 2670 walpurgis
1235 2599 1310 2669 quod
1334 2604 1430 2669 postea
1450 2598 1645 2653 Fridericusl
1668 2599 1823 2669 imperator

113 2677 321 2735 eanonicornm
343 2675 371 2730 in
391 2688 422 2730 ea
443 2674 621 2743 institutum,
642 2684 717 2727 anuo
739 2667 808 2726 idib
826 2669 941 2725 denhe—
995 2670 1192 2741 ampliticavit.

357 3012 915 3132 VOLFHARDI
971 3009 1564 3127 PRESBYTERI

722 3215 1215 3340 PRAEFhllohEs

292 3440 348 3529 lli
381 3452 556 3530 LIBROS
601 3449 715 3525 SUOS
759 3445 1012 3522 buobucllt
1056 3445 1116 3520 DE
1159 3440 1301 3524 neuls
1342 3440 1645 3516 SANCTORUM

523 3615 570 3671 hb
599 3611 880 3670 ERCHANPOLDUM
915 3607 1106 3666 EPISCOPUM
1142 3604 1407 3662 EISTETTENSEM.

564 3739 652 3805 (Apud
667 3739 783 3799 Pczium,
801 3737 952 3787 Thesaurus
966 3734 1094 3785 Anecdot.
1111 3747 1141 3783 cx
1156 3732 1219 3784 Cod.
1235 3729 1376 3794 Tegcrus.)

182 4011 316 4080 Raefatr‘o
333 4010 364 4064 in
385 4009 432 4063 tib.
448 4009 464 4063 l
480 4022 528 4063 seu
545 4019 662 4061 mensem
679 4004 854 4060 ianuarium.
956 3998 981 4059 G
1030 3998 1131 4067 Incipit
1145 3997 1242 4050 liberi
1258 3995 1320 4050 Kal.
1336 3992 1476 4050 tannarii.
1493 3989 1576 4048 Beata
1593 3989 1685 4062 igitur
1699 3985 1821 4044 hlartina

996 4102 1060 4143 cum
1076 4090 1150 4141 esset
1164 4084 1300 4141 sublimis
1313 4097 1424 4156 genere,
1440 4087 1494 4138 etc.

145 4152 461 4213 mssmnesmmum
482 4155 638 4223 martyrum
657 4150 745 4222 digna
766 4149 870 4219 piaque
888 4160 941 4203 η’
1065 4193 1195 4260 Praesutio
1214 4193 1244 4245 iu
1257 4191 1304 4245 lib.
1318 4191 1348 4245 ll
1365 4206 1413 4244 seu
1426 4204 1543 4243 inensem
1557 4188 1747 4243 Februarium.

111 4246 265 4304 neratione
286 4243 471 4312 celebrantes,
488 4242 538 4311 qui
555 4239 660 4310 spretis
676 4238 812 4295 instantis
832 4250 941 4292 arrum-

110 4348 192 4393 uosae
215 4335 281 4389 vitae
304 4331 529 4401 oblectamentis,
555 4329 666 4385 siderea
693 4341 779 4400 regna
807 4331 941 4397 penetra-
1031 4301 1119 4372 (⁸³¹¹ss
1144 4314 1220 4357 ”¹¹⁰0
1245 4302 1313 4356 dale
1335 4312 1390 4354 ¹¹⁰ss
1415 4311 1541 4368 P⁰⁵⁵¹¹mr
1565 4310 1630 4369 cuin
1654 4296 1743 4352 ⁰⁰⁶⁴*
1765 4295 1820 4351 ΤΘ·

110 4429 193 4494 runt,
224 4420 319 4478 seticis
347 4434 410 4477 cum
440 4433 529 4492 agone
553 4418 722 4474 certaminis
752 4417 941 4473 sanctissimae
995 4391 1174 4463 gernseeusis
1187 4391 1221 4446 ad
1237 4402 1351 4445 manum
1367 4401 1423 4443 non
1437 4387 1486 4456 sit,
1502 4385 1651 4457 nequehie
1664 4385 1772 4440 mensis
1787 4384 1818 4438 in
1848 4448 1850 4452 ,

109 4513 244 4572 flamna,
259 4510 383 4584 virginis
395 4509 576 4580 aliorumque
590 4513 746 4578 mmmm
759 4512 788 4562 et
799 4505 941 4563 c„Messa
995 4478 1145 4535 codicibus
1158 4476 1373 4534 hlellicensibus
1383 4476 1509 4546 amplius
1524 4474 1694 4544 reperiatur,
1708 4486 1742 4528 ex
1758 4473 1824 4544 qui-

111 4616 179 4660 rum
198 4601 402 4673 virginumque
417 4598 546 4653 mirabili
570 4611 669 4667 cursu,
695 4597 851 4652 certamine
874 4595 940 4667 g10.
995 4568 1049 4624 bus
1065 4569 1192 4669 reliquas
1208 4569 1238 4623 in
1255 4580 1365 4622 meuses
1387 4565 1519 4638 singulos
1539 4560 1723 4620 Praetatioues
1742 4562 1823 4618 dein·

112 4691 205 4761 rioso,
219 4689 367 4760 triumpho
380 4687 539 4744 fortissimo
551 4692 675 4758 actuque
690 4685 823 4758 iulgeuti,
840 4685 911 4740 libet
924 4698 940 4740 e
994 4671 1060 4728 ⁰09⁵
1072 4656 1221 4712 mmm·
1237 4658 1245 4730 )

110 4779 250 4854 pluribus
264 4779 346 4850 plura
367 4778 527 4849 decerpere,
544 4784 576 4833 ut
590 4781 618 4832 et
638 4789 736 4832 eorum
752 4775 940 4831 audientibus
1083 4764 1212 4830 Praesiit'O
1227 4764 1257 4816 in
1275 4762 1321 4816 lib.
1335 4764 1380 4817 ΙΗ
1390 4777 1438 4816 seu
1455 4777 1572 4817 mensem
1589 4762 1729 4817 Martium·

109 4865 940 4936 blel'lwmfflfflw¹¹⁰l³⁵¹¹¹¹³⁰²1¹⁸0tFissimhllt'us‘lue
1028 4870 1147 4927 Duobus
1168 4869 1253 4940 empti
1273 4869 1369 4939 operis
1392 4870 1515 4926 duorum
1537 4869 1679 4926 mensiurn
1700 4867 1820 4940 libellis,

109 4958 273 5019 uoluminis
293 4958 437 5014 devitetur
459 4957 598 5029 extensio,
622 4957 690 5012 dum
713 4968 793 5011 mens
816 4953 940 5010 interius
993 4963 1050 5017 Dee
1072 4957 1191 5029 tanente,
1214 4959 1372 5030 explicitis,
1397 4959 1528 5015 invocato
1549 4960 1614 5014 Jesu
1638 4957 1707 5014 boni
1730 4971 1823 5015 sacra·

107 5048 316 5121 compendiosa
337 5047 460 5104 lectione
482 5045 621 5115 relicitur,
637 5048 665 5101 et
686 5060 791 5116 corpus
812 5044 941 5101 exterius
995 5050 1109 5106 tissime
1133 5048 1257 5120 nomine,
1281 5049 1385 5105 tertius
1406 5048 1486 5103 tertii
1507 5048 1648 5104 curriculi
1670 5048 1820 5105 exordium

109 5139 211 5197 labore
230 5137 321 5193 nimio
337 5150 392 5194 non
408 5140 551 5209 gravatur.
567 5135 645 5191 Licet
661 5136 736 5190 enirn
757 5139 836 5191 tanto
855 5148 939 5204 opere
995 5140 1097 5210 poscit,
1121 5145 1153 5196 ut
1175 5139 1237 5208 ipso
1260 5138 1401 5194 sermonis
1423 5137 1555 5193 modulos
1577 5137 1770 5203 ministrante,
1793 5139 1821 5190 et

109 5229 267 5301 iudignum
284 5240 327 5282 mc
343 5224 402 5282 iore
418 5241 473 5283 nou
488 5225 641 5298 ambigam,
663 5230 767 5295 tamen,
784 5225 853 5297 qnia
873 5225 939 5294 pius
994 5228 1090 5298 operis
1108 5226 1260 5282 efficaciam
1283 5225 1444 5296 exhibente,
1468 5225 1689 5297 orationumque
1711 5226 1820 5279 sancto
1902 5264 1906 5271 .

109 5317 194 5375 labor
212 5314 291 5373 felici
311 5329 400 5371 cursu
419 5315 575 5387 peragitur,
596 5315 718 5370 Domino
739 5314 892 5384 adiuvante
910 5316 938 5368 et
952 5301 979 5362 D
995 5331 1069 5386 rum,
1085 5330 1206 5388 quorum
1228 5315 1275 5371 hic
1296 5315 1432 5372 memoria
1449 5316 1675 5383 commendatur,
1693 5313 1819 5366 interve-

109 5405 261 5465 iacnltatis
281 5405 392 5475 copiam
420 5405 568 5478 largiente.
590 5404 760 5475 vestrisque,
781 5405 863 5460 Pater
884 5406 939 5461 Er·
994 5407 1089 5462 niente
1117 5405 1265 5475 solamine,
1298 5405 1444 5476 pervenire
1471 5410 1613 5460 mereatur
1640 5400 1674 5457 ad
1701 5397 1815 5464 calcem,

109 5494 283 5658 ffliffilde'
304 5494 488 5551 orationibus
507 5493 610 5565 tultus,
632 5493 795 5564 injunctum
809 5507 881 5564 opus
893 5508 939 5566 ag·
993 5495 1077 5639 uirilem
1090 5495 1199 5564 placeat
1212 5494 1262 5566 qui
1277 5508 1307 5550 se
1330 5494 1448 5551 initium
1470 5491 1604 5549 udelibns
1621 5482 1817 5560 propalavitet

230 5625 237 5640 .
1052 5597 1087 5639 m.
