<?xml version="1.0" encoding="UTF-8"?>
<!DOCTYPE html PUBLIC "-//W3C//DTD XHTML 1.0 Transitional//EN"
    "http://www.w3.org/TR/xhtml1/DTD/xhtml1-transitional.dtd">
<html xmlns="http://www.w3.org/1999/xhtml" xml:lang="en" lang="en">
 <head>
  <title>
</title>
<meta http-equiv="Content-Type" content="text/html;charset=utf-8" />
  <meta name='ocr-system' content='tesseract 3.04.00' />
  <meta name='ocr-capabilities' content='ocr_page ocr_carea ocr_par ocr_line ocrx_word'/>
</head>
<body>
  <div class='ocr_page' id='page_1' title='image "./patrologiaecurs06migngoog/patrologiaecurs06migngoog_0074.png"; bbox 0 0 3876 6090; ppageno 0'>
   <div class='ocr_carea' id='block_1_1' title="bbox 33 249 1741 323">
    <p class='ocr_par' dir='ltr' id='par_1_1' title="bbox 33 249 1741 323">
     <span class='ocr_line' id='line_1_1' title="bbox 33 249 1741 323; baseline -0.004 -3"><span class='ocrx_word' id='word_1_1' title='bbox 33 260 82 320; x_wconf 82' lang='lat' dir='ltr'>lsi</span> <span class='ocrx_word' id='word_1_2' title='bbox 419 258 694 316; x_wconf 78' lang='lat' dir='ltr'>INTERPRETATIO</span> <span class='ocrx_word' id='word_1_3' title='bbox 710 253 836 310; x_wconf 77' lang='lat' dir='ltr'>sth&#39;obt</span> <span class='ocrx_word' id='word_1_4' title='bbox 852 250 914 308; x_wconf 84' lang='lat' dir='ltr'>vili</span> <span class='ocrx_word' id='word_1_5' title='bbox 930 249 1175 310; x_wconf 72' lang='lat' dir='ltr'>Geashhuffi.-</span> <span class='ocrx_word' id='word_1_6' title='bbox 1192 256 1292 314; x_wconf 77' lang='lat' dir='ltr'>acilo</span> <span class='ocrx_word' id='word_1_7' title='bbox 1312 261 1360 314; x_wconf 75' lang='lat' dir='ltr'>IX.</span> <span class='ocrx_word' id='word_1_8' title='bbox 1690 262 1741 323; x_wconf 74' lang='lat' dir='ltr'>lis</span> 
     </span>
    </p>
   </div>
   <div class='ocr_carea' id='block_1_2' title="bbox 33 374 1759 2588">
    <p class='ocr_par' dir='ltr' id='par_1_2' title="bbox 33 374 1759 2588">
     <span class='ocr_line' id='line_1_2' title="bbox 33 374 1739 463; baseline 0.008 -26"><span class='ocrx_word' id='word_1_9' title='bbox 33 386 108 443; x_wconf 86' lang='lat' dir='ltr'>lianc</span> <span class='ocrx_word' id='word_1_10' title='bbox 130 400 201 456; x_wconf 90' lang='lat' dir='ltr'>ergo</span> <span class='ocrx_word' id='word_1_11' title='bbox 220 398 420 441; x_wconf 89' lang='lat' dir='ltr'>consummare</span> <span class='ocrx_word' id='word_1_12' title='bbox 441 398 474 439; x_wconf 91' lang='lat' dir='ltr'>ac</span> <span class='ocrx_word' id='word_1_13' title='bbox 495 398 579 454; x_wconf 91' lang='lat' dir='ltr'>opere</span> <span class='ocrx_word' id='word_1_14' title='bbox 601 383 684 454; x_wconf 86' lang='lat' dir='ltr'>pleno</span> <span class='ocrx_word' id='word_1_15' title='bbox 706 377 856 451; x_wconf 79' lang='lat' dir='ltr'><strong>perfectam</strong></span> <span class='ocrx_word' id='word_1_16' title='bbox 872 374 901 432; x_wconf 84' lang='lat' dir='ltr'>A</span> <span class='ocrx_word' id='word_1_17' title='bbox 922 380 1123 437; x_wconf 90' lang='lat' dir='ltr'>bemusomncs</span> <span class='ocrx_word' id='word_1_18' title='bbox 1133 396 1207 450; x_wconf 86' lang='lat' dir='ltr'>eum,</span> <span class='ocrx_word' id='word_1_19' title='bbox 1220 383 1307 438; x_wconf 77' lang='lat' dir='ltr'>veluti</span> <span class='ocrx_word' id='word_1_20' title='bbox 1321 384 1345 439; x_wconf 95' lang='lat' dir='ltr'>si</span> <span class='ocrx_word' id='word_1_21' title='bbox 1359 398 1374 438; x_wconf 93' lang='lat' dir='ltr'>a</span> <span class='ocrx_word' id='word_1_22' title='bbox 1387 385 1477 455; x_wconf 88' lang='lat' dir='ltr'>prima</span> <span class='ocrx_word' id='word_1_23' title='bbox 1487 388 1599 444; x_wconf 88' lang='lat' dir='ltr'>actione</span> <span class='ocrx_word' id='word_1_24' title='bbox 1610 395 1739 463; x_wconf 91' lang='lat' dir='ltr'>usquein</span> 
     </span>
     <span class='ocr_line' id='line_1_3' title="bbox 33 468 1742 547; baseline 0.005 -17"><span class='ocrx_word' id='word_1_25' title='bbox 33 474 167 531; x_wconf 81' lang='lat' dir='ltr'>exhibere</span> <span class='ocrx_word' id='word_1_26' title='bbox 185 474 286 532; x_wconf 80' lang='lat' dir='ltr'>volens</span> <span class='ocrx_word' id='word_1_27' title='bbox 299 476 385 543; x_wconf 87' lang='lat' dir='ltr'>Deus,</span> <span class='ocrx_word' id='word_1_28' title='bbox 402 474 451 543; x_wconf 91' lang='lat' dir='ltr'>qui</span> <span class='ocrx_word' id='word_1_29' title='bbox 471 487 557 543; x_wconf 90' lang='lat' dir='ltr'>super</span> <span class='ocrx_word' id='word_1_30' title='bbox 575 472 670 528; x_wconf 89' lang='lat' dir='ltr'>omnia</span> <span class='ocrx_word' id='word_1_31' title='bbox 687 475 715 526; x_wconf 91' lang='lat' dir='ltr'>et</span> <span class='ocrx_word' id='word_1_32' title='bbox 726 482 783 539; x_wconf 84' lang='lat' dir='ltr'>pra</span> <span class='ocrx_word' id='word_1_33' title='bbox 797 480 863 522; x_wconf 83' lang='lat' dir='ltr'>om·</span> <span class='ocrx_word' id='word_1_34' title='bbox 920 468 1084 526; x_wconf 87' lang='lat' dir='ltr'>hodiernam</span> <span class='ocrx_word' id='word_1_35' title='bbox 1098 470 1173 526; x_wconf 90' lang='lat' dir='ltr'>diem</span> <span class='ocrx_word' id='word_1_36' title='bbox 1197 471 1279 527; x_wconf 89' lang='lat' dir='ltr'>nohis</span> <span class='ocrx_word' id='word_1_37' title='bbox 1291 481 1457 542; x_wconf 75' lang='lat' dir='ltr'>cooperator</span> <span class='ocrx_word' id='word_1_38' title='bbox 1473 477 1627 547; x_wconf 87' lang='lat' dir='ltr'>exstiterit,</span> <span class='ocrx_word' id='word_1_39' title='bbox 1640 482 1742 539; x_wconf 88' lang='lat' dir='ltr'>nobis-</span> 
     </span>
     <span class='ocr_line' id='line_1_4' title="bbox 35 555 1740 639; baseline 0.004 -19"><span class='ocrx_word' id='word_1_40' title='bbox 35 564 121 622; x_wconf 89' lang='lat' dir='ltr'>uibus</span> <span class='ocrx_word' id='word_1_41' title='bbox 141 569 187 620; x_wconf 91' lang='lat' dir='ltr'>est</span> <span class='ocrx_word' id='word_1_42' title='bbox 204 561 359 634; x_wconf 89' lang='lat' dir='ltr'>perlectus,</span> <span class='ocrx_word' id='word_1_43' title='bbox 376 563 461 618; x_wconf 89' lang='lat' dir='ltr'>etium</span> <span class='ocrx_word' id='word_1_44' title='bbox 484 576 535 617; x_wconf 92' lang='lat' dir='ltr'>nos</span> <span class='ocrx_word' id='word_1_45' title='bbox 549 576 583 617; x_wconf 81' lang='lat' dir='ltr'>eu</span> <span class='ocrx_word' id='word_1_46' title='bbox 606 557 775 616; x_wconf 78' lang='lat' dir='ltr'>meridianis</span> <span class='ocrx_word' id='word_1_47' title='bbox 793 555 864 611; x_wconf 88' lang='lat' dir='ltr'>loeis</span> <span class='ocrx_word' id='word_1_48' title='bbox 919 573 1041 630; x_wconf 88' lang='lat' dir='ltr'>cumque</span> <span class='ocrx_word' id='word_1_49' title='bbox 1060 561 1275 616; x_wconf 87' lang='lat' dir='ltr'>consonaverit:</span> <span class='ocrx_word' id='word_1_50' title='bbox 1299 568 1414 631; x_wconf 89' lang='lat' dir='ltr'>propter</span> <span class='ocrx_word' id='word_1_51' title='bbox 1435 565 1509 634; x_wconf 92' lang='lat' dir='ltr'>quod</span> <span class='ocrx_word' id='word_1_52' title='bbox 1538 573 1566 621; x_wconf 91' lang='lat' dir='ltr'>et</span> <span class='ocrx_word' id='word_1_53' title='bbox 1586 568 1740 639; x_wconf 77' lang='lat' dir='ltr'>recipimus</span> 
     </span>
     <span class='ocr_line' id='line_1_5' title="bbox 33 648 1742 723; baseline 0.004 -13"><span class='ocrx_word' id='word_1_54' title='bbox 33 654 163 722; x_wconf 79' lang='lat' dir='ltr'>attraxit,</span> <span class='ocrx_word' id='word_1_55' title='bbox 186 653 277 708; x_wconf 88' lang='lat' dir='ltr'>vicem</span> <span class='ocrx_word' id='word_1_56' title='bbox 294 651 460 722; x_wconf 80' lang='lat' dir='ltr'>supplentes</span> <span class='ocrx_word' id='word_1_57' title='bbox 473 650 624 723; x_wconf 89' lang='lat' dir='ltr'>apostolici</span> <span class='ocrx_word' id='word_1_58' title='bbox 641 648 738 704; x_wconf 88' lang='lat' dir='ltr'>throni</span> <span class='ocrx_word' id='word_1_59' title='bbox 759 657 865 716; x_wconf 81' lang='lat' dir='ltr'>magna</span> <span class='ocrx_word' id='word_1_60' title='bbox 919 661 994 719; x_wconf 88' lang='lat' dir='ltr'>eum,</span> <span class='ocrx_word' id='word_1_61' title='bbox 1011 655 1041 704; x_wconf 92' lang='lat' dir='ltr'>ut</span> <span class='ocrx_word' id='word_1_62' title='bbox 1052 663 1148 704; x_wconf 88' lang='lat' dir='ltr'>verum</span> <span class='ocrx_word' id='word_1_63' title='bbox 1159 656 1188 704; x_wconf 89' lang='lat' dir='ltr'>et</span> <span class='ocrx_word' id='word_1_64' title='bbox 1196 650 1392 718; x_wconf 78' lang='lat' dir='ltr'>iustissimum</span> <span class='ocrx_word' id='word_1_65' title='bbox 1404 652 1458 708; x_wconf 93' lang='lat' dir='ltr'>loci</span> <span class='ocrx_word' id='word_1_66' title='bbox 1479 662 1649 713; x_wconf 88' lang='lat' dir='ltr'>servatorem</span> <span class='ocrx_word' id='word_1_67' title='bbox 1665 661 1742 716; x_wconf 90' lang='lat' dir='ltr'>sedis</span> 
     </span>
     <span class='ocr_line' id='line_1_6' title="bbox 34 733 1746 817; baseline 0.012 -34"><span class='ocrx_word' id='word_1_68' title='bbox 34 741 299 801; x_wconf 59' lang='lat' dir='ltr'>gyexanprynopum</span> <span class='ocrx_word' id='word_1_69' title='bbox 309 742 453 810; x_wconf 76' lang='lat' dir='ltr'>Ecclesiae,</span> <span class='ocrx_word' id='word_1_70' title='bbox 467 741 518 812; x_wconf 90' lang='lat' dir='ltr'>qai</span> <span class='ocrx_word' id='word_1_71' title='bbox 533 739 631 795; x_wconf 86' lang='lat' dir='ltr'>divina</span> <span class='ocrx_word' id='word_1_72' title='bbox 647 737 738 810; x_wconf 87' lang='lat' dir='ltr'>gratia</span> <span class='ocrx_word' id='word_1_73' title='bbox 750 741 778 790; x_wconf 90' lang='lat' dir='ltr'>ot</span> <span class='ocrx_word' id='word_1_74' title='bbox 789 733 866 804; x_wconf 87' lang='lat' dir='ltr'>regia</span> <span class='ocrx_word' id='word_1_75' title='bbox 919 734 1411 809; x_wconf 76' lang='lat' dir='ltr'>Alexandrinae.ilagnilieentissimi</span> <span class='ocrx_word' id='word_1_76' title='bbox 1421 743 1657 812; x_wconf 88' lang='lat' dir='ltr'>etgloriosissimi</span> <span class='ocrx_word' id='word_1_77' title='bbox 1669 749 1746 817; x_wconf 91' lang='lat' dir='ltr'>prin-</span> 
     </span>
     <span class='ocr_line' id='line_1_7' title="bbox 37 825 1744 904; baseline 0.005 -19"><span class='ocrx_word' id='word_1_78' title='bbox 37 832 219 904; x_wconf 86' lang='lat' dir='ltr'>iuperatione</span> <span class='ocrx_word' id='word_1_79' title='bbox 235 831 364 902; x_wconf 85' lang='lat' dir='ltr'>piissimi</span> <span class='ocrx_word' id='word_1_80' title='bbox 381 829 573 900; x_wconf 90' lang='lat' dir='ltr'>imspiratoris</span> <span class='ocrx_word' id='word_1_81' title='bbox 594 827 649 883; x_wconf 93' lang='lat' dir='ltr'>huc</span> <span class='ocrx_word' id='word_1_82' title='bbox 661 825 865 896; x_wconf 87' lang='lat' dir='ltr'>pervenientes,</span> <span class='ocrx_word' id='word_1_83' title='bbox 921 825 999 894; x_wconf 88' lang='lat' dir='ltr'>cipes</span> <span class='ocrx_word' id='word_1_84' title='bbox 1017 825 1153 881; x_wconf 85' lang='lat' dir='ltr'>dixerant</span> <span class='ocrx_word' id='word_1_85' title='bbox 1171 826 1205 880; x_wconf 91' lang='lat' dir='ltr'>ad</span> <span class='ocrx_word' id='word_1_86' title='bbox 1226 827 1424 884; x_wconf 89' lang='lat' dir='ltr'>sanctissimos</span> <span class='ocrx_word' id='word_1_87' title='bbox 1446 830 1501 886; x_wconf 89' lang='lat' dir='ltr'>loci</span> <span class='ocrx_word' id='word_1_88' title='bbox 1524 840 1681 892; x_wconf 89' lang='lat' dir='ltr'>servatores</span> <span class='ocrx_word' id='word_1_89' title='bbox 1703 853 1744 894; x_wconf 79' lang='lat' dir='ltr'>se</span> 
     </span>
     <span class='ocr_line' id='line_1_8' title="bbox 37 912 1745 997; baseline 0.007 -27"><span class='ocrx_word' id='word_1_90' title='bbox 37 921 132 980; x_wconf 73' lang='lat' dir='ltr'>omnia</span> <span class='ocrx_word' id='word_1_91' title='bbox 145 921 307 993; x_wconf 86' lang='lat' dir='ltr'>diligenter</span> <span class='ocrx_word' id='word_1_92' title='bbox 322 919 557 991; x_wconf 81' lang='lat' dir='ltr'>investigavimus</span> <span class='ocrx_word' id='word_1_93' title='bbox 573 918 632 987; x_wconf 85' lang='lat' dir='ltr'>;ita</span> <span class='ocrx_word' id='word_1_94' title='bbox 649 921 681 973; x_wconf 91' lang='lat' dir='ltr'>ut</span> <span class='ocrx_word' id='word_1_95' title='bbox 693 913 767 971; x_wconf 92' lang='lat' dir='ltr'>nihil</span> <span class='ocrx_word' id='word_1_96' title='bbox 782 912 868 967; x_wconf 87' lang='lat' dir='ltr'>lateat</span> <span class='ocrx_word' id='word_1_97' title='bbox 921 913 1014 968; x_wconf 88' lang='lat' dir='ltr'>nioris</span> <span class='ocrx_word' id='word_1_98' title='bbox 1027 914 1129 976; x_wconf 78' lang='lat' dir='ltr'>homae,</span> <span class='ocrx_word' id='word_1_99' title='bbox 1144 927 1177 969; x_wconf 91' lang='lat' dir='ltr'>ac</span> <span class='ocrx_word' id='word_1_100' title='bbox 1189 915 1380 972; x_wconf 78' lang='lat' dir='ltr'>Orientalium</span> <span class='ocrx_word' id='word_1_101' title='bbox 1392 919 1522 975; x_wconf 87' lang='lat' dir='ltr'>sedium:</span> <span class='ocrx_word' id='word_1_102' title='bbox 1544 922 1626 979; x_wconf 83' lang='lat' dir='ltr'>blodo</span> <span class='ocrx_word' id='word_1_103' title='bbox 1648 925 1745 997; x_wconf 89' lang='lat' dir='ltr'>itaque</span> 
     </span>
     <span class='ocr_line' id='line_1_9' title="bbox 38 999 1745 1081; baseline 0.004 -15"><span class='ocrx_word' id='word_1_104' title='bbox 38 1025 88 1068; x_wconf 88' lang='lat' dir='ltr'>nos</span> <span class='ocrx_word' id='word_1_105' title='bbox 101 1024 207 1066; x_wconf 88' lang='lat' dir='ltr'>eorum</span> <span class='ocrx_word' id='word_1_106' title='bbox 228 1023 291 1080; x_wconf 70' lang='lat' dir='ltr'>quas</span> <span class='ocrx_word' id='word_1_107' title='bbox 313 1014 391 1081; x_wconf 87' lang='lat' dir='ltr'>gesta</span> <span class='ocrx_word' id='word_1_108' title='bbox 412 1013 480 1065; x_wconf 90' lang='lat' dir='ltr'>sant</span> <span class='ocrx_word' id='word_1_109' title='bbox 493 1021 509 1064; x_wconf 87' lang='lat' dir='ltr'>a</span> <span class='ocrx_word' id='word_1_110' title='bbox 523 1004 664 1062; x_wconf 90' lang='lat' dir='ltr'>lratribus</span> <span class='ocrx_word' id='word_1_111' title='bbox 678 1002 785 1060; x_wconf 91' lang='lat' dir='ltr'>nostris</span> <span class='ocrx_word' id='word_1_112' title='bbox 802 1005 868 1056; x_wconf 85' lang='lat' dir='ltr'>ante</span> <span class='ocrx_word' id='word_1_113' title='bbox 922 999 974 1056; x_wconf 93' lang='lat' dir='ltr'>hoc</span> <span class='ocrx_word' id='word_1_114' title='bbox 994 1001 1152 1071; x_wconf 90' lang='lat' dir='ltr'>capitulum</span> <span class='ocrx_word' id='word_1_115' title='bbox 1171 1003 1324 1062; x_wconf 91' lang='lat' dir='ltr'>terminum</span> <span class='ocrx_word' id='word_1_116' title='bbox 1343 1007 1462 1079; x_wconf 89' lang='lat' dir='ltr'>accepit,</span> <span class='ocrx_word' id='word_1_117' title='bbox 1483 1016 1576 1066; x_wconf 91' lang='lat' dir='ltr'>etnon</span> <span class='ocrx_word' id='word_1_118' title='bbox 1589 1016 1632 1068; x_wconf 90' lang='lat' dir='ltr'>est</span> <span class='ocrx_word' id='word_1_119' title='bbox 1652 1028 1745 1073; x_wconf 89' lang='lat' dir='ltr'>sermo</span> 
     </span>
     <span class='ocr_line' id='line_1_10' title="bbox 40 1089 1745 1170; baseline 0.004 -17"><span class='ocrx_word' id='word_1_120' title='bbox 40 1097 256 1170; x_wconf 75' lang='lat' dir='ltr'>perventionem</span> <span class='ocrx_word' id='word_1_121' title='bbox 270 1103 395 1153; x_wconf 89' lang='lat' dir='ltr'>nostram</span> <span class='ocrx_word' id='word_1_122' title='bbox 412 1115 419 1150; x_wconf 76' lang='grc' dir='ltr'>ε</span> <span class='ocrx_word' id='word_1_123' title='bbox 433 1097 551 1166; x_wconf 90' lang='lat' dir='ltr'>insuper</span> <span class='ocrx_word' id='word_1_124' title='bbox 559 1099 587 1150; x_wconf 94' lang='lat' dir='ltr'>et</span> <span class='ocrx_word' id='word_1_125' title='bbox 597 1106 699 1150; x_wconf 87' lang='lat' dir='ltr'>causas</span> <span class='ocrx_word' id='word_1_126' title='bbox 708 1105 771 1163; x_wconf 84' lang='lat' dir='ltr'>qua</span> <span class='ocrx_word' id='word_1_127' title='bbox 787 1089 869 1160; x_wconf 92' lang='lat' dir='ltr'>prius</span> <span class='ocrx_word' id='word_1_128' title='bbox 922 1089 957 1145; x_wconf 93' lang='lat' dir='ltr'>de</span> <span class='ocrx_word' id='word_1_129' title='bbox 973 1089 1025 1144; x_wconf 92' lang='lat' dir='ltr'>hoc</span> <span class='ocrx_word' id='word_1_130' title='bbox 1045 1090 1132 1160; x_wconf 88' lang='lat' dir='ltr'>alius,</span> <span class='ocrx_word' id='word_1_131' title='bbox 1155 1091 1202 1147; x_wconf 93' lang='lat' dir='ltr'>sed</span> <span class='ocrx_word' id='word_1_132' title='bbox 1226 1093 1372 1150; x_wconf 90' lang='lat' dir='ltr'>intuemur</span> <span class='ocrx_word' id='word_1_133' title='bbox 1388 1109 1451 1152; x_wconf 91' lang='lat' dir='ltr'>eum</span> <span class='ocrx_word' id='word_1_134' title='bbox 1471 1103 1502 1152; x_wconf 92' lang='lat' dir='ltr'>ut</span> <span class='ocrx_word' id='word_1_135' title='bbox 1516 1112 1566 1154; x_wconf 88' lang='lat' dir='ltr'>nos</span> <span class='ocrx_word' id='word_1_136' title='bbox 1583 1100 1668 1170; x_wconf 92' lang='lat' dir='ltr'>ipsos.</span> <span class='ocrx_word' id='word_1_137' title='bbox 1682 1105 1745 1160; x_wconf 90' lang='lat' dir='ltr'>Ter-</span> 
     </span>
     <span class='ocr_line' id='line_1_11' title="bbox 41 1177 1740 1260; baseline 0.002 -15"><span class='ocrx_word' id='word_1_138' title='bbox 41 1194 122 1245; x_wconf 76' lang='lat' dir='ltr'>motae</span> <span class='ocrx_word' id='word_1_139' title='bbox 146 1190 219 1244; x_wconf 89' lang='lat' dir='ltr'>sunt</span> <span class='ocrx_word' id='word_1_140' title='bbox 243 1186 291 1242; x_wconf 93' lang='lat' dir='ltr'>hic</span> <span class='ocrx_word' id='word_1_141' title='bbox 327 1185 402 1242; x_wconf 89' lang='lat' dir='ltr'>iuter</span> <span class='ocrx_word' id='word_1_142' title='bbox 432 1184 647 1241; x_wconf 90' lang='lat' dir='ltr'>sanctissimum</span> <span class='ocrx_word' id='word_1_143' title='bbox 677 1177 867 1252; x_wconf 87' lang='lat' dir='ltr'>patriarcham</span> <span class='ocrx_word' id='word_1_144' title='bbox 924 1178 1033 1233; x_wconf 91' lang='lat' dir='ltr'>minato</span> <span class='ocrx_word' id='word_1_145' title='bbox 1050 1192 1117 1250; x_wconf 90' lang='lat' dir='ltr'>orgo</span> <span class='ocrx_word' id='word_1_146' title='bbox 1136 1178 1189 1237; x_wconf 91' lang='lat' dir='ltr'>hoc</span> <span class='ocrx_word' id='word_1_147' title='bbox 1210 1182 1348 1252; x_wconf 92' lang='lat' dir='ltr'>capitulo,</span> <span class='ocrx_word' id='word_1_148' title='bbox 1374 1185 1443 1255; x_wconf 89' lang='lat' dir='ltr'>quid</span> <span class='ocrx_word' id='word_1_149' title='bbox 1468 1187 1676 1260; x_wconf 81' lang='lat' dir='ltr'>consiliamini,</span> <span class='ocrx_word' id='word_1_150' title='bbox 1698 1194 1740 1249; x_wconf 89' lang='lat' dir='ltr'>vel</span> 
     </span>
     <span class='ocr_line' id='line_1_12' title="bbox 44 1264 1745 1350; baseline 0.004 -19"><span class='ocrx_word' id='word_1_151' title='bbox 44 1277 187 1350; x_wconf 85' lang='lat' dir='ltr'>ignatium</span> <span class='ocrx_word' id='word_1_152' title='bbox 200 1281 230 1331; x_wconf 88' lang='lat' dir='ltr'>et</span> <span class='ocrx_word' id='word_1_153' title='bbox 243 1274 389 1341; x_wconf 89' lang='lat' dir='ltr'>Photium,</span> <span class='ocrx_word' id='word_1_154' title='bbox 403 1274 453 1344; x_wconf 94' lang='lat' dir='ltr'>qui</span> <span class='ocrx_word' id='word_1_155' title='bbox 474 1287 552 1329; x_wconf 91' lang='lat' dir='ltr'>more</span> <span class='ocrx_word' id='word_1_156' title='bbox 573 1270 695 1328; x_wconf 92' lang='lat' dir='ltr'>latronis</span> <span class='ocrx_word' id='word_1_157' title='bbox 714 1274 743 1324; x_wconf 91' lang='lat' dir='ltr'>et</span> <span class='ocrx_word' id='word_1_158' title='bbox 766 1264 867 1322; x_wconf 83' lang='lat' dir='ltr'>meehi</span> <span class='ocrx_word' id='word_1_159' title='bbox 925 1266 993 1336; x_wconf 91' lang='lat' dir='ltr'>quid</span> <span class='ocrx_word' id='word_1_160' title='bbox 1014 1266 1102 1323; x_wconf 87' lang='lat' dir='ltr'>vultis</span> <span class='ocrx_word' id='word_1_161' title='bbox 1115 1274 1147 1324; x_wconf 92' lang='lat' dir='ltr'>ut</span> <span class='ocrx_word' id='word_1_162' title='bbox 1168 1269 1318 1326; x_wconf 81' lang='lat' dir='ltr'>ordinetur</span> <span class='ocrx_word' id='word_1_163' title='bbox 1331 1272 1416 1329; x_wconf 92' lang='lat' dir='ltr'>hodie</span> <span class='ocrx_word' id='word_1_164' title='bbox 1429 1274 1631 1335; x_wconf 88' lang='lat' dir='ltr'>‘lSanctissimi</span> <span class='ocrx_word' id='word_1_165' title='bbox 1643 1280 1745 1338; x_wconf 89' lang='lat' dir='ltr'>vicarii</span> 
     </span>
     <span class='ocr_line' id='line_1_13' title="bbox 46 1354 1744 1437; baseline 0.002 -14"><span class='ocrx_word' id='word_1_166' title='bbox 46 1366 73 1423; x_wconf 89' lang='lat' dir='ltr'>ln</span> <span class='ocrx_word' id='word_1_167' title='bbox 87 1366 230 1422; x_wconf 89' lang='lat' dir='ltr'>thronum</span> <span class='ocrx_word' id='word_1_168' title='bbox 246 1362 355 1419; x_wconf 92' lang='lat' dir='ltr'>insiliit</span> <span class='ocrx_word' id='word_1_169' title='bbox 372 1360 676 1432; x_wconf 75' lang='lat' dir='ltr'>constantinopoleos3</span> <span class='ocrx_word' id='word_1_170' title='bbox 693 1358 764 1429; x_wconf 93' lang='lat' dir='ltr'>quin</span> <span class='ocrx_word' id='word_1_171' title='bbox 782 1354 868 1411; x_wconf 90' lang='lat' dir='ltr'>etiam</span> <span class='ocrx_word' id='word_1_172' title='bbox 924 1355 1048 1411; x_wconf 88' lang='lat' dir='ltr'>senioris</span> <span class='ocrx_word' id='word_1_173' title='bbox 1070 1356 1163 1412; x_wconf 80' lang='lat' dir='ltr'>homa</span> <span class='ocrx_word' id='word_1_174' title='bbox 1182 1359 1335 1416; x_wconf 84' lang='lat' dir='ltr'>dixerunt:</span> <span class='ocrx_word' id='word_1_175' title='bbox 1352 1363 1402 1417; x_wconf 86' lang='lat' dir='ltr'>Per</span> <span class='ocrx_word' id='word_1_176' title='bbox 1418 1363 1535 1421; x_wconf 91' lang='lat' dir='ltr'>nuntios</span> <span class='ocrx_word' id='word_1_177' title='bbox 1556 1371 1744 1437; x_wconf 89' lang='lat' dir='ltr'>quorumdam</span> 
     </span>
     <span class='ocr_line' id='line_1_14' title="bbox 47 1443 1748 1521; baseline 0.002 -10"><span class='ocrx_word' id='word_1_178' title='bbox 47 1454 113 1511; x_wconf 88' lang='lat' dir='ltr'>etde</span> <span class='ocrx_word' id='word_1_179' title='bbox 127 1451 340 1509; x_wconf 84' lang='lat' dir='ltr'>venerabilium</span> <span class='ocrx_word' id='word_1_180' title='bbox 355 1457 383 1506; x_wconf 89' lang='lat' dir='ltr'>et</span> <span class='ocrx_word' id='word_1_181' title='bbox 397 1455 559 1506; x_wconf 84' lang='lat' dir='ltr'>sanctarum</span> <span class='ocrx_word' id='word_1_182' title='bbox 571 1448 728 1520; x_wconf 86' lang='lat' dir='ltr'>imaginum</span> <span class='ocrx_word' id='word_1_183' title='bbox 742 1458 827 1500; x_wconf 92' lang='lat' dir='ltr'>sensu</span> <span class='ocrx_word' id='word_1_184' title='bbox 838 1454 871 1496; x_wconf 90' lang='lat' dir='ltr'>ae</span> <span class='ocrx_word' id='word_1_185' title='bbox 925 1443 1065 1500; x_wconf 81' lang='lat' dir='ltr'>nobilium</span> <span class='ocrx_word' id='word_1_186' title='bbox 1086 1445 1223 1512; x_wconf 91' lang='lat' dir='ltr'>virorum,</span> <span class='ocrx_word' id='word_1_187' title='bbox 1242 1454 1270 1504; x_wconf 89' lang='lat' dir='ltr'>et</span> <span class='ocrx_word' id='word_1_188' title='bbox 1286 1463 1333 1518; x_wconf 92' lang='lat' dir='ltr'>per</span> <span class='ocrx_word' id='word_1_189' title='bbox 1353 1452 1481 1521; x_wconf 79' lang='lat' dir='ltr'>quadam</span> <span class='ocrx_word' id='word_1_190' title='bbox 1498 1454 1642 1512; x_wconf 86' lang='lat' dir='ltr'>diliamata</span> <span class='ocrx_word' id='word_1_191' title='bbox 1663 1459 1748 1516; x_wconf 89' lang='lat' dir='ltr'>verba</span> 
     </span>
     <span class='ocr_line' id='line_1_15' title="bbox 49 1531 1748 1614; baseline 0.003 -15"><span class='ocrx_word' id='word_1_192' title='bbox 49 1542 193 1614; x_wconf 89' lang='lat' dir='ltr'>opinione,</span> <span class='ocrx_word' id='word_1_193' title='bbox 220 1555 277 1597; x_wconf 95' lang='lat' dir='ltr'>non</span> <span class='ocrx_word' id='word_1_194' title='bbox 297 1538 491 1610; x_wconf 79' lang='lat' dir='ltr'>perfunctorie</span> <span class='ocrx_word' id='word_1_195' title='bbox 513 1551 604 1608; x_wconf 91' lang='lat' dir='ltr'>neque</span> <span class='ocrx_word' id='word_1_196' title='bbox 628 1533 795 1593; x_wconf 89' lang='lat' dir='ltr'>transitorie</span> <span class='ocrx_word' id='word_1_197' title='bbox 820 1531 873 1586; x_wconf 88' lang='lat' dir='ltr'>has</span> <span class='ocrx_word' id='word_1_198' title='bbox 926 1533 1120 1605; x_wconf 85' lang='lat' dir='ltr'>cognovimus,</span> <span class='ocrx_word' id='word_1_199' title='bbox 1136 1536 1204 1605; x_wconf 87' lang='lat' dir='ltr'>quia</span> <span class='ocrx_word' id='word_1_200' title='bbox 1221 1538 1335 1608; x_wconf 91' lang='lat' dir='ltr'>quidem</span> <span class='ocrx_word' id='word_1_201' title='bbox 1351 1541 1405 1596; x_wconf 87' lang='lat' dir='ltr'>viri</span> <span class='ocrx_word' id='word_1_202' title='bbox 1424 1542 1596 1599; x_wconf 82' lang='lat' dir='ltr'>mendaciter</span> <span class='ocrx_word' id='word_1_203' title='bbox 1612 1545 1699 1602; x_wconf 93' lang='lat' dir='ltr'>locuti</span> <span class='ocrx_word' id='word_1_204' title='bbox 1720 1557 1748 1604; x_wconf 91' lang='lat' dir='ltr'>et</span> 
     </span>
     <span class='ocr_line' id='line_1_16' title="bbox 51 1620 1749 1708; baseline 0.002 -20"><span class='ocrx_word' id='word_1_205' title='bbox 51 1631 254 1700; x_wconf 71' lang='lat' dir='ltr'>examinantes,</span> <span class='ocrx_word' id='word_1_206' title='bbox 268 1629 315 1684; x_wconf 90' lang='lat' dir='ltr'>sed</span> <span class='ocrx_word' id='word_1_207' title='bbox 327 1627 433 1698; x_wconf 92' lang='lat' dir='ltr'>oppido</span> <span class='ocrx_word' id='word_1_208' title='bbox 443 1624 624 1683; x_wconf 85' lang='lat' dir='ltr'>sufficienter.</span> <span class='ocrx_word' id='word_1_209' title='bbox 641 1629 674 1680; x_wconf 92' lang='lat' dir='ltr'>nt</span> <span class='ocrx_word' id='word_1_210' title='bbox 687 1622 795 1690; x_wconf 90' lang='lat' dir='ltr'>decuit,</span> <span class='ocrx_word' id='word_1_211' title='bbox 808 1620 874 1674; x_wconf 89' lang='lat' dir='ltr'>dis-</span> <span class='ocrx_word' id='word_1_212' title='bbox 927 1623 1072 1679; x_wconf 91' lang='lat' dir='ltr'>testilicati</span> <span class='ocrx_word' id='word_1_213' title='bbox 1096 1630 1163 1680; x_wconf 89' lang='lat' dir='ltr'>sunt</span> <span class='ocrx_word' id='word_1_214' title='bbox 1183 1631 1282 1682; x_wconf 86' lang='lat' dir='ltr'>eontra</span> <span class='ocrx_word' id='word_1_215' title='bbox 1304 1629 1444 1698; x_wconf 89' lang='lat' dir='ltr'>lgnatium</span> <span class='ocrx_word' id='word_1_216' title='bbox 1467 1632 1680 1690; x_wconf 90' lang='lat' dir='ltr'>sanctissimum</span> <span class='ocrx_word' id='word_1_217' title='bbox 1703 1651 1749 1708; x_wconf 90' lang='lat' dir='ltr'>pa-</span> 
     </span>
     <span class='ocr_line' id='line_1_17' title="bbox 53 1701 1750 1794; baseline 0.004 -19"><span class='ocrx_word' id='word_1_218' title='bbox 53 1724 206 1788; x_wconf 76' lang='lat' dir='ltr'>eumentes,</span> <span class='ocrx_word' id='word_1_219' title='bbox 222 1717 357 1773; x_wconf 90' lang='lat' dir='ltr'>admirati</span> <span class='ocrx_word' id='word_1_220' title='bbox 374 1730 483 1783; x_wconf 87' lang='lat' dir='ltr'>sumus,</span> <span class='ocrx_word' id='word_1_221' title='bbox 497 1715 605 1771; x_wconf 90' lang='lat' dir='ltr'>certius</span> <span class='ocrx_word' id='word_1_222' title='bbox 621 1711 828 1782; x_wconf 88' lang='lat' dir='ltr'>comperientes</span> <span class='ocrx_word' id='word_1_223' title='bbox 839 1708 874 1763; x_wconf 89' lang='lat' dir='ltr'>de</span> <span class='ocrx_word' id='word_1_224' title='bbox 889 1701 1082 1768; x_wconf 92' lang='lat' dir='ltr'>Btriarcham</span> <span class='ocrx_word' id='word_1_225' title='bbox 1102 1715 1395 1786; x_wconf 79' lang='lat' dir='ltr'>constantinopoleos,</span> <span class='ocrx_word' id='word_1_226' title='bbox 1416 1723 1445 1773; x_wconf 91' lang='lat' dir='ltr'>et</span> <span class='ocrx_word' id='word_1_227' title='bbox 1456 1720 1481 1774; x_wconf 87' lang='lat' dir='ltr'>si</span> <span class='ocrx_word' id='word_1_228' title='bbox 1495 1725 1563 1777; x_wconf 78' lang='lat' dir='ltr'>saut</span> <span class='ocrx_word' id='word_1_229' title='bbox 1574 1722 1666 1793; x_wconf 89' lang='lat' dir='ltr'>aliqui</span> <span class='ocrx_word' id='word_1_230' title='bbox 1681 1740 1750 1794; x_wconf 79' lang='lat' dir='ltr'>prae·</span> 
     </span>
     <span class='ocr_line' id='line_1_18' title="bbox 55 1799 1751 1878; baseline 0.004 -14"><span class='ocrx_word' id='word_1_231' title='bbox 55 1807 217 1878; x_wconf 82' lang='lat' dir='ltr'>hujusmodi</span> <span class='ocrx_word' id='word_1_232' title='bbox 242 1805 337 1876; x_wconf 90' lang='lat' dir='ltr'>rebus,</span> <span class='ocrx_word' id='word_1_233' title='bbox 356 1818 441 1876; x_wconf 95' lang='lat' dir='ltr'>quam</span> <span class='ocrx_word' id='word_1_234' title='bbox 457 1803 607 1860; x_wconf 89' lang='lat' dir='ltr'>manilesta</span> <span class='ocrx_word' id='word_1_235' title='bbox 628 1802 729 1858; x_wconf 82' lang='lat' dir='ltr'>sitvox</span> <span class='ocrx_word' id='word_1_236' title='bbox 744 1799 875 1855; x_wconf 86' lang='lat' dir='ltr'>Salvato-</span> <span class='ocrx_word' id='word_1_237' title='bbox 928 1806 1022 1856; x_wconf 90' lang='lat' dir='ltr'>sentes</span> <span class='ocrx_word' id='word_1_238' title='bbox 1035 1801 1082 1856; x_wconf 90' lang='lat' dir='ltr'>hic</span> <span class='ocrx_word' id='word_1_239' title='bbox 1100 1802 1135 1857; x_wconf 93' lang='lat' dir='ltr'>de</span> <span class='ocrx_word' id='word_1_240' title='bbox 1152 1803 1223 1859; x_wconf 89' lang='lat' dir='ltr'>viris</span> <span class='ocrx_word' id='word_1_241' title='bbox 1237 1805 1537 1877; x_wconf 66' lang='lat' dir='ltr'>permansissemus</span> <span class='ocrx_word' id='word_1_242' title='bbox 1557 1816 1589 1867; x_wconf 94' lang='lat' dir='ltr'>ut</span> <span class='ocrx_word' id='word_1_243' title='bbox 1608 1811 1751 1870; x_wconf 90' lang='lat' dir='ltr'>introeant</span> 
     </span>
     <span class='ocr_line' id='line_1_19' title="bbox 57 1888 1747 1973; baseline 0.007 -25"><span class='ocrx_word' id='word_1_244' title='bbox 57 1897 102 1967; x_wconf 85' lang='lat' dir='ltr'>ris,</span> <span class='ocrx_word' id='word_1_245' title='bbox 116 1910 183 1967; x_wconf 81' lang='lat' dir='ltr'>quae</span> <span class='ocrx_word' id='word_1_246' title='bbox 198 1894 292 1951; x_wconf 85' lang='lat' dir='ltr'>dicit:</span> <span class='ocrx_word' id='word_1_247' title='bbox 308 1894 386 1949; x_wconf 84' lang='lat' dir='ltr'>Nihil</span> <span class='ocrx_word' id='word_1_248' title='bbox 401 1893 591 1948; x_wconf 81' lang='lat' dir='ltr'>absconditum</span> <span class='ocrx_word' id='word_1_249' title='bbox 609 1891 682 1960; x_wconf 84' lang='lat' dir='ltr'>quod</span> <span class='ocrx_word' id='word_1_250' title='bbox 694 1905 748 1943; x_wconf 83' lang='lat' dir='ltr'>ooo</span> <span class='ocrx_word' id='word_1_251' title='bbox 760 1889 873 1954; x_wconf 75' lang='lat' dir='ltr'>scotor,</span> <span class='ocrx_word' id='word_1_252' title='bbox 928 1888 961 1944; x_wconf 89' lang='lat' dir='ltr'>ad</span> <span class='ocrx_word' id='word_1_253' title='bbox 983 1889 1055 1945; x_wconf 85' lang='lat' dir='ltr'>hanc</span> <span class='ocrx_word' id='word_1_254' title='bbox 1074 1895 1199 1946; x_wconf 91' lang='lat' dir='ltr'>sanctam</span> <span class='ocrx_word' id='word_1_255' title='bbox 1222 1893 1371 1963; x_wconf 87' lang='lat' dir='ltr'>synodum,</span> <span class='ocrx_word' id='word_1_256' title='bbox 1401 1900 1428 1949; x_wconf 92' lang='lat' dir='ltr'>et</span> <span class='ocrx_word' id='word_1_257' title='bbox 1454 1911 1657 1968; x_wconf 76' lang='lat' dir='ltr'>cognoscamus</span> <span class='ocrx_word' id='word_1_258' title='bbox 1679 1903 1747 1973; x_wconf 96' lang='lat' dir='ltr'>quid</span> 
     </span>
     <span class='ocr_line' id='line_1_20' title="bbox 56 1977 1752 2056; baseline 0.005 -18"><span class='ocrx_word' id='word_1_259' title='bbox 56 1990 75 2040; x_wconf 80' lang='lat' dir='ltr'>et</span> <span class='ocrx_word' id='word_1_260' title='bbox 89 1988 117 2038; x_wconf 84' lang='lat' dir='ltr'>ia</span> <span class='ocrx_word' id='word_1_261' title='bbox 134 1985 387 2050; x_wconf 71' lang='lat' dir='ltr'>manifestationem</span> <span class='ocrx_word' id='word_1_262' title='bbox 409 1984 501 2036; x_wconf 79' lang='lat' dir='ltr'>renim</span> <span class='ocrx_word' id='word_1_263' title='bbox 518 1979 591 2052; x_wconf 78' lang='lat' dir='ltr'>(Lae.</span> <span class='ocrx_word' id='word_1_264' title='bbox 613 1979 673 2052; x_wconf 85' lang='grc' dir='ltr'>ιιι).</span> <span class='ocrx_word' id='word_1_265' title='bbox 695 1979 730 2033; x_wconf 88' lang='lat' dir='ltr'>Et</span> <span class='ocrx_word' id='word_1_266' title='bbox 751 1989 872 2033; x_wconf 89' lang='lat' dir='ltr'>rursus:</span> <span class='ocrx_word' id='word_1_267' title='bbox 928 1977 1065 2047; x_wconf 83' lang='lat' dir='ltr'>dixerint,</span> <span class='ocrx_word' id='word_1_268' title='bbox 1089 1980 1206 2049; x_wconf 88' lang='lat' dir='ltr'>etquid</span> <span class='ocrx_word' id='word_1_269' title='bbox 1229 1981 1323 2036; x_wconf 91' lang='lat' dir='ltr'>testati</span> <span class='ocrx_word' id='word_1_270' title='bbox 1347 1982 1414 2038; x_wconf 89' lang='lat' dir='ltr'>sint.</span> <span class='ocrx_word' id='word_1_271' title='bbox 1436 1986 1752 2056; x_wconf 87' lang='lat' dir='ltr'>hiagniiicentissimiet</span> 
     </span>
     <span class='ocr_line' id='line_1_21' title="bbox 58 2063 1754 2143; baseline 0.006 -19"><span class='ocrx_word' id='word_1_272' title='bbox 58 2074 182 2143; x_wconf 64' lang='lat' dir='ltr'>Spiritus,</span> <span class='ocrx_word' id='word_1_273' title='bbox 200 2073 250 2130; x_wconf 85' lang='lat' dir='ltr'>ubi</span> <span class='ocrx_word' id='word_1_274' title='bbox 264 2077 323 2134; x_wconf 83' lang='lat' dir='ltr'>vat,</span> <span class='ocrx_word' id='word_1_275' title='bbox 342 2073 430 2140; x_wconf 83' lang='lat' dir='ltr'>spiret</span> <span class='ocrx_word' id='word_1_276' title='bbox 449 2068 536 2141; x_wconf 78' lang='lat' dir='ltr'>(derra.</span> <span class='ocrx_word' id='word_1_277' title='bbox 552 2069 603 2142; x_wconf 90' lang='grc' dir='ltr'>ιιι).</span> <span class='ocrx_word' id='word_1_278' title='bbox 617 2067 727 2123; x_wconf 83' lang='lat' dir='ltr'>Etenim</span> <span class='ocrx_word' id='word_1_279' title='bbox 739 2063 877 2121; x_wconf 82' lang='lat' dir='ltr'>veraciter</span> <span class='ocrx_word' id='word_1_280' title='bbox 931 2066 1133 2138; x_wconf 84' lang='lat' dir='ltr'>gloriosissimi</span> <span class='ocrx_word' id='word_1_281' title='bbox 1146 2068 1448 2138; x_wconf 88' lang='lat' dir='ltr'>principesdixeruut:</span> <span class='ocrx_word' id='word_1_282' title='bbox 1460 2074 1674 2132; x_wconf 82' lang='lat' dir='ltr'>iiocandistisl</span> <span class='ocrx_word' id='word_1_283' title='bbox 1685 2079 1754 2134; x_wconf 85' lang='lat' dir='ltr'>San·</span> 
     </span>
     <span class='ocr_line' id='line_1_22' title="bbox 58 2149 1754 2228; baseline 0.004 -11"><span class='ocrx_word' id='word_1_284' title='bbox 58 2167 79 2217; x_wconf 88' lang='lat' dir='ltr'>et</span> <span class='ocrx_word' id='word_1_285' title='bbox 93 2159 339 2218; x_wconf 74' lang='lat' dir='ltr'>inextricabiliter</span> <span class='ocrx_word' id='word_1_286' title='bbox 357 2172 374 2213; x_wconf 89' lang='lat' dir='ltr'>a</span> <span class='ocrx_word' id='word_1_287' title='bbox 394 2160 451 2214; x_wconf 85' lang='lat' dir='ltr'>ileo</span> <span class='ocrx_word' id='word_1_288' title='bbox 469 2158 615 2228; x_wconf 90' lang='lat' dir='ltr'>inspirati,</span> <span class='ocrx_word' id='word_1_289' title='bbox 630 2162 660 2212; x_wconf 91' lang='lat' dir='ltr'>et</span> <span class='ocrx_word' id='word_1_290' title='bbox 673 2155 770 2211; x_wconf 88' lang='lat' dir='ltr'>divina</span> <span class='ocrx_word' id='word_1_291' title='bbox 786 2149 877 2224; x_wconf 89' lang='lat' dir='ltr'>gratia</span> <span class='ocrx_word' id='word_1_292' title='bbox 932 2155 1056 2212; x_wconf 90' lang='lat' dir='ltr'>ctissimi</span> <span class='ocrx_word' id='word_1_293' title='bbox 1079 2155 1179 2211; x_wconf 85' lang='lat' dir='ltr'>vicarii</span> <span class='ocrx_word' id='word_1_294' title='bbox 1202 2157 1326 2212; x_wconf 89' lang='lat' dir='ltr'>senioris</span> <span class='ocrx_word' id='word_1_295' title='bbox 1345 2158 1439 2214; x_wconf 84' lang='lat' dir='ltr'>ilomae</span> <span class='ocrx_word' id='word_1_296' title='bbox 1459 2161 1612 2218; x_wconf 82' lang='lat' dir='ltr'>dixerunt:</span> <span class='ocrx_word' id='word_1_297' title='bbox 1630 2168 1661 2221; x_wconf 85' lang='lat' dir='ltr'>Et</span> <span class='ocrx_word' id='word_1_298' title='bbox 1673 2168 1754 2223; x_wconf 88' lang='lat' dir='ltr'>audi·</span> 
     </span>
     <span class='ocr_line' id='line_1_23' title="bbox 58 2237 1753 2325; baseline 0.009 -28"><span class='ocrx_word' id='word_1_299' title='bbox 58 2251 119 2320; x_wconf 72' lang='lat' dir='ltr'>qus,</span> <span class='ocrx_word' id='word_1_300' title='bbox 130 2249 183 2305; x_wconf 88' lang='lat' dir='ltr'>isti</span> <span class='ocrx_word' id='word_1_301' title='bbox 193 2262 246 2319; x_wconf 91' lang='lat' dir='ltr'>per</span> <span class='ocrx_word' id='word_1_302' title='bbox 257 2249 346 2304; x_wconf 90' lang='lat' dir='ltr'>Deum</span> <span class='ocrx_word' id='word_1_303' title='bbox 356 2247 568 2303; x_wconf 89' lang='lat' dir='ltr'>inhaccollecta</span> <span class='ocrx_word' id='word_1_304' title='bbox 579 2246 686 2316; x_wconf 91' lang='lat' dir='ltr'>synodo</span> <span class='ocrx_word' id='word_1_305' title='bbox 702 2237 878 2300; x_wconf 86' lang='lat' dir='ltr'>sanctissimi</span> <span class='ocrx_word' id='word_1_306' title='bbox 933 2244 1037 2312; x_wconf 84' lang='lat' dir='ltr'>vimus,</span> <span class='ocrx_word' id='word_1_307' title='bbox 1050 2249 1079 2300; x_wconf 90' lang='lat' dir='ltr'>et</span> <span class='ocrx_word' id='word_1_308' title='bbox 1091 2244 1198 2314; x_wconf 89' lang='lat' dir='ltr'>scripto</span> <span class='ocrx_word' id='word_1_309' title='bbox 1211 2245 1337 2301; x_wconf 89' lang='lat' dir='ltr'>vidimus</span> <span class='ocrx_word' id='word_1_310' title='bbox 1356 2248 1450 2303; x_wconf 83' lang='lat' dir='ltr'>homa</span> <span class='ocrx_word' id='word_1_311' title='bbox 1463 2264 1512 2318; x_wconf 92' lang='lat' dir='ltr'>per</span> <span class='ocrx_word' id='word_1_312' title='bbox 1525 2250 1630 2308; x_wconf 91' lang='lat' dir='ltr'>librum</span> <span class='ocrx_word' id='word_1_313' title='bbox 1645 2256 1694 2325; x_wconf 91' lang='lat' dir='ltr'>qui</span> <span class='ocrx_word' id='word_1_314' title='bbox 1706 2256 1753 2311; x_wconf 93' lang='lat' dir='ltr'>de·</span> 
     </span>
     <span class='ocr_line' id='line_1_24' title="bbox 60 2328 1751 2412; baseline 0.003 -18"><span class='ocrx_word' id='word_1_315' title='bbox 60 2338 152 2394; x_wconf 85' lang='lat' dir='ltr'>ricarli</span> <span class='ocrx_word' id='word_1_316' title='bbox 164 2337 296 2394; x_wconf 92' lang='lat' dir='ltr'>senioris</span> <span class='ocrx_word' id='word_1_317' title='bbox 306 2337 400 2392; x_wconf 81' lang='lat' dir='ltr'>[loma</span> <span class='ocrx_word' id='word_1_318' title='bbox 414 2341 442 2392; x_wconf 91' lang='lat' dir='ltr'>et</span> <span class='ocrx_word' id='word_1_319' title='bbox 454 2335 645 2392; x_wconf 85' lang='lat' dir='ltr'>Orientalium</span> <span class='ocrx_word' id='word_1_320' title='bbox 657 2333 769 2390; x_wconf 90' lang='lat' dir='ltr'>sedium</span> <span class='ocrx_word' id='word_1_321' title='bbox 785 2328 880 2387; x_wconf 92' lang='lat' dir='ltr'>omnia</span> <span class='ocrx_word' id='word_1_322' title='bbox 935 2331 1046 2388; x_wconf 84' lang='lat' dir='ltr'>scandit</span> <span class='ocrx_word' id='word_1_323' title='bbox 1068 2346 1116 2402; x_wconf 90' lang='lat' dir='ltr'>per</span> <span class='ocrx_word' id='word_1_324' title='bbox 1135 2332 1331 2390; x_wconf 87' lang='lat' dir='ltr'>ilhadoaldum</span> <span class='ocrx_word' id='word_1_325' title='bbox 1353 2342 1381 2390; x_wconf 90' lang='lat' dir='ltr'>et</span> <span class='ocrx_word' id='word_1_326' title='bbox 1402 2338 1565 2394; x_wconf 91' lang='lat' dir='ltr'>Zachariam</span> <span class='ocrx_word' id='word_1_327' title='bbox 1596 2342 1646 2412; x_wconf 94' lang='lat' dir='ltr'>qui</span> <span class='ocrx_word' id='word_1_328' title='bbox 1670 2343 1751 2399; x_wconf 92' lang='lat' dir='ltr'>missi</span> 
     </span>
     <span class='ocr_line' id='line_1_25' title="bbox 59 2421 1758 2500; baseline 0.005 -18"><span class='ocrx_word' id='word_1_329' title='bbox 59 2429 111 2499; x_wconf 87' lang='lat' dir='ltr'>lege</span> <span class='ocrx_word' id='word_1_330' title='bbox 127 2426 258 2497; x_wconf 79' lang='lat' dir='ltr'>iustitia</span> <span class='ocrx_word' id='word_1_331' title='bbox 276 2430 304 2481; x_wconf 90' lang='lat' dir='ltr'>et</span> <span class='ocrx_word' id='word_1_332' title='bbox 322 2425 435 2495; x_wconf 86' lang='lat' dir='ltr'>judicio</span> <span class='ocrx_word' id='word_1_333' title='bbox 450 2425 581 2480; x_wconf 89' lang='lat' dir='ltr'>veritatis</span> <span class='ocrx_word' id='word_1_334' title='bbox 602 2424 819 2494; x_wconf 89' lang='lat' dir='ltr'>disposuerunt,</span> <span class='ocrx_word' id='word_1_335' title='bbox 838 2433 884 2475; x_wconf 92' lang='lat' dir='ltr'>ne·</span> <span class='ocrx_word' id='word_1_336' title='bbox 938 2427 1006 2478; x_wconf 87' lang='lat' dir='ltr'>sant</span> <span class='ocrx_word' id='word_1_337' title='bbox 1027 2421 1082 2476; x_wconf 94' lang='lat' dir='ltr'>huc</span> <span class='ocrx_word' id='word_1_338' title='bbox 1103 2421 1154 2479; x_wconf 92' lang='lat' dir='ltr'>illo</span> <span class='ocrx_word' id='word_1_339' title='bbox 1176 2427 1301 2492; x_wconf 91' lang='lat' dir='ltr'>tempore</span> <span class='ocrx_word' id='word_1_340' title='bbox 1326 2424 1473 2495; x_wconf 90' lang='lat' dir='ltr'>episcopi:</span> <span class='ocrx_word' id='word_1_341' title='bbox 1494 2432 1523 2483; x_wconf 92' lang='lat' dir='ltr'>et</span> <span class='ocrx_word' id='word_1_342' title='bbox 1544 2435 1693 2500; x_wconf 84' lang='lat' dir='ltr'>postquam</span> <span class='ocrx_word' id='word_1_343' title='bbox 1715 2434 1758 2490; x_wconf 92' lang='lat' dir='ltr'>in·</span> 
     </span>
     <span class='ocr_line' id='line_1_26' title="bbox 62 2511 1759 2588; baseline 0.004 -16"><span class='ocrx_word' id='word_1_344' title='bbox 62 2529 201 2588; x_wconf 87' lang='lat' dir='ltr'>quaquam</span> <span class='ocrx_word' id='word_1_345' title='bbox 218 2513 459 2585; x_wconf 87' lang='lat' dir='ltr'>reverentesquid</span> <span class='ocrx_word' id='word_1_346' title='bbox 476 2513 670 2586; x_wconf 90' lang='lat' dir='ltr'>legitimorum</span> <span class='ocrx_word' id='word_1_347' title='bbox 683 2511 884 2568; x_wconf 83' lang='lat' dir='ltr'>ecclesiastica</span> <span class='ocrx_word' id='word_1_348' title='bbox 939 2511 1029 2582; x_wconf 90' lang='lat' dir='ltr'>gressi</span> <span class='ocrx_word' id='word_1_349' title='bbox 1049 2525 1149 2567; x_wconf 90' lang='lat' dir='ltr'>sumus</span> <span class='ocrx_word' id='word_1_350' title='bbox 1171 2511 1236 2580; x_wconf 88' lang='lat' dir='ltr'>huc,</span> <span class='ocrx_word' id='word_1_351' title='bbox 1257 2512 1381 2582; x_wconf 91' lang='lat' dir='ltr'>amplius</span> <span class='ocrx_word' id='word_1_352' title='bbox 1403 2514 1552 2572; x_wconf 89' lang='lat' dir='ltr'>certilicati</span> <span class='ocrx_word' id='word_1_353' title='bbox 1572 2532 1682 2576; x_wconf 87' lang='lat' dir='ltr'>sumus.</span> <span class='ocrx_word' id='word_1_354' title='bbox 1703 2523 1759 2579; x_wconf 90' lang='lat' dir='ltr'>bla-</span> 
     </span>
    </p>
   </div>
   <div class='ocr_carea' id='block_1_3' title="bbox 63 2599 1763 3036">
    <p class='ocr_par' dir='ltr' id='par_1_3' title="bbox 63 2599 1763 3036">
     <span class='ocr_line' id='line_1_27' title="bbox 63 2599 1760 2677; baseline 0.004 -16"><span class='ocrx_word' id='word_1_355' title='bbox 63 2600 886 2674; x_wconf 84' lang='lat' dir='ltr'>consequentiaenegotiorumloqui,quemadmodumdecet</span> <span class='ocrx_word' id='word_1_356' title='bbox 941 2599 1170 2670; x_wconf 88' lang='lat' dir='ltr'>guilicentissimi</span> <span class='ocrx_word' id='word_1_357' title='bbox 1188 2605 1216 2655; x_wconf 92' lang='lat' dir='ltr'>et</span> <span class='ocrx_word' id='word_1_358' title='bbox 1235 2600 1437 2671; x_wconf 78' lang='lat' dir='ltr'>gloriosissimi</span> <span class='ocrx_word' id='word_1_359' title='bbox 1457 2604 1602 2677; x_wconf 91' lang='lat' dir='ltr'>principes</span> <span class='ocrx_word' id='word_1_360' title='bbox 1622 2608 1760 2668; x_wconf 83' lang='lat' dir='ltr'>dixerunt</span> 
     </span>
     <span class='ocr_line' id='line_1_28' title="bbox 63 2688 1760 2757; baseline 0.004 -9"><span class='ocrx_word' id='word_1_361' title='bbox 63 2698 170 2749; x_wconf 74' lang='grc' dir='ltr'>ιιιοῑοι</span> <span class='ocrx_word' id='word_1_362' title='bbox 185 2698 215 2747; x_wconf 88' lang='lat' dir='ltr'>et</span> <span class='ocrx_word' id='word_1_363' title='bbox 226 2690 388 2747; x_wconf 90' lang='lat' dir='ltr'>sacerdotio</span> <span class='ocrx_word' id='word_1_364' title='bbox 396 2689 553 2751; x_wconf 78' lang='lat' dir='ltr'>decoratos.</span> <span class='ocrx_word' id='word_1_365' title='bbox 565 2689 682 2745; x_wconf 86' lang='lat' dir='ltr'>verbum</span> <span class='ocrx_word' id='word_1_366' title='bbox 693 2688 887 2744; x_wconf 87' lang='lat' dir='ltr'>veritatisam-</span> <span class='ocrx_word' id='word_1_367' title='bbox 940 2688 975 2743; x_wconf 90' lang='lat' dir='ltr'>ad</span> <span class='ocrx_word' id='word_1_368' title='bbox 988 2689 1185 2744; x_wconf 90' lang='lat' dir='ltr'>sanctissimos</span> <span class='ocrx_word' id='word_1_369' title='bbox 1204 2689 1327 2745; x_wconf 88' lang='lat' dir='ltr'>vicarios</span> <span class='ocrx_word' id='word_1_370' title='bbox 1339 2691 1528 2748; x_wconf 88' lang='lat' dir='ltr'>Orientalium</span> <span class='ocrx_word' id='word_1_371' title='bbox 1550 2695 1661 2752; x_wconf 88' lang='lat' dir='ltr'>sedium</span> <span class='ocrx_word' id='word_1_372' title='bbox 1676 2716 1682 2751; x_wconf 75' lang='grc' dir='ltr'><strong><em>ε</em></strong></span> <span class='ocrx_word' id='word_1_373' title='bbox 1705 2700 1760 2757; x_wconf 87' lang='lat' dir='ltr'>Vos</span> 
     </span>
     <span class='ocr_line' id='line_1_29' title="bbox 64 2758 1761 2856; baseline 0.005 -20"><span class='ocrx_word' id='word_1_374' title='bbox 64 2758 889 2851; x_wconf 81' lang='lat' dir='ltr'>pleros.Noueuimiuvacuumcucurrerur‘rt,nequeinva·</span> <span class='ocrx_word' id='word_1_375' title='bbox 942 2776 1032 2831; x_wconf 91' lang='lat' dir='ltr'>sancti</span> <span class='ocrx_word' id='word_1_376' title='bbox 1055 2778 1151 2832; x_wconf 87' lang='lat' dir='ltr'>Patres</span> <span class='ocrx_word' id='word_1_377' title='bbox 1170 2777 1260 2833; x_wconf 91' lang='lat' dir='ltr'>nostrl</span> <span class='ocrx_word' id='word_1_378' title='bbox 1283 2778 1407 2834; x_wconf 90' lang='lat' dir='ltr'>audistis</span> <span class='ocrx_word' id='word_1_379' title='bbox 1434 2779 1470 2835; x_wconf 92' lang='lat' dir='ltr'>de</span> <span class='ocrx_word' id='word_1_380' title='bbox 1491 2782 1618 2851; x_wconf 89' lang='lat' dir='ltr'>capitulo</span> <span class='ocrx_word' id='word_1_381' title='bbox 1638 2784 1700 2856; x_wconf 88' lang='lat' dir='ltr'>hoc,</span> <span class='ocrx_word' id='word_1_382' title='bbox 1725 2789 1761 2844; x_wconf 93' lang='lat' dir='ltr'>de</span> 
     </span>
     <span class='ocr_line' id='line_1_30' title="bbox 64 2863 1762 2938; baseline 0.004 -11"><span class='ocrx_word' id='word_1_383' title='bbox 64 2885 124 2927; x_wconf 88' lang='lat' dir='ltr'>uum</span> <span class='ocrx_word' id='word_1_384' title='bbox 132 2868 350 2936; x_wconf 80' lang='lat' dir='ltr'>laboraverunt,</span> <span class='ocrx_word' id='word_1_385' title='bbox 359 2880 449 2938; x_wconf 92' lang='lat' dir='ltr'>neque</span> <span class='ocrx_word' id='word_1_386' title='bbox 458 2863 887 2937; x_wconf 83' lang='lat' dir='ltr'>pratuleruntquippiamaliud</span> <span class='ocrx_word' id='word_1_387' title='bbox 942 2878 999 2934; x_wconf 95' lang='lat' dir='ltr'>quo</span> <span class='ocrx_word' id='word_1_388' title='bbox 1019 2864 1107 2921; x_wconf 90' lang='lat' dir='ltr'>locuti</span> <span class='ocrx_word' id='word_1_389' title='bbox 1129 2870 1197 2920; x_wconf 89' lang='lat' dir='ltr'>sunt</span> <span class='ocrx_word' id='word_1_390' title='bbox 1212 2867 1387 2923; x_wconf 86' lang='lat' dir='ltr'>sanctissimi</span> <span class='ocrx_word' id='word_1_391' title='bbox 1402 2867 1456 2923; x_wconf 93' lang='lat' dir='ltr'>loci</span> <span class='ocrx_word' id='word_1_392' title='bbox 1471 2876 1627 2928; x_wconf 88' lang='lat' dir='ltr'>servatores</span> <span class='ocrx_word' id='word_1_393' title='bbox 1638 2875 1762 2933; x_wconf 90' lang='lat' dir='ltr'>senioris</span> 
     </span>
     <span class='ocr_line' id='line_1_31' title="bbox 64 2952 1763 3036; baseline 0.004 -21"><span class='ocrx_word' id='word_1_394' title='bbox 64 2956 314 3030; x_wconf 87' lang='lat' dir='ltr'>congruentissibi</span> <span class='ocrx_word' id='word_1_395' title='bbox 325 2955 581 3025; x_wconf 80' lang='lat' dir='ltr'>reverentiamque</span> <span class='ocrx_word' id='word_1_396' title='bbox 591 2953 758 3022; x_wconf 81' lang='lat' dir='ltr'>elementia,</span> <span class='ocrx_word' id='word_1_397' title='bbox 770 2952 890 3024; x_wconf 92' lang='lat' dir='ltr'>quomi·</span> <span class='ocrx_word' id='word_1_398' title='bbox 943 2954 1056 3009; x_wconf 87' lang='lat' dir='ltr'>Itomae:</span> <span class='ocrx_word' id='word_1_399' title='bbox 1080 2954 1169 3010; x_wconf 83' lang='lat' dir='ltr'>vultis</span> <span class='ocrx_word' id='word_1_400' title='bbox 1190 2959 1218 3010; x_wconf 89' lang='lat' dir='ltr'>et</span> <span class='ocrx_word' id='word_1_401' title='bbox 1240 2955 1295 3024; x_wconf 92' lang='lat' dir='ltr'>ipsi</span> <span class='ocrx_word' id='word_1_402' title='bbox 1320 2970 1446 3026; x_wconf 86' lang='lat' dir='ltr'>quaerere</span> <span class='ocrx_word' id='word_1_403' title='bbox 1465 2959 1623 3029; x_wconf 91' lang='lat' dir='ltr'>capitulum</span> <span class='ocrx_word' id='word_1_404' title='bbox 1645 2963 1707 3036; x_wconf 91' lang='lat' dir='ltr'>hoc,</span> <span class='ocrx_word' id='word_1_405' title='bbox 1727 2979 1763 3022; x_wconf 94' lang='lat' dir='ltr'>an</span> 
     </span>
    </p>
   </div>
   <div class='ocr_carea' id='block_1_4' title="bbox 65 3027 1807 5605">
    <p class='ocr_par' dir='ltr' id='par_1_4' title="bbox 65 3027 1807 4982">
     <span class='ocr_line' id='line_1_32' title="bbox 66 3027 1767 3116; baseline 0.004 -16"><span class='ocrx_word' id='word_1_406' title='bbox 66 3059 114 3102; x_wconf 88' lang='lat' dir='ltr'>uus</span> <span class='ocrx_word' id='word_1_407' title='bbox 128 3045 354 3116; x_wconf 80' lang='lat' dir='ltr'>investigatores</span> <span class='ocrx_word' id='word_1_408' title='bbox 373 3049 468 3101; x_wconf 90' lang='lat' dir='ltr'>essent</span> <span class='ocrx_word' id='word_1_409' title='bbox 479 3043 552 3113; x_wconf 86' lang='lat' dir='ltr'>y&#39;usti</span> <span class='ocrx_word' id='word_1_410' title='bbox 567 3043 617 3098; x_wconf 90' lang='lat' dir='ltr'>Dei</span> <span class='ocrx_word' id='word_1_411' title='bbox 635 3042 752 3111; x_wconf 86' lang='lat' dir='ltr'>y&#39;udicii.</span> <span class='ocrx_word' id='word_1_412' title='bbox 769 3042 848 3097; x_wconf 91' lang='lat' dir='ltr'>Unde</span> <span class='ocrx_word' id='word_1_413' title='bbox 861 3046 890 3097; x_wconf 92' lang='lat' dir='ltr'>et</span> <span class='ocrx_word' id='word_1_414' title='bbox 904 3027 929 3090; x_wconf 91' lang='lat' dir='ltr'>C</span> <span class='ocrx_word' id='word_1_415' title='bbox 945 3054 999 3095; x_wconf 94' lang='lat' dir='ltr'>non</span> <span class='ocrx_word' id='word_1_416' title='bbox 1010 3041 1024 3094; x_wconf 88' lang='lat' dir='ltr'>‘l</span> <span class='ocrx_word' id='word_1_417' title='bbox 1035 3041 1308 3115; x_wconf 68' lang='lat' dir='ltr'>iosephbeibultor,</span> <span class='ocrx_word' id='word_1_418' title='bbox 1321 3044 1460 3101; x_wconf 89' lang='lat' dir='ltr'>diaconus</span> <span class='ocrx_word' id='word_1_419' title='bbox 1470 3052 1498 3101; x_wconf 92' lang='lat' dir='ltr'>et</span> <span class='ocrx_word' id='word_1_420' title='bbox 1509 3047 1636 3105; x_wconf 90' lang='lat' dir='ltr'>vicarius</span> <span class='ocrx_word' id='word_1_421' title='bbox 1648 3050 1767 3108; x_wconf 80' lang='lat' dir='ltr'>Alexan-</span> 
     </span>
     <span class='ocr_line' id='line_1_33' title="bbox 66 3128 1768 3212; baseline 0.004 -23"><span class='ocrx_word' id='word_1_422' title='bbox 66 3148 121 3204; x_wconf 88' lang='lat' dir='ltr'>nos,</span> <span class='ocrx_word' id='word_1_423' title='bbox 137 3133 193 3189; x_wconf 93' lang='lat' dir='ltr'>hoc</span> <span class='ocrx_word' id='word_1_424' title='bbox 213 3132 329 3203; x_wconf 91' lang='lat' dir='ltr'>liquido</span> <span class='ocrx_word' id='word_1_425' title='bbox 348 3146 381 3189; x_wconf 93' lang='lat' dir='ltr'>ac</span> <span class='ocrx_word' id='word_1_426' title='bbox 399 3131 548 3188; x_wconf 83' lang='lat' dir='ltr'>manifeste</span> <span class='ocrx_word' id='word_1_427' title='bbox 567 3130 676 3202; x_wconf 90' lang='lat' dir='ltr'>agnito,</span> <span class='ocrx_word' id='word_1_428' title='bbox 693 3130 889 3186; x_wconf 85' lang='lat' dir='ltr'>consentimus</span> <span class='ocrx_word' id='word_1_429' title='bbox 943 3128 1024 3201; x_wconf 83' lang='lat' dir='ltr'>dria,</span> <span class='ocrx_word' id='word_1_430' title='bbox 1047 3130 1073 3185; x_wconf 92' lang='lat' dir='ltr'>ei</span> <span class='ocrx_word' id='word_1_431' title='bbox 1085 3131 1207 3187; x_wconf 84' lang='lat' dir='ltr'>Thomas</span> <span class='ocrx_word' id='word_1_432' title='bbox 1222 3133 1279 3188; x_wconf 89' lang='lat' dir='ltr'>Deo</span> <span class='ocrx_word' id='word_1_433' title='bbox 1296 3133 1430 3190; x_wconf 92' lang='lat' dir='ltr'>amabilis</span> <span class='ocrx_word' id='word_1_434' title='bbox 1453 3137 1632 3205; x_wconf 89' lang='lat' dir='ltr'>metropolita</span> <span class='ocrx_word' id='word_1_435' title='bbox 1648 3140 1725 3212; x_wconf 88' lang='lat' dir='ltr'>Tyri,</span> <span class='ocrx_word' id='word_1_436' title='bbox 1739 3146 1768 3196; x_wconf 90' lang='lat' dir='ltr'>et</span> 
     </span>
     <span class='ocr_line' id='line_1_34' title="bbox 65 3219 1768 3292; baseline 0.003 -12"><span class='ocrx_word' id='word_1_437' title='bbox 65 3230 90 3280; x_wconf 90' lang='lat' dir='ltr'>et</span> <span class='ocrx_word' id='word_1_438' title='bbox 101 3222 292 3280; x_wconf 82' lang='lat' dir='ltr'>convenimus</span> <span class='ocrx_word' id='word_1_439' title='bbox 309 3222 338 3279; x_wconf 92' lang='lat' dir='ltr'>in</span> <span class='ocrx_word' id='word_1_440' title='bbox 357 3222 396 3278; x_wconf 94' lang='lat' dir='ltr'>iis</span> <span class='ocrx_word' id='word_1_441' title='bbox 416 3235 477 3292; x_wconf 82' lang='lat' dir='ltr'>qua</span> <span class='ocrx_word' id='word_1_442' title='bbox 494 3220 529 3276; x_wconf 92' lang='lat' dir='ltr'>ab</span> <span class='ocrx_word' id='word_1_443' title='bbox 552 3219 624 3291; x_wconf 91' lang='lat' dir='ltr'>ipsis</span> <span class='ocrx_word' id='word_1_444' title='bbox 636 3219 764 3289; x_wconf 88' lang='lat' dir='ltr'>judicata</span> <span class='ocrx_word' id='word_1_445' title='bbox 781 3222 810 3273; x_wconf 90' lang='lat' dir='ltr'>ct</span> <span class='ocrx_word' id='word_1_446' title='bbox 826 3219 891 3285; x_wconf 85' lang='lat' dir='ltr'>jure</span> <span class='ocrx_word' id='word_1_447' title='bbox 942 3219 1048 3288; x_wconf 91' lang='lat' dir='ltr'>primas</span> <span class='ocrx_word' id='word_1_448' title='bbox 1061 3219 1156 3276; x_wconf 89' lang='lat' dir='ltr'>throni</span> <span class='ocrx_word' id='word_1_449' title='bbox 1170 3219 1340 3290; x_wconf 73' lang='lat' dir='ltr'>Antiochia,</span> <span class='ocrx_word' id='word_1_450' title='bbox 1354 3227 1383 3277; x_wconf 90' lang='lat' dir='ltr'>et</span> <span class='ocrx_word' id='word_1_451' title='bbox 1394 3222 1768 3286; x_wconf 87' lang='lat' dir='ltr'>Heliashonorabilissimus</span> 
     </span>
     <span class='ocr_line' id='line_1_35' title="bbox 65 3307 1770 3384; baseline 0.004 -17"><span class='ocrx_word' id='word_1_452' title='bbox 65 3312 232 3384; x_wconf 89' lang='lat' dir='ltr'>deprompta</span> <span class='ocrx_word' id='word_1_453' title='bbox 242 3316 319 3382; x_wconf 90' lang='lat' dir='ltr'>suut,</span> <span class='ocrx_word' id='word_1_454' title='bbox 336 3311 458 3366; x_wconf 90' lang='lat' dir='ltr'>scientes</span> <span class='ocrx_word' id='word_1_455' title='bbox 472 3309 627 3382; x_wconf 90' lang='lat' dir='ltr'>diligenter</span> <span class='ocrx_word' id='word_1_456' title='bbox 641 3321 808 3365; x_wconf 88' lang='lat' dir='ltr'>conservare</span> <span class='ocrx_word' id='word_1_457' title='bbox 824 3320 899 3366; x_wconf 45' lang='lat' dir='ltr'>sena</span> <span class='ocrx_word' id='word_1_458' title='bbox 945 3307 1090 3377; x_wconf 85' lang='lat' dir='ltr'>presbyter</span> <span class='ocrx_word' id='word_1_459' title='bbox 1111 3315 1138 3362; x_wconf 90' lang='lat' dir='ltr'>et</span> <span class='ocrx_word' id='word_1_460' title='bbox 1151 3309 1295 3379; x_wconf 84' lang='lat' dir='ltr'>syncellus</span> <span class='ocrx_word' id='word_1_461' title='bbox 1311 3310 1407 3366; x_wconf 89' lang='lat' dir='ltr'>throni</span> <span class='ocrx_word' id='word_1_462' title='bbox 1422 3311 1680 3383; x_wconf 82' lang='lat' dir='ltr'>hierosolymorum</span> <span class='ocrx_word' id='word_1_463' title='bbox 1691 3318 1770 3375; x_wconf 81' lang='lat' dir='ltr'>dixe</span> 
     </span>
     <span class='ocr_line' id='line_1_36' title="bbox 67 3395 1768 3473; baseline 0.004 -16"><span class='ocrx_word' id='word_1_464' title='bbox 67 3400 182 3457; x_wconf 88' lang='lat' dir='ltr'>tentiam</span> <span class='ocrx_word' id='word_1_465' title='bbox 208 3398 326 3455; x_wconf 86' lang='lat' dir='ltr'>Domini</span> <span class='ocrx_word' id='word_1_466' title='bbox 356 3399 447 3455; x_wconf 91' lang='lat' dir='ltr'>nostri</span> <span class='ocrx_word' id='word_1_467' title='bbox 469 3399 536 3454; x_wconf 86' lang='lat' dir='ltr'>lesu</span> <span class='ocrx_word' id='word_1_468' title='bbox 559 3396 684 3460; x_wconf 86' lang='lat' dir='ltr'>Christi,</span> <span class='ocrx_word' id='word_1_469' title='bbox 713 3410 775 3466; x_wconf 87' lang='lat' dir='ltr'>quae</span> <span class='ocrx_word' id='word_1_470' title='bbox 800 3395 889 3450; x_wconf 91' lang='lat' dir='ltr'>dicit:</span> <span class='ocrx_word' id='word_1_471' title='bbox 946 3399 1013 3451; x_wconf 93' lang='lat' dir='ltr'>runt</span> <span class='ocrx_word' id='word_1_472' title='bbox 1027 3413 1032 3447; x_wconf 93' lang='lat'><strong>:</strong></span> <span class='ocrx_word' id='word_1_473' title='bbox 1047 3396 1150 3450; x_wconf 89' lang='lat' dir='ltr'>lladice</span> <span class='ocrx_word' id='word_1_474' title='bbox 1164 3397 1333 3453; x_wconf 75' lang='lat' dir='ltr'>instantium</span> <span class='ocrx_word' id='word_1_475' title='bbox 1352 3412 1500 3466; x_wconf 88' lang='lat' dir='ltr'>pravarum</span> <span class='ocrx_word' id='word_1_476' title='bbox 1518 3416 1622 3473; x_wconf 89' lang='lat' dir='ltr'>rerum,</span> <span class='ocrx_word' id='word_1_477' title='bbox 1638 3417 1768 3462; x_wconf 90' lang='lat' dir='ltr'>unacum</span> 
     </span>
     <span class='ocr_line' id='line_1_37' title="bbox 70 3483 1769 3563; baseline 0.004 -19"><span class='ocrx_word' id='word_1_478' title='bbox 70 3492 116 3544; x_wconf 75' lang='lat' dir='ltr'>coa·</span> <span class='ocrx_word' id='word_1_479' title='bbox 131 3495 198 3545; x_wconf 86' lang='lat' dir='ltr'>sunt</span> <span class='ocrx_word' id='word_1_480' title='bbox 218 3489 273 3543; x_wconf 82' lang='lat' dir='ltr'>deo</span> <span class='ocrx_word' id='word_1_481' title='bbox 287 3488 329 3543; x_wconf 87' lang='lat' dir='ltr'>oei</span> <span class='ocrx_word' id='word_1_482' title='bbox 343 3494 398 3543; x_wconf 84' lang='lat' dir='ltr'>tres</span> <span class='ocrx_word' id='word_1_483' title='bbox 410 3489 564 3555; x_wconf 75' lang='lat' dir='ltr'>congregati</span> <span class='ocrx_word' id='word_1_484' title='bbox 580 3490 608 3540; x_wconf 83' lang='lat' dir='ltr'>in</span> <span class='ocrx_word' id='word_1_485' title='bbox 627 3488 734 3540; x_wconf 84' lang='lat' dir='ltr'>homine</span> <span class='ocrx_word' id='word_1_486' title='bbox 750 3501 816 3547; x_wconf 84' lang='lat' dir='ltr'>meo,</span> <span class='ocrx_word' id='word_1_487' title='bbox 833 3500 893 3539; x_wconf 83' lang='lat' dir='ltr'>sam</span> <span class='ocrx_word' id='word_1_488' title='bbox 947 3483 1131 3553; x_wconf 84' lang='lat' dir='ltr'>malitiaque</span> <span class='ocrx_word' id='word_1_489' title='bbox 1146 3484 1221 3538; x_wconf 90' lang='lat' dir='ltr'>inest</span> <span class='ocrx_word' id='word_1_490' title='bbox 1233 3484 1278 3539; x_wconf 94' lang='lat' dir='ltr'>illi</span> <span class='ocrx_word' id='word_1_491' title='bbox 1294 3490 1451 3554; x_wconf 90' lang='lat' dir='ltr'>opportune</span> <span class='ocrx_word' id='word_1_492' title='bbox 1466 3492 1595 3558; x_wconf 92' lang='lat' dir='ltr'>purgata,</span> <span class='ocrx_word' id='word_1_493' title='bbox 1610 3505 1769 3563; x_wconf 89' lang='lat' dir='ltr'>congruum</span> 
     </span>
     <span class='ocr_line' id='line_1_38' title="bbox 67 3572 1770 3648; baseline 0.005 -16"><span class='ocrx_word' id='word_1_494' title='bbox 67 3582 94 3632; x_wconf 82' lang='lat' dir='ltr'>in</span> <span class='ocrx_word' id='word_1_495' title='bbox 110 3578 200 3633; x_wconf 81' lang='lat' dir='ltr'>aredio</span> <span class='ocrx_word' id='word_1_496' title='bbox 217 3593 310 3632; x_wconf 84' lang='lat' dir='ltr'>coram</span> <span class='ocrx_word' id='word_1_497' title='bbox 325 3573 432 3647; x_wconf 78' lang='lat' dir='ltr'>(dietih.</span> <span class='ocrx_word' id='word_1_498' title='bbox 457 3576 547 3648; x_wconf 77' lang='lat' dir='ltr'>amu).</span> <span class='ocrx_word' id='word_1_499' title='bbox 571 3577 668 3648; x_wconf 88' lang='lat' dir='ltr'>Neque</span> <span class='ocrx_word' id='word_1_500' title='bbox 689 3574 766 3629; x_wconf 91' lang='lat' dir='ltr'>enim</span> <span class='ocrx_word' id='word_1_501' title='bbox 789 3573 818 3628; x_wconf 94' lang='lat' dir='ltr'>in</span> <span class='ocrx_word' id='word_1_502' title='bbox 838 3586 893 3628; x_wconf 92' lang='lat' dir='ltr'>no-</span> <span class='ocrx_word' id='word_1_503' title='bbox 947 3579 989 3628; x_wconf 90' lang='lat' dir='ltr'>est</span> <span class='ocrx_word' id='word_1_504' title='bbox 1009 3572 1125 3642; x_wconf 91' lang='lat' dir='ltr'>iniquas</span> <span class='ocrx_word' id='word_1_505' title='bbox 1143 3573 1230 3628; x_wconf 89' lang='lat' dir='ltr'>etiam</span> <span class='ocrx_word' id='word_1_506' title='bbox 1251 3574 1420 3646; x_wconf 81' lang='lat' dir='ltr'>propagines</span> <span class='ocrx_word' id='word_1_507' title='bbox 1440 3589 1502 3645; x_wconf 72' lang='lat' dir='ltr'>cyna&gt;</span> <span class='ocrx_word' id='word_1_508' title='bbox 1520 3576 1567 3632; x_wconf 93' lang='lat' dir='ltr'>hic</span> <span class='ocrx_word' id='word_1_509' title='bbox 1588 3579 1770 3648; x_wconf 87' lang='lat' dir='ltr'>pullularunt</span> 
     </span>
     <span class='ocr_line' id='line_1_39' title="bbox 68 3661 1768 3736; baseline 0.004 -14"><span class='ocrx_word' id='word_1_510' title='bbox 68 3667 141 3724; x_wconf 93' lang='lat' dir='ltr'>mine</span> <span class='ocrx_word' id='word_1_511' title='bbox 154 3665 281 3723; x_wconf 90' lang='lat' dir='ltr'>alterius</span> <span class='ocrx_word' id='word_1_512' title='bbox 298 3666 480 3735; x_wconf 84' lang='lat' dir='ltr'>cujusquam,</span> <span class='ocrx_word' id='word_1_513' title='bbox 492 3678 583 3736; x_wconf 92' lang='lat' dir='ltr'>neque</span> <span class='ocrx_word' id='word_1_514' title='bbox 603 3668 718 3734; x_wconf 90' lang='lat' dir='ltr'>propter</span> <span class='ocrx_word' id='word_1_515' title='bbox 729 3662 809 3718; x_wconf 91' lang='lat' dir='ltr'>aliud</span> <span class='ocrx_word' id='word_1_516' title='bbox 822 3661 891 3732; x_wconf 93' lang='lat' dir='ltr'>quid</span> <span class='ocrx_word' id='word_1_517' title='bbox 948 3662 1108 3730; x_wconf 90' lang='lat' dir='ltr'>emundari,</span> <span class='ocrx_word' id='word_1_518' title='bbox 1120 3667 1149 3718; x_wconf 94' lang='lat' dir='ltr'>et</span> <span class='ocrx_word' id='word_1_519' title='bbox 1168 3662 1197 3717; x_wconf 93' lang='lat' dir='ltr'>in</span> <span class='ocrx_word' id='word_1_520' title='bbox 1217 3662 1430 3718; x_wconf 82' lang='lat' dir='ltr'>convenientem</span> <span class='ocrx_word' id='word_1_521' title='bbox 1447 3663 1606 3736; x_wconf 83' lang='lat' dir='ltr'>bonamque</span> <span class='ocrx_word' id='word_1_522' title='bbox 1625 3669 1768 3728; x_wconf 90' lang='lat' dir='ltr'>culturam</span> 
     </span>
     <span class='ocr_line' id='line_1_40' title="bbox 68 3749 1773 3826; baseline 0.003 -15"><span class='ocrx_word' id='word_1_523' title='bbox 68 3770 164 3812; x_wconf 91' lang='lat' dir='ltr'>eorum</span> <span class='ocrx_word' id='word_1_524' title='bbox 186 3768 251 3826; x_wconf 79' lang='lat' dir='ltr'>quae</span> <span class='ocrx_word' id='word_1_525' title='bbox 269 3760 337 3810; x_wconf 90' lang='lat' dir='ltr'>suut</span> <span class='ocrx_word' id='word_1_526' title='bbox 353 3758 545 3809; x_wconf 87' lang='lat' dir='ltr'>convenerunt</span> <span class='ocrx_word' id='word_1_527' title='bbox 561 3753 617 3808; x_wconf 86' lang='lat' dir='ltr'>Deo</span> <span class='ocrx_word' id='word_1_528' title='bbox 627 3750 763 3807; x_wconf 90' lang='lat' dir='ltr'>amabilia</span> <span class='ocrx_word' id='word_1_529' title='bbox 775 3749 894 3820; x_wconf 91' lang='lat' dir='ltr'>patriar·</span> <span class='ocrx_word' id='word_1_530' title='bbox 948 3751 1074 3811; x_wconf 89' lang='lat' dir='ltr'>restitui.</span> <span class='ocrx_word' id='word_1_531' title='bbox 1089 3751 1228 3822; x_wconf 86' lang='lat' dir='ltr'>Cupimus</span> <span class='ocrx_word' id='word_1_532' title='bbox 1243 3751 1333 3822; x_wconf 89' lang='lat' dir='ltr'>igitur</span> <span class='ocrx_word' id='word_1_533' title='bbox 1350 3766 1398 3808; x_wconf 92' lang='grc' dir='ltr'>οοι</span> <span class='ocrx_word' id='word_1_534' title='bbox 1415 3753 1469 3810; x_wconf 94' lang='lat' dir='ltr'>hoc</span> <span class='ocrx_word' id='word_1_535' title='bbox 1486 3754 1625 3811; x_wconf 89' lang='lat' dir='ltr'>intimari.</span> <span class='ocrx_word' id='word_1_536' title='bbox 1647 3759 1681 3813; x_wconf 87' lang='lat' dir='ltr'>Et</span> <span class='ocrx_word' id='word_1_537' title='bbox 1700 3760 1773 3816; x_wconf 93' lang='lat' dir='ltr'>hor-</span> 
     </span>
     <span class='ocr_line' id='line_1_41' title="bbox 68 3839 1774 3912; baseline 0.003 -13"><span class='ocrx_word' id='word_1_538' title='bbox 68 3844 130 3900; x_wconf 87' lang='lat' dir='ltr'>cbia</span> <span class='ocrx_word' id='word_1_539' title='bbox 153 3844 223 3912; x_wconf 87' lang='lat' dir='ltr'>tria,</span> <span class='ocrx_word' id='word_1_540' title='bbox 243 3843 291 3899; x_wconf 93' lang='lat' dir='ltr'>sed</span> <span class='ocrx_word' id='word_1_541' title='bbox 310 3846 425 3912; x_wconf 92' lang='lat' dir='ltr'>propter</span> <span class='ocrx_word' id='word_1_542' title='bbox 444 3840 559 3897; x_wconf 92' lang='lat' dir='ltr'>nomine</span> <span class='ocrx_word' id='word_1_543' title='bbox 577 3839 691 3895; x_wconf 90' lang='lat' dir='ltr'>Domini</span> <span class='ocrx_word' id='word_1_544' title='bbox 713 3844 806 3896; x_wconf 90' lang='lat' dir='ltr'>nostrt</span> <span class='ocrx_word' id='word_1_545' title='bbox 826 3840 892 3893; x_wconf 85' lang='lat' dir='ltr'>iesu</span> <span class='ocrx_word' id='word_1_546' title='bbox 948 3849 1024 3900; x_wconf 90' lang='lat' dir='ltr'>tatus</span> <span class='ocrx_word' id='word_1_547' title='bbox 1040 3841 1200 3911; x_wconf 87' lang='lat' dir='ltr'>Stephanus</span> <span class='ocrx_word' id='word_1_548' title='bbox 1218 3841 1472 3898; x_wconf 89' lang='lat' dir='ltr'>reverendissimus</span> <span class='ocrx_word' id='word_1_549' title='bbox 1491 3843 1630 3900; x_wconf 89' lang='lat' dir='ltr'>diaconus</span> <span class='ocrx_word' id='word_1_550' title='bbox 1645 3851 1673 3901; x_wconf 92' lang='lat' dir='ltr'>et</span> <span class='ocrx_word' id='word_1_551' title='bbox 1687 3853 1774 3904; x_wconf 86' lang='lat' dir='ltr'>nota-</span> 
     </span>
     <span class='ocr_line' id='line_1_42' title="bbox 67 3928 1773 4003; baseline 0 -15"><span class='ocrx_word' id='word_1_552' title='bbox 67 3932 186 4003; x_wconf 81' lang='lat' dir='ltr'>dhristi,</span> <span class='ocrx_word' id='word_1_553' title='bbox 203 3946 220 3987; x_wconf 92' lang='lat' dir='ltr'>a</span> <span class='ocrx_word' id='word_1_554' title='bbox 238 3946 296 4003; x_wconf 91' lang='lat' dir='ltr'>quo</span> <span class='ocrx_word' id='word_1_555' title='bbox 312 3929 446 3986; x_wconf 83' lang='lat' dir='ltr'>videlicet</span> <span class='ocrx_word' id='word_1_556' title='bbox 462 3929 617 3985; x_wconf 91' lang='lat' dir='ltr'>mercedem</span> <span class='ocrx_word' id='word_1_557' title='bbox 629 3932 656 3984; x_wconf 94' lang='lat' dir='ltr'>et</span> <span class='ocrx_word' id='word_1_558' title='bbox 673 3928 892 3985; x_wconf 90' lang='lat' dir='ltr'>retributionem</span> <span class='ocrx_word' id='word_1_559' title='bbox 948 3935 1010 3990; x_wconf 85' lang='lat' dir='ltr'>rias</span> <span class='ocrx_word' id='word_1_560' title='bbox 1026 3946 1041 3986; x_wconf 92' lang='lat' dir='ltr'>a</span> <span class='ocrx_word' id='word_1_561' title='bbox 1057 3930 1240 3986; x_wconf 89' lang='lat' dir='ltr'>sanctissimo</span> <span class='ocrx_word' id='word_1_562' title='bbox 1260 3930 1421 3999; x_wconf 88' lang='lat' dir='ltr'>patriarcba</span> <span class='ocrx_word' id='word_1_563' title='bbox 1439 3931 1558 4003; x_wconf 85' lang='lat' dir='ltr'>ignatio,</span> <span class='ocrx_word' id='word_1_564' title='bbox 1576 3938 1654 3989; x_wconf 91' lang='lat' dir='ltr'>stans</span> <span class='ocrx_word' id='word_1_565' title='bbox 1673 3935 1702 3991; x_wconf 90' lang='lat' dir='ltr'>in</span> <span class='ocrx_word' id='word_1_566' title='bbox 1719 3950 1773 3992; x_wconf 75' lang='lat' dir='ltr'>me</span> 
     </span>
     <span class='ocr_line' id='line_1_43' title="bbox 71 4019 1774 4093; baseline 0.002 -15"><span class='ocrx_word' id='word_1_567' title='bbox 71 4021 238 4092; x_wconf 88' lang='lat' dir='ltr'>percipient.</span> <span class='ocrx_word' id='word_1_568' title='bbox 269 4020 337 4075; x_wconf 82' lang='lat' dir='ltr'>Vivo</span> <span class='ocrx_word' id='word_1_569' title='bbox 362 4022 443 4082; x_wconf 84' lang='lat' dir='ltr'>enim,</span> <span class='ocrx_word' id='word_1_570' title='bbox 471 4019 538 4074; x_wconf 82' lang='lat' dir='ltr'>dicit</span> <span class='ocrx_word' id='word_1_571' title='bbox 555 4021 697 4080; x_wconf 76' lang='lat' dir='ltr'>Dominus,</span> <span class='ocrx_word' id='word_1_572' title='bbox 719 4019 768 4073; x_wconf 83' lang='lat' dir='ltr'>sed</span> <span class='ocrx_word' id='word_1_573' title='bbox 786 4019 894 4088; x_wconf 70' lang='lat' dir='ltr'>elerii-</span> <span class='ocrx_word' id='word_1_574' title='bbox 946 4024 1007 4093; x_wconf 94' lang='lat' dir='ltr'>dio,</span> <span class='ocrx_word' id='word_1_575' title='bbox 1022 4021 1056 4078; x_wconf 90' lang='lat' dir='ltr'>ad</span> <span class='ocrx_word' id='word_1_576' title='bbox 1069 4025 1195 4077; x_wconf 89' lang='lat' dir='ltr'>sanctam</span> <span class='ocrx_word' id='word_1_577' title='bbox 1211 4019 1349 4089; x_wconf 90' lang='lat' dir='ltr'>synodum</span> <span class='ocrx_word' id='word_1_578' title='bbox 1364 4019 1459 4074; x_wconf 88' lang='lat' dir='ltr'>dixit:</span> <span class='ocrx_word' id='word_1_579' title='bbox 1474 4021 1568 4076; x_wconf 90' lang='lat' dir='ltr'>Placet</span> <span class='ocrx_word' id='word_1_580' title='bbox 1583 4024 1774 4082; x_wconf 80' lang='lat' dir='ltr'>omnibusve·</span> 
     </span>
     <span class='ocr_line' id='line_1_44' title="bbox 71 4107 1774 4183; baseline 0.004 -19"><span class='ocrx_word' id='word_1_581' title='bbox 71 4116 156 4166; x_wconf 69' lang='lat' dir='ltr'>mame</span> <span class='ocrx_word' id='word_1_582' title='bbox 177 4127 231 4172; x_wconf 87' lang='lat' dir='ltr'>me,</span> <span class='ocrx_word' id='word_1_583' title='bbox 252 4109 417 4180; x_wconf 69' lang='lat' dir='ltr'>glorificabo.</span> <span class='ocrx_word' id='word_1_584' title='bbox 441 4110 476 4163; x_wconf 85' lang='lat' dir='ltr'>Et</span> <span class='ocrx_word' id='word_1_585' title='bbox 496 4111 545 4179; x_wconf 84' lang='lat' dir='ltr'>qui</span> <span class='ocrx_word' id='word_1_586' title='bbox 566 4109 661 4177; x_wconf 84' lang='lat' dir='ltr'>abjicit</span> <span class='ocrx_word' id='word_1_587' title='bbox 673 4124 725 4171; x_wconf 89' lang='lat' dir='ltr'>me,</span> <span class='ocrx_word' id='word_1_588' title='bbox 741 4109 895 4162; x_wconf 82' lang='lat' dir='ltr'>inhonora-</span> <span class='ocrx_word' id='word_1_589' title='bbox 948 4113 993 4169; x_wconf 90' lang='lat' dir='ltr'>bis</span> <span class='ocrx_word' id='word_1_590' title='bbox 1006 4117 1038 4169; x_wconf 92' lang='lat' dir='ltr'>ut</span> <span class='ocrx_word' id='word_1_591' title='bbox 1053 4109 1230 4166; x_wconf 83' lang='lat' dir='ltr'>examinetur</span> <span class='ocrx_word' id='word_1_592' title='bbox 1242 4107 1400 4178; x_wconf 89' lang='lat' dir='ltr'>capitulum</span> <span class='ocrx_word' id='word_1_593' title='bbox 1416 4107 1468 4162; x_wconf 93' lang='lat' dir='ltr'>hoc</span> <span class='ocrx_word' id='word_1_594' title='bbox 1480 4108 1569 4164; x_wconf 84' lang='lat' dir='ltr'>iTota</span> <span class='ocrx_word' id='word_1_595' title='bbox 1584 4116 1680 4167; x_wconf 90' lang='lat' dir='ltr'>sancta</span> <span class='ocrx_word' id='word_1_596' title='bbox 1693 4127 1774 4183; x_wconf 92' lang='lat' dir='ltr'>syuo-</span> 
     </span>
     <span class='ocr_line' id='line_1_45' title="bbox 74 4194 1772 4273; baseline 0.003 -19"><span class='ocrx_word' id='word_1_597' title='bbox 74 4198 141 4254; x_wconf 81' lang='lat' dir='ltr'>bitur</span> <span class='ocrx_word' id='word_1_598' title='bbox 156 4198 247 4272; x_wconf 81' lang='lat' dir='ltr'>(Proo.</span> <span class='ocrx_word' id='word_1_599' title='bbox 261 4198 413 4273; x_wconf 70' lang='lat' dir='ltr'>stupeum</span> <span class='ocrx_word' id='word_1_600' title='bbox 432 4197 538 4270; x_wconf 91' lang='lat' dir='ltr'>quibus</span> <span class='ocrx_word' id='word_1_601' title='bbox 554 4194 711 4254; x_wconf 84' lang='lat' dir='ltr'>efficiamur</span> <span class='ocrx_word' id='word_1_602' title='bbox 729 4202 757 4253; x_wconf 89' lang='lat' dir='ltr'>et</span> <span class='ocrx_word' id='word_1_603' title='bbox 774 4210 825 4253; x_wconf 91' lang='lat' dir='ltr'>nos</span> <span class='ocrx_word' id='word_1_604' title='bbox 842 4210 894 4252; x_wconf 92' lang='lat' dir='ltr'>co-</span> <span class='ocrx_word' id='word_1_605' title='bbox 947 4203 1003 4258; x_wconf 93' lang='lat' dir='ltr'>dus</span> <span class='ocrx_word' id='word_1_606' title='bbox 1030 4199 1199 4256; x_wconf 78' lang='lat' dir='ltr'>exclamavit</span> <span class='ocrx_word' id='word_1_607' title='bbox 1213 4215 1219 4251; x_wconf 93' lang='lat'>:</span> <span class='ocrx_word' id='word_1_608' title='bbox 1234 4197 1329 4252; x_wconf 87' lang='lat' dir='ltr'>Placet</span> <span class='ocrx_word' id='word_1_609' title='bbox 1352 4196 1495 4252; x_wconf 91' lang='lat' dir='ltr'>omnibus.</span> <span class='ocrx_word' id='word_1_610' title='bbox 1518 4198 1552 4252; x_wconf 88' lang='lat' dir='ltr'>Et</span> <span class='ocrx_word' id='word_1_611' title='bbox 1567 4200 1695 4267; x_wconf 90' lang='lat' dir='ltr'>posthoc</span> <span class='ocrx_word' id='word_1_612' title='bbox 1722 4217 1772 4273; x_wconf 93' lang='lat' dir='ltr'>per</span> 
     </span>
     <span class='ocr_line' id='line_1_46' title="bbox 73 4284 1770 4362; baseline 0.001 -15"><span class='ocrx_word' id='word_1_613' title='bbox 73 4286 406 4358; x_wconf 80' lang='lat' dir='ltr'>operatoreseorumdem</span> <span class='ocrx_word' id='word_1_614' title='bbox 418 4286 559 4357; x_wconf 82' lang='lat' dir='ltr'>laborum,</span> <span class='ocrx_word' id='word_1_615' title='bbox 571 4285 727 4357; x_wconf 76' lang='lat' dir='ltr'>participes</span> <span class='ocrx_word' id='word_1_616' title='bbox 744 4287 827 4351; x_wconf 85' lang='lat' dir='ltr'>abeo</span> <span class='ocrx_word' id='word_1_617' title='bbox 837 4284 896 4340; x_wconf 80' lang='lat' dir='ltr'>irl—</span> <span class='ocrx_word' id='word_1_618' title='bbox 946 4290 1103 4361; x_wconf 88' lang='lat' dir='ltr'>jussionem</span> <span class='ocrx_word' id='word_1_619' title='bbox 1119 4292 1223 4343; x_wconf 77' lang='lat' dir='ltr'>sanctae</span> <span class='ocrx_word' id='word_1_620' title='bbox 1237 4285 1337 4357; x_wconf 86' lang='lat' dir='ltr'>synodi</span> <span class='ocrx_word' id='word_1_621' title='bbox 1354 4284 1513 4341; x_wconf 91' lang='lat' dir='ltr'>intromissi</span> <span class='ocrx_word' id='word_1_622' title='bbox 1528 4292 1596 4343; x_wconf 86' lang='lat' dir='ltr'>sunt</span> <span class='ocrx_word' id='word_1_623' title='bbox 1608 4293 1703 4362; x_wconf 89' lang='lat' dir='ltr'>testes,</span> <span class='ocrx_word' id='word_1_624' title='bbox 1720 4291 1770 4361; x_wconf 93' lang='lat' dir='ltr'>qui</span> 
     </span>
     <span class='ocr_line' id='line_1_47' title="bbox 74 4368 1769 4447; baseline 0.001 -15"><span class='ocrx_word' id='word_1_625' title='bbox 74 4375 189 4434; x_wconf 81' lang='lat' dir='ltr'>bueudae</span> <span class='ocrx_word' id='word_1_626' title='bbox 209 4376 371 4432; x_wconf 86' lang='lat' dir='ltr'>mercedum</span> <span class='ocrx_word' id='word_1_627' title='bbox 387 4374 659 4446; x_wconf 85' lang='lat' dir='ltr'>recompensationis</span> <span class='ocrx_word' id='word_1_628' title='bbox 677 4374 707 4430; x_wconf 91' lang='lat' dir='ltr'>in</span> <span class='ocrx_word' id='word_1_629' title='bbox 718 4374 815 4431; x_wconf 88' lang='lat' dir='ltr'>eodem</span> <span class='ocrx_word' id='word_1_630' title='bbox 825 4376 892 4447; x_wconf 85' lang='lat' dir='ltr'>Deo,</span> <span class='ocrx_word' id='word_1_631' title='bbox 907 4368 935 4429; x_wconf 92' lang='lat' dir='ltr'>D</span> <span class='ocrx_word' id='word_1_632' title='bbox 949 4378 1090 4436; x_wconf 78' lang='lat' dir='ltr'>fallaciter</span> <span class='ocrx_word' id='word_1_633' title='bbox 1105 4377 1274 4445; x_wconf 84' lang='lat' dir='ltr'>juraverunt</span> <span class='ocrx_word' id='word_1_634' title='bbox 1288 4379 1386 4429; x_wconf 91' lang='lat' dir='ltr'>eontra</span> <span class='ocrx_word' id='word_1_635' title='bbox 1405 4374 1547 4445; x_wconf 90' lang='lat' dir='ltr'>ignatium</span> <span class='ocrx_word' id='word_1_636' title='bbox 1568 4377 1769 4445; x_wconf 82' lang='lat' dir='ltr'>patriarcham,</span> 
     </span>
     <span class='ocr_line' id='line_1_48' title="bbox 75 4461 1769 4536; baseline -0.002 -13"><span class='ocrx_word' id='word_1_637' title='bbox 75 4466 120 4536; x_wconf 88' lang='lat' dir='ltr'>qui</span> <span class='ocrx_word' id='word_1_638' title='bbox 138 4464 330 4523; x_wconf 59' lang='lat' dir='ltr'>dat‘salutem</span> <span class='ocrx_word' id='word_1_639' title='bbox 356 4464 576 4535; x_wconf 88' lang='lat' dir='ltr'>imperatoribus</span> <span class='ocrx_word' id='word_1_640' title='bbox 594 4464 712 4535; x_wconf 88' lang='lat' dir='ltr'>nostris,</span> <span class='ocrx_word' id='word_1_641' title='bbox 732 4463 848 4532; x_wconf 83' lang='lat' dir='ltr'>Basilio,</span> <span class='ocrx_word' id='word_1_642' title='bbox 867 4469 895 4521; x_wconf 93' lang='lat' dir='ltr'>et</span> <span class='ocrx_word' id='word_1_643' title='bbox 949 4480 1043 4525; x_wconf 91' lang='lat' dir='ltr'>coram</span> <span class='ocrx_word' id='word_1_644' title='bbox 1063 4464 1228 4521; x_wconf 85' lang='lat' dir='ltr'>ilhadoaldo</span> <span class='ocrx_word' id='word_1_645' title='bbox 1242 4468 1270 4518; x_wconf 92' lang='lat' dir='ltr'>et</span> <span class='ocrx_word' id='word_1_646' title='bbox 1288 4461 1422 4517; x_wconf 88' lang='lat' dir='ltr'>zacharia</span> <span class='ocrx_word' id='word_1_647' title='bbox 1445 4463 1587 4532; x_wconf 90' lang='lat' dir='ltr'>quondam</span> <span class='ocrx_word' id='word_1_648' title='bbox 1607 4465 1769 4535; x_wconf 88' lang='lat' dir='ltr'>episcopis:</span> 
     </span>
     <span class='ocr_line' id='line_1_49' title="bbox 74 4551 1772 4626; baseline 0.001 -16"><span class='ocrx_word' id='word_1_649' title='bbox 74 4553 269 4625; x_wconf 77' lang='lat' dir='ltr'>Constantino,</span> <span class='ocrx_word' id='word_1_650' title='bbox 289 4558 318 4610; x_wconf 92' lang='lat' dir='ltr'>et</span> <span class='ocrx_word' id='word_1_651' title='bbox 337 4553 433 4623; x_wconf 77' lang='lat' dir='ltr'>icem,</span> <span class='ocrx_word' id='word_1_652' title='bbox 455 4559 483 4610; x_wconf 93' lang='lat' dir='ltr'>et</span> <span class='ocrx_word' id='word_1_653' title='bbox 502 4567 551 4624; x_wconf 91' lang='lat' dir='ltr'>per</span> <span class='ocrx_word' id='word_1_654' title='bbox 569 4567 617 4610; x_wconf 93' lang='lat' dir='ltr'>eos</span> <span class='ocrx_word' id='word_1_655' title='bbox 640 4553 782 4610; x_wconf 89' lang='lat' dir='ltr'>instaurat</span> <span class='ocrx_word' id='word_1_656' title='bbox 799 4553 897 4626; x_wconf 88' lang='lat' dir='ltr'>regio-</span> <span class='ocrx_word' id='word_1_657' title='bbox 949 4566 977 4617; x_wconf 83' lang='lat' dir='ltr'>et</span> <span class='ocrx_word' id='word_1_658' title='bbox 992 4555 1135 4614; x_wconf 83' lang='lat' dir='ltr'>stantibus</span> <span class='ocrx_word' id='word_1_659' title='bbox 1149 4553 1191 4609; x_wconf 90' lang='lat' dir='ltr'>eis</span> <span class='ocrx_word' id='word_1_660' title='bbox 1206 4553 1236 4608; x_wconf 90' lang='lat' dir='ltr'>io</span> <span class='ocrx_word' id='word_1_661' title='bbox 1253 4551 1355 4620; x_wconf 90' lang='lat' dir='ltr'>medio,</span> <span class='ocrx_word' id='word_1_662' title='bbox 1372 4551 1648 4623; x_wconf 78' lang='lat' dir='ltr'>magnificentissimi</span> <span class='ocrx_word' id='word_1_663' title='bbox 1664 4559 1692 4609; x_wconf 93' lang='lat' dir='ltr'>et</span> <span class='ocrx_word' id='word_1_664' title='bbox 1707 4555 1772 4626; x_wconf 88' lang='lat' dir='ltr'>glo-</span> 
     </span>
     <span class='ocr_line' id='line_1_50' title="bbox 75 4639 1773 4716; baseline 0.001 -18"><span class='ocrx_word' id='word_1_665' title='bbox 75 4656 133 4699; x_wconf 89' lang='lat' dir='ltr'>aem</span> <span class='ocrx_word' id='word_1_666' title='bbox 156 4649 187 4699; x_wconf 86' lang='lat' dir='ltr'>et</span> <span class='ocrx_word' id='word_1_667' title='bbox 210 4643 333 4714; x_wconf 90' lang='lat' dir='ltr'>patriam</span> <span class='ocrx_word' id='word_1_668' title='bbox 353 4642 495 4713; x_wconf 82' lang='lat' dir='ltr'>parochia</span> <span class='ocrx_word' id='word_1_669' title='bbox 510 4642 702 4716; x_wconf 68' lang='lat' dir='ltr'>nostraque</span> <span class='ocrx_word' id='word_1_670' title='bbox 723 4642 831 4714; x_wconf 87' lang='lat' dir='ltr'>pridem</span> <span class='ocrx_word' id='word_1_671' title='bbox 847 4656 897 4713; x_wconf 80' lang='lat' dir='ltr'>per</span> <span class='ocrx_word' id='word_1_672' title='bbox 951 4646 1077 4705; x_wconf 93' lang='lat' dir='ltr'>riossimi</span> <span class='ocrx_word' id='word_1_673' title='bbox 1103 4643 1247 4714; x_wconf 88' lang='lat' dir='ltr'>principes</span> <span class='ocrx_word' id='word_1_674' title='bbox 1263 4642 1296 4696; x_wconf 91' lang='lat' dir='ltr'>ad</span> <span class='ocrx_word' id='word_1_675' title='bbox 1320 4639 1517 4696; x_wconf 87' lang='lat' dir='ltr'>sanctissimos</span> <span class='ocrx_word' id='word_1_676' title='bbox 1538 4640 1593 4696; x_wconf 93' lang='lat' dir='ltr'>loci</span> <span class='ocrx_word' id='word_1_677' title='bbox 1616 4649 1773 4700; x_wconf 88' lang='lat' dir='ltr'>servatores</span> 
     </span>
     <span class='ocr_line' id='line_1_51' title="bbox 76 4728 1807 4804; baseline 0.001 -17"><span class='ocrx_word' id='word_1_678' title='bbox 76 4732 214 4788; x_wconf 79' lang='lat' dir='ltr'>desidiam</span> <span class='ocrx_word' id='word_1_679' title='bbox 226 4745 324 4788; x_wconf 92' lang='lat' dir='ltr'>eorum</span> <span class='ocrx_word' id='word_1_680' title='bbox 335 4731 385 4804; x_wconf 90' lang='lat' dir='ltr'>qui</span> <span class='ocrx_word' id='word_1_681' title='bbox 397 4731 805 4803; x_wconf 79' lang='lat' dir='ltr'>priusimpcraveruntablatae</span> <span class='ocrx_word' id='word_1_682' title='bbox 818 4737 895 4802; x_wconf 92' lang='lat' dir='ltr'>sunt,</span> <span class='ocrx_word' id='word_1_683' title='bbox 950 4738 1086 4794; x_wconf 79' lang='lat' dir='ltr'>dixerunt</span> <span class='ocrx_word' id='word_1_684' title='bbox 1101 4752 1107 4787; x_wconf 91' lang='lat'><strong>:</strong></span> <span class='ocrx_word' id='word_1_685' title='bbox 1124 4730 1269 4802; x_wconf 90' lang='lat' dir='ltr'>Quomodo</span> <span class='ocrx_word' id='word_1_686' title='bbox 1288 4729 1369 4786; x_wconf 86' lang='lat' dir='ltr'>vobis</span> <span class='ocrx_word' id='word_1_687' title='bbox 1388 4728 1500 4784; x_wconf 88' lang='lat' dir='ltr'>videtur</span> <span class='ocrx_word' id='word_1_688' title='bbox 1518 4729 1553 4784; x_wconf 88' lang='lat' dir='ltr'>do</span> <span class='ocrx_word' id='word_1_689' title='bbox 1573 4729 1662 4785; x_wconf 75' lang='lat' dir='ltr'>illisi</span> <span class='ocrx_word' id='word_1_690' title='bbox 1677 4745 1774 4788; x_wconf 92' lang='lat' dir='ltr'>omnes</span> <span class='ocrx_word' id='word_1_691' title='bbox 1804 4730 1807 4735; x_wconf 74' lang='grc'>’</span> 
     </span>
     <span class='ocr_line' id='line_1_52' title="bbox 76 4818 1774 4892; baseline 0 -16"><span class='ocrx_word' id='word_1_692' title='bbox 76 4820 256 4877; x_wconf 90' lang='lat' dir='ltr'>orationibus</span> <span class='ocrx_word' id='word_1_693' title='bbox 269 4826 298 4875; x_wconf 91' lang='lat' dir='ltr'>et</span> <span class='ocrx_word' id='word_1_694' title='bbox 316 4820 573 4878; x_wconf 88' lang='lat' dir='ltr'>intercessionibus</span> <span class='ocrx_word' id='word_1_695' title='bbox 590 4820 713 4877; x_wconf 86' lang='lat' dir='ltr'>dominae</span> <span class='ocrx_word' id='word_1_696' title='bbox 729 4825 832 4876; x_wconf 77' lang='lat' dir='ltr'>nostrae</span> <span class='ocrx_word' id='word_1_697' title='bbox 845 4821 896 4877; x_wconf 87' lang='lat' dir='ltr'>Dei</span> <span class='ocrx_word' id='word_1_698' title='bbox 952 4825 1063 4884; x_wconf 82' lang='lat' dir='ltr'>hahetis</span> <span class='ocrx_word' id='word_1_699' title='bbox 1077 4824 1251 4892; x_wconf 87' lang='lat' dir='ltr'>interrogare</span> <span class='ocrx_word' id='word_1_700' title='bbox 1261 4818 1460 4888; x_wconf 89' lang='lat' dir='ltr'>communiter,</span> <span class='ocrx_word' id='word_1_701' title='bbox 1471 4831 1507 4873; x_wconf 86' lang='lat' dir='ltr'>an</span> <span class='ocrx_word' id='word_1_702' title='bbox 1518 4823 1774 4892; x_wconf 71' lang='lat' dir='ltr'>unumquemque?</span> 
     </span>
     <span class='ocr_line' id='line_1_53' title="bbox 77 4906 1773 4982; baseline -0.001 -16"><span class='ocrx_word' id='word_1_703' title='bbox 77 4910 235 4982; x_wconf 88' lang='lat' dir='ltr'>genitricis,</span> <span class='ocrx_word' id='word_1_704' title='bbox 246 4915 275 4967; x_wconf 92' lang='lat' dir='ltr'>et</span> <span class='ocrx_word' id='word_1_705' title='bbox 286 4911 414 4966; x_wconf 90' lang='lat' dir='ltr'>omnium</span> <span class='ocrx_word' id='word_1_706' title='bbox 427 4916 599 4967; x_wconf 91' lang='lat' dir='ltr'>sanctorum.</span> <span class='ocrx_word' id='word_1_707' title='bbox 611 4911 710 4966; x_wconf 89' lang='lat' dir='ltr'>limen.</span> <span class='ocrx_word' id='word_1_708' title='bbox 951 4911 1131 4972; x_wconf 88' lang='lat' dir='ltr'>sanctissimi</span> <span class='ocrx_word' id='word_1_709' title='bbox 1153 4907 1253 4964; x_wconf 87' lang='lat' dir='ltr'>vicarii</span> <span class='ocrx_word' id='word_1_710' title='bbox 1275 4906 1412 4962; x_wconf 83' lang='lat' dir='ltr'>dixerunt</span> <span class='ocrx_word' id='word_1_711' title='bbox 1427 4925 1433 4960; x_wconf 92' lang='lat'>:</span> <span class='ocrx_word' id='word_1_712' title='bbox 1450 4907 1653 4980; x_wconf 81' lang='lat' dir='ltr'>Unusquisque</span> <span class='ocrx_word' id='word_1_713' title='bbox 1675 4925 1773 4968; x_wconf 72' lang='lat' dir='ltr'>cirrum</span> 
     </span>
    </p>

    <p class='ocr_par' dir='ltr' id='par_1_5' title="bbox 78 4996 1773 5605">
     <span class='ocr_line' id='line_1_54' title="bbox 107 4996 1771 5071; baseline -0.001 -17"><span class='ocrx_word' id='word_1_714' title='bbox 107 5000 142 5054; x_wconf 81' lang='lat' dir='ltr'>et</span> <span class='ocrx_word' id='word_1_715' title='bbox 168 5005 234 5070; x_wconf 88' lang='lat' dir='ltr'>post</span> <span class='ocrx_word' id='word_1_716' title='bbox 263 4998 412 5056; x_wconf 90' lang='lat' dir='ltr'>lectionem</span> <span class='ocrx_word' id='word_1_717' title='bbox 442 5003 539 5055; x_wconf 90' lang='lat' dir='ltr'>saneta</span> <span class='ocrx_word' id='word_1_718' title='bbox 573 5000 745 5057; x_wconf 83' lang='lat' dir='ltr'>universalis</span> <span class='ocrx_word' id='word_1_719' title='bbox 773 5001 899 5071; x_wconf 91' lang='lat' dir='ltr'>synodus</span> <span class='ocrx_word' id='word_1_720' title='bbox 954 5004 1153 5071; x_wconf 87' lang='lat' dir='ltr'>interrogetur.</span> <span class='ocrx_word' id='word_1_721' title='bbox 1194 4999 1229 5051; x_wconf 86' lang='lat' dir='ltr'>Et</span> <span class='ocrx_word' id='word_1_722' title='bbox 1264 5001 1329 5052; x_wconf 91' lang='lat' dir='ltr'>ante</span> <span class='ocrx_word' id='word_1_723' title='bbox 1363 5009 1460 5051; x_wconf 92' lang='lat' dir='ltr'>omnes</span> <span class='ocrx_word' id='word_1_724' title='bbox 1499 4996 1692 5068; x_wconf 82' lang='lat' dir='ltr'>interrogatus</span> <span class='ocrx_word' id='word_1_725' title='bbox 1729 5003 1771 5053; x_wconf 89' lang='lat' dir='ltr'>est</span> 
     </span>
     <span class='ocr_line' id='line_1_55' title="bbox 78 5085 1770 5159; baseline -0.002 -18"><span class='ocrx_word' id='word_1_726' title='bbox 78 5086 168 5143; x_wconf 84' lang='lat' dir='ltr'>dixit:</span> <span class='ocrx_word' id='word_1_727' title='bbox 188 5087 307 5158; x_wconf 89' lang='lat' dir='ltr'>Littera,</span> <span class='ocrx_word' id='word_1_728' title='bbox 325 5101 389 5158; x_wconf 78' lang='lat' dir='ltr'>qua</span> <span class='ocrx_word' id='word_1_729' title='bbox 407 5087 477 5143; x_wconf 88' lang='lat' dir='ltr'>lecta</span> <span class='ocrx_word' id='word_1_730' title='bbox 497 5091 549 5158; x_wconf 89' lang='lat' dir='ltr'>est,</span> <span class='ocrx_word' id='word_1_731' title='bbox 570 5088 739 5145; x_wconf 82' lang='lat' dir='ltr'>certificavit</span> <span class='ocrx_word' id='word_1_732' title='bbox 752 5102 900 5159; x_wconf 91' lang='lat' dir='ltr'>nossuper</span> <span class='ocrx_word' id='word_1_733' title='bbox 953 5090 1118 5148; x_wconf 88' lang='lat' dir='ltr'>Theodorus</span> <span class='ocrx_word' id='word_1_734' title='bbox 1134 5102 1150 5143; x_wconf 92' lang='lat' dir='ltr'>a</span> <span class='ocrx_word' id='word_1_735' title='bbox 1170 5085 1360 5142; x_wconf 89' lang='lat' dir='ltr'>sanctissimis</span> <span class='ocrx_word' id='word_1_736' title='bbox 1377 5085 1495 5141; x_wconf 87' lang='lat' dir='ltr'>vicariis</span> <span class='ocrx_word' id='word_1_737' title='bbox 1516 5086 1640 5142; x_wconf 92' lang='lat' dir='ltr'>senioris</span> <span class='ocrx_word' id='word_1_738' title='bbox 1659 5088 1770 5141; x_wconf 80' lang='lat' dir='ltr'>homa:</span> 
     </span>
     <span class='ocr_line' id='line_1_56' title="bbox 80 5171 1773 5250; baseline -0.002 -20"><span class='ocrx_word' id='word_1_739' title='bbox 80 5176 180 5245; x_wconf 89' lang='lat' dir='ltr'>omnia,</span> <span class='ocrx_word' id='word_1_740' title='bbox 202 5175 277 5247; x_wconf 93' lang='lat' dir='ltr'>quod</span> <span class='ocrx_word' id='word_1_741' title='bbox 297 5182 435 5232; x_wconf 90' lang='lat' dir='ltr'>consonet</span> <span class='ocrx_word' id='word_1_742' title='bbox 450 5177 563 5247; x_wconf 78' lang='lat' dir='ltr'>iudicio</span> <span class='ocrx_word' id='word_1_743' title='bbox 583 5182 689 5233; x_wconf 80' lang='lat' dir='ltr'>sancta</span> <span class='ocrx_word' id='word_1_744' title='bbox 707 5178 899 5235; x_wconf 85' lang='lat' dir='ltr'>Romanorum</span> <span class='ocrx_word' id='word_1_745' title='bbox 955 5179 1009 5250; x_wconf 85' lang='lat' dir='ltr'>Qui</span> <span class='ocrx_word' id='word_1_746' title='bbox 1021 5177 1155 5234; x_wconf 87' lang='lat' dir='ltr'>vocaris‘l</span> <span class='ocrx_word' id='word_1_747' title='bbox 1168 5175 1221 5246; x_wconf 87' lang='lat' dir='ltr'>Qui</span> <span class='ocrx_word' id='word_1_748' title='bbox 1236 5175 1330 5231; x_wconf 82' lang='lat' dir='ltr'>dixit:</span> <span class='ocrx_word' id='word_1_749' title='bbox 1349 5174 1522 5231; x_wconf 89' lang='lat' dir='ltr'>Theodorus.</span> <span class='ocrx_word' id='word_1_750' title='bbox 1539 5174 1718 5230; x_wconf 77' lang='lat' dir='ltr'>sanctissimi</span> <span class='ocrx_word' id='word_1_751' title='bbox 1733 5171 1773 5226; x_wconf 90' lang='lat' dir='ltr'>vi·</span> 
     </span>
     <span class='ocr_line' id='line_1_57' title="bbox 81 5259 1773 5335; baseline -0.005 -13"><span class='ocrx_word' id='word_1_752' title='bbox 81 5263 218 5333; x_wconf 77' lang='lat' dir='ltr'>Ecclesiae,</span> <span class='ocrx_word' id='word_1_753' title='bbox 228 5278 261 5320; x_wconf 91' lang='lat' dir='ltr'>ac</span> <span class='ocrx_word' id='word_1_754' title='bbox 270 5264 461 5321; x_wconf 90' lang='lat' dir='ltr'>Orientalium</span> <span class='ocrx_word' id='word_1_755' title='bbox 473 5265 593 5321; x_wconf 89' lang='lat' dir='ltr'>sedium.</span> <span class='ocrx_word' id='word_1_756' title='bbox 605 5266 786 5323; x_wconf 86' lang='lat' dir='ltr'>sanctissimi</span> <span class='ocrx_word' id='word_1_757' title='bbox 798 5266 900 5323; x_wconf 89' lang='lat' dir='ltr'>vicarii</span> <span class='ocrx_word' id='word_1_758' title='bbox 955 5267 1026 5324; x_wconf 81' lang='lat' dir='ltr'>carii</span> <span class='ocrx_word' id='word_1_759' title='bbox 1037 5267 1187 5322; x_wconf 79' lang='lat' dir='ltr'>dixerunt:</span> <span class='ocrx_word' id='word_1_760' title='bbox 1199 5264 1232 5320; x_wconf 78' lang='lat' dir='ltr'>st</span> <span class='ocrx_word' id='word_1_761' title='bbox 1242 5278 1325 5334; x_wconf 88' lang='lat' dir='ltr'>quam</span> <span class='ocrx_word' id='word_1_762' title='bbox 1336 5263 1515 5335; x_wconf 90' lang='lat' dir='ltr'>dignitatem,</span> <span class='ocrx_word' id='word_1_763' title='bbox 1529 5259 1773 5317; x_wconf 81' lang='lat' dir='ltr'>haltcsiTheodo-</span> 
     </span>
     <span class='ocr_line' id='line_1_58' title="bbox 83 5350 1772 5424; baseline -0.007 -16"><span class='ocrx_word' id='word_1_764' title='bbox 83 5355 199 5413; x_wconf 83' lang='lat' dir='ltr'>senioris</span> <span class='ocrx_word' id='word_1_765' title='bbox 221 5354 316 5410; x_wconf 82' lang='lat' dir='ltr'>ilomm</span> <span class='ocrx_word' id='word_1_766' title='bbox 334 5353 489 5410; x_wconf 83' lang='lat' dir='ltr'>dixerunt:</span> <span class='ocrx_word' id='word_1_767' title='bbox 507 5355 586 5411; x_wconf 81' lang='lat' dir='ltr'>iuste</span> <span class='ocrx_word' id='word_1_768' title='bbox 606 5355 680 5411; x_wconf 91' lang='lat' dir='ltr'>abiit</span> <span class='ocrx_word' id='word_1_769' title='bbox 701 5356 746 5412; x_wconf 90' lang='lat' dir='ltr'>vir</span> <span class='ocrx_word' id='word_1_770' title='bbox 770 5356 824 5411; x_wconf 91' lang='lat' dir='ltr'>iste</span> <span class='ocrx_word' id='word_1_771' title='bbox 844 5359 901 5412; x_wconf 84' lang='lat' dir='ltr'>Deo</span> <span class='ocrx_word' id='word_1_772' title='bbox 957 5372 1006 5414; x_wconf 90' lang='lat' dir='ltr'>rus</span> <span class='ocrx_word' id='word_1_773' title='bbox 1022 5356 1098 5412; x_wconf 81' lang='lat' dir='ltr'>dixit</span> <span class='ocrx_word' id='word_1_774' title='bbox 1113 5373 1119 5409; x_wconf 91' lang='lat'>:</span> <span class='ocrx_word' id='word_1_775' title='bbox 1134 5353 1384 5424; x_wconf 89' lang='lat' dir='ltr'>Protospatharius</span> <span class='ocrx_word' id='word_1_776' title='bbox 1401 5366 1463 5408; x_wconf 91' lang='lat' dir='ltr'>sum</span> <span class='ocrx_word' id='word_1_777' title='bbox 1484 5351 1513 5405; x_wconf 92' lang='lat' dir='ltr'>iu</span> <span class='ocrx_word' id='word_1_778' title='bbox 1534 5350 1592 5405; x_wconf 87' lang='lat' dir='ltr'>vita</span> <span class='ocrx_word' id='word_1_779' title='bbox 1615 5350 1772 5417; x_wconf 87' lang='lat' dir='ltr'>imperato-</span> 
     </span>
     <span class='ocr_line' id='line_1_59' title="bbox 84 5433 1772 5514; baseline -0.007 -18"><span class='ocrx_word' id='word_1_780' title='bbox 84 5444 219 5511; x_wconf 85' lang='lat' dir='ltr'>amabilis,</span> <span class='ocrx_word' id='word_1_781' title='bbox 235 5457 286 5514; x_wconf 92' lang='lat' dir='ltr'>pro</span> <span class='ocrx_word' id='word_1_782' title='bbox 302 5457 336 5499; x_wconf 91' lang='lat' dir='ltr'>eo</span> <span class='ocrx_word' id='word_1_783' title='bbox 349 5443 424 5514; x_wconf 91' lang='lat' dir='ltr'>quod</span> <span class='ocrx_word' id='word_1_784' title='bbox 444 5448 560 5500; x_wconf 89' lang='lat' dir='ltr'>secutus</span> <span class='ocrx_word' id='word_1_785' title='bbox 575 5445 624 5513; x_wconf 91' lang='lat' dir='ltr'>sit,</span> <span class='ocrx_word' id='word_1_786' title='bbox 643 5449 671 5500; x_wconf 91' lang='lat' dir='ltr'>et</span> <span class='ocrx_word' id='word_1_787' title='bbox 688 5445 903 5502; x_wconf 87' lang='lat' dir='ltr'>concordaverit</span> <span class='ocrx_word' id='word_1_788' title='bbox 956 5460 1030 5504; x_wconf 88' lang='lat' dir='ltr'>rum.</span> <span class='ocrx_word' id='word_1_789' title='bbox 1053 5442 1232 5500; x_wconf 81' lang='lat' dir='ltr'>sanctissimi</span> <span class='ocrx_word' id='word_1_790' title='bbox 1247 5442 1348 5497; x_wconf 83' lang='lat' dir='ltr'>vicarii</span> <span class='ocrx_word' id='word_1_791' title='bbox 1364 5441 1518 5496; x_wconf 86' lang='lat' dir='ltr'>dixerunt:</span> <span class='ocrx_word' id='word_1_792' title='bbox 1536 5433 1702 5491; x_wconf 84' lang='lat' dir='ltr'>voluntarie</span> <span class='ocrx_word' id='word_1_793' title='bbox 1721 5444 1772 5485; x_wconf 87' lang='lat' dir='ltr'>ve-</span> 
     </span>
     <span class='ocr_line' id='line_1_60' title="bbox 86 5519 1771 5605; baseline -0.007 -18"><span class='ocrx_word' id='word_1_794' title='bbox 86 5535 149 5590; x_wconf 86' lang='lat' dir='ltr'>actis</span> <span class='ocrx_word' id='word_1_795' title='bbox 160 5547 226 5605; x_wconf 84' lang='lat' dir='ltr'>quae</span> <span class='ocrx_word' id='word_1_796' title='bbox 239 5533 322 5604; x_wconf 91' lang='lat' dir='ltr'>prius</span> <span class='ocrx_word' id='word_1_797' title='bbox 344 5531 455 5589; x_wconf 90' lang='lat' dir='ltr'>anobis</span> <span class='ocrx_word' id='word_1_798' title='bbox 465 5533 608 5605; x_wconf 89' lang='lat' dir='ltr'>disposita</span> <span class='ocrx_word' id='word_1_799' title='bbox 619 5539 689 5592; x_wconf 93' lang='lat' dir='ltr'>sunt</span> <span class='ocrx_word' id='word_1_800' title='bbox 703 5552 709 5588; x_wconf 95' lang='lat'><strong>:</strong></span> <span class='ocrx_word' id='word_1_801' title='bbox 725 5540 752 5592; x_wconf 95' lang='lat' dir='ltr'>et</span> <span class='ocrx_word' id='word_1_802' title='bbox 763 5536 846 5594; x_wconf 95' lang='lat' dir='ltr'>modo</span> <span class='ocrx_word' id='word_1_803' title='bbox 859 5536 906 5594; x_wconf 91' lang='lat' dir='ltr'>ba-</span> <span class='ocrx_word' id='word_1_804' title='bbox 952 5535 1024 5595; x_wconf 83' lang='lat' dir='ltr'>nisti</span> <span class='ocrx_word' id='word_1_805' title='bbox 1045 5533 1080 5589; x_wconf 91' lang='lat' dir='ltr'>ad</span> <span class='ocrx_word' id='word_1_806' title='bbox 1103 5534 1175 5589; x_wconf 90' lang='lat' dir='ltr'>hane</span> <span class='ocrx_word' id='word_1_807' title='bbox 1196 5531 1345 5602; x_wconf 88' lang='lat' dir='ltr'>synodum,</span> <span class='ocrx_word' id='word_1_808' title='bbox 1369 5542 1404 5583; x_wconf 90' lang='lat' dir='ltr'>an</span> <span class='ocrx_word' id='word_1_809' title='bbox 1422 5525 1474 5581; x_wconf 79' lang='lat' dir='ltr'>vii</span> <span class='ocrx_word' id='word_1_810' title='bbox 1488 5522 1651 5578; x_wconf 88' lang='lat' dir='ltr'>Theodorus</span> <span class='ocrx_word' id='word_1_811' title='bbox 1672 5519 1748 5574; x_wconf 84' lang='lat' dir='ltr'>dixit</span> <span class='ocrx_word' id='word_1_812' title='bbox 1764 5536 1771 5575; x_wconf 90' lang='lat'>·.</span> 
     </span>
    </p>
   </div>
   <div class='ocr_carea' id='block_1_5' title="bbox 273 5615 1637 5689">
    <p class='ocr_par' dir='ltr' id='par_1_6' title="bbox 273 5615 1637 5689">
     <span class='ocr_line' id='line_1_61' title="bbox 273 5615 1637 5689; baseline 0.005 -3"><span class='ocrx_word' id='word_1_813' title='bbox 273 5632 394 5687; x_wconf 81' lang='lat' dir='ltr'>Paruot.</span> <span class='ocrx_word' id='word_1_814' title='bbox 414 5629 540 5689; x_wconf 84' lang='lat' dir='ltr'>CXXlX.</span> <span class='ocrx_word' id='word_1_815' title='bbox 1619 5615 1637 5673; x_wconf 65' lang='lat'>⁵¹</span> 
     </span>
    </p>
   </div>
   <div class='ocr_carea' id='block_1_6' title="bbox 0 0 1984 6084">
    <p class='ocr_par' dir='ltr' id='par_1_7' title="bbox 0 0 1984 6084">
     <span class='ocr_line' id='line_1_62' title="bbox 0 0 1984 6084; baseline 0 0"><span class='ocrx_word' id='word_1_816' title='bbox 0 0 1984 6084; x_wconf 95' lang='lat' dir='ltr'> </span> 
     </span>
    </p>
   </div>
  </div>
 </body>
</html>
