3876 6090
110 267 164 328 887
356 278 358 285 “
576 267 817 325 wotlttnnnds
836 267 1030 324 cassellen
1049 260 1342 325 HASENRIETANUS.
1769 252 1822 310 888

113 395 259 455 consecuti
279 399 347 452 sunt
367 395 488 451 veniam.
510 393 655 464 Quodam
670 406 805 464 prospero
823 393 938 451 itineris
950 394 980 456 A
993 396 1125 464 pausaret
1138 395 1167 449 in
1182 390 1297 460 lectulo,
1314 383 1409 442 adluit
1420 383 1447 438 ci
1461 382 1590 453 quadam
1606 377 1752 452 elegantis
1764 392 1824 479 spo

112 484 185 541 calle
198 484 287 542 alacri
305 484 390 541 corde
407 483 561 552 venissent,
575 482 719 538 desiderio
742 481 826 552 potiti
843 482 938 552 priore
991 483 1047 539 clei
1064 484 1199 553 miraque
1214 475 1375 535 venustatis
1397 471 1490 544 puella
1507 484 1570 543 quae
1588 469 1615 524 ei
1636 469 1716 569 mu.
1730 467 1823 537 plaer-

113 573 176 630 suis
187 587 237 644 pro
247 573 372 645 piaculis
383 571 591 644 indulgentiam
605 569 704 627 iusisa
714 569 803 627 tundo
814 571 938 641 pectoris
991 571 1113 628 dissimo
1127 568 1283 626 insufflavit
1297 567 1431 621 inaures.
1446 559 1514 630 Qnae
1526 559 1632 657 statim·
1639 556 1786 630 evigilans
1798 562 1824 612 et

113 661 247 733 precibus
269 661 423 732 petierunt.
447 660 518 716 Dein
537 659 624 716 allata
643 659 815 717 munuscula
833 659 937 716 altario
992 662 1027 717 de
1039 660 1136 716 eadem
1151 658 1230 714 felici
1244 655 1354 712 visione
1373 651 1488 709 curiosa
1503 649 1693 748 meditatione
1712 650 1825 717 pertra-

115 751 302 823 lmponentes,
322 749 471 808 mulierem
487 749 574 807 etiam
588 752 695 804 mutam
712 762 797 819 quam
813 762 938 805 secuma
993 754 1084 812 omns,
1099 747 1229 820 ligataeei
1241 746 1368 802 solutum
1383 745 1427 797 est
1440 739 1589 794 vinculum
1604 736 1756 808 linguae-et
1770 748 1824 790 me

113 841 208 911 patria
230 840 422 907 adduxerunt,
443 838 540 894 animo
558 838 659 894 devoto
674 843 702 893 et
720 839 838 894 credulo
855 839 939 895 corde
993 837 1078 895 dulos
1091 841 1226 908 prompte
1241 834 1469 903 eoepitexercere
1484 826 1616 898 loquelae,
1630 822 1824 925 reiercnsde-

113 927 326 998 Omnipotentis
340 927 480 1000 largiduae
497 926 677 983 miserationi
691 929 718 982 et
730 926 855 999 virginis
867 940 941 983 com·
994 927 1070 983 bitas
1085 937 1235 982 munerum
1251 919 1383 994 largitori
1395 918 1495 974 laudes
1505 915 1556 987 qui
1568 914 1674 971 locatis
1685 926 1783 970 secum
1794 927 1822 969 rn

114 1014 940 1087 mendaveruntmunitloaepietati.lllaetiam,quialingua
995 1015 1108 1087 superis
1127 1013 1234 1071 sanctis
1257 1010 1382 1082 plurima
1412 1007 1505 1063 valere
1533 1004 1654 1061 donavit
1674 1003 1706 1059 in
1730 1002 1819 1059 terris.

115 1118 171 1162 non
187 1104 291 1176 potuit,
309 1104 455 1162 bumiliati
467 1104 590 1174 spiritus
602 1103 776 1160 contritione
793 1103 942 1177 indulgen·
994 1106 1073 1162 Unde
1084 1104 1202 1161 comites
1214 1099 1377 1158 etuniversi
1388 1097 1439 1168 qui
1451 1095 1568 1152 audiere
1578 1093 1679 1148 mirati
1695 1092 1822 1164 laetisque

113 1193 184 1250 tiam
196 1193 360 1264 postulavit.
372 1194 498 1250 Peractis
509 1207 560 1264 pro
571 1193 678 1264 quibus
688 1194 939 1267 venerantcausis,
995 1193 1137 1251 meatibus
1160 1190 1293 1262 proprias
1315 1188 1439 1244 revisere
1460 1184 1587 1240 tellures.
1611 1181 1667 1238 Sed
1690 1181 1819 1252 prudenti

114 1281 149 1338 ad
170 1296 222 1339 sua
241 1280 336 1338 redire
357 1282 451 1338 conati
475 1288 543 1339 sunt
564 1281 690 1338 eamdem
712 1295 809 1339 secum
831 1286 938 1339 mutam
994 1285 1091 1341 animo
1101 1281 1259 1355 cogitantes
1272 1292 1328 1336 non
1338 1278 1438 1334 decere
1450 1280 1507 1331 tam
1519 1273 1639 1329 evidens
1650 1271 1819 1328 miraculum

115 1370 315 1427 mulierculam
340 1371 375 1426 ad
403 1371 524 1441 patriam
555 1371 728 1427 revehentes.
755 1371 883 1442 Cumque
903 1372 939 1428 de
994 1373 1121 1442 reticeri,
1141 1375 1241 1427 notum
1258 1383 1308 1440 per
1324 1380 1392 1423 suos
1407 1363 1581 1420 monasterio
1597 1373 1689 1417 sacrm
1702 1360 1820 1432 virginis

113 1459 176 1529 ejus
191 1459 335 1531 exquisita
353 1464 381 1516 et
398 1473 454 1517 non
471 1458 586 1516 inventa
603 1459 695 1517 salute
708 1460 807 1517 tristes
822 1461 858 1516 ad
878 1475 940 1532 pro
993 1461 1085 1519 iacere
1098 1460 1282 1528 studuerunt,
1297 1461 1329 1513 ut
1338 1455 1389 1511 Dei
1401 1452 1563 1509 famulabus
1572 1454 1601 1506 et
1612 1448 1752 1506 omnibns
1761 1448 1819 1505 tide

116 1547 178 1619 pria
203 1547 380 1620 repedarent,
408 1549 530 1620 quadam
551 1553 633 1605 nocte
656 1563 720 1605 cum
745 1549 819 1606 lassa
841 1564 939 1608 omnes
994 1537 1819 1615 literandientibusdoretoognitumquodineademiemi·

112 1636 586 1710 quieticorpusculatradidissent,
595 1638 656 1709 ipsa
664 1639 939 1710 quoquesomniiero
994 1655 1031 1697 na
1046 1639 1190 1696 divinitus
1207 1641 1252 1693 est
1267 1639 1423 1693 ostensum.
1438 1644 1453 1675 e

149 1745 248 1801 'Item
267 1744 325 1802 duo
345 1745 394 1802 bic
412 1749 546 1803 resecata

788 1994 914 2065 nrnnn
952 1994 1148 2082 ouannus

544 2181 774 2264 Conoplecteoo
799 2182 874 2246 otio
900 2180 1071 2271 miraculo
1104 2179 1226 2245 ididem
1245 2182 1402 2264 potante.
1430 2282 1433 2287 Ι

148 2443 298 2502 volueram
308 2442 834 2519 bujnsopusculibreviloqutometam
845 2445 980 2519 lupo-B
995 2448 1073 2505 tione
1088 2453 1237 2520 percurrat
1246 2452 1274 2506 et
1283 2448 1436 2506 Dominum
1447 2446 1540 2505 solum
1554 2444 1705 2502 mirabilia
1715 2444 1815 2501 iacien-

11 2586 21 2595 .
113 2534 941 2610 neredlssolutamrverumconcurrentiumjugitermira·
994 2540 1051 2593 mm
1065 2541 1209 2609 agnoscat.
1224 2539 1285 2592 Non
1296 2534 1372 2592 enirn
1384 2535 1558 2592 membranis
1572 2530 1709 2591 adnotata
1719 2538 1815 2604 essent,

112 2623 217 2680 bilium
231 2637 325 2680 rerum
338 2628 425 2696 atquc
441 2626 591 2697 signorum
605 2627 810 2684 desiderabilis
827 2628 940 2686 novitas
994 2625 1019 2681 si
1045 2624 1191 2681 mirabilia
1212 2639 1268 2682 non
1293 2624 1426 2681 luissent.
1449 2622 1582 2697 Legimus
1606 2637 1734 2694 namque
1756 2623 1816 2695 qnia

115 2713 218 2771 lterum
232 2713 394 2784 iterumque
403 2715 437 2771 ad
450 2715 633 2774 scribendum
648 2716 771 2786 impellit
781 2721 868 2788 atque
878 2730 940 2788 pro
994 2714 1078 2786 signa
1093 2728 1148 2771 non
1165 2714 1308 2786 fidelibus,
1321 2715 1369 2770 sed
1385 2713 1551 2770 inlldelibns
1564 2715 1632 2769 data
1647 2719 1717 2769 sunt
1729 2712 1815 2783 (ider.

112 2807 204 2873 vocat,
217 2805 245 2858 et
254 2806 287 2859 nt
299 2800 422 2872 perfecto
434 2817 519 2874 opere
530 2804 565 2862 ad
581 2805 664 2862 tinem
680 2819 771 2876 nsque
787 2805 939 2876 perducam
994 2817 1054 2871 xlv,
1070 2800 1126 2874 22).
1149 2803 1228 2859 Unde
1242 2804 1387 2860 credimus
1402 2803 1431 2858 in
1450 2802 1620 2858 novissimis
1642 2801 1816 2872 temporibus

113 2891 277 2963 frequenter
290 2891 402 2948 invitat.
413 2895 476 2949 Non
488 2894 564 2950 enim
578 2896 608 2950 in
622 2896 709 2952 initio
719 2895 822 2968 galeati
835 2895 940 2952 militis
994 2896 1080 2963 atque
1096 2892 1268 2962 periculosis
1285 2893 1375 2948 multa
1396 2891 1526 2947 inaudita
1541 2890 1655 2961 operari
1675 2891 1816 2947 christun

112 2979 273 3053 praeliantls
286 2979 379 3036 virtus
393 2981 579 3055 adscribitur,
593 2997 690 3040 verum
704 2985 734 3041 in
747 2985 803 3041 tine
817 2982 940 3040 elilcacis
995 2994 1045 3050 per
1061 2993 1141 3037 suam
1154 2979 1305 3037 amabilem
1321 2979 1462 3052 virginem
1477 2979 1549 3035 velle
1567 2978 1714 3051 prodigia,
1730 2984 1762 3034 nt
1774 2978 1819 3034 be-

112 3069 241 3126 victoriae
261 3069 356 3126 virtus
369 3083 433 3127 cum
453 3069 548 3128 lavore
562 3085 579 3129 a
594 3071 784 3130 referentibus
804 3073 940 3144 propala·
995 3071 1093 3128 stiales
1112 3071 1269 3127 innumerae
1285 3070 1314 3126 ln
1328 3070 1433 3126 seculo
1453 3070 1603 3126 bominum
1625 3076 1818 3142 mentesque

113 3163 170 3216 tur.
186 3159 311 3230 Dignum
325 3163 369 3215 est
382 3160 458 3216 enirn
473 3164 505 3217 ut
519 3161 583 3218 laus
598 3163 770 3232 predicetur
784 3163 815 3220 in
831 3164 896 3235 dne,
912 3169 940 3221 et
995 3159 1819 3233 praedicantiumconvenidespiciuntverbis,salceminan·

113 3246 181 3303 bnis
195 3247 345 3305 decoretur
358 3248 387 3304 in
399 3247 492 3320 lande,
507 3250 627 3307 Domino
641 3251 755 3308 dicente
766 3270 772 3306 :
783 3251 942 3323 Quiperse-
994 3250 1066 3308 ditis
1082 3247 1259 3306 inclinentur
1278 3263 1312 3303 ex
1328 3248 1430 3320 signis.
1447 3248 1587 3319 Quisquis
1606 3262 1676 3321 ergo
1691 3249 1785 3322 legere
1797 3254 1819 3304 et

111 3337 247 3392 udaverit
259 3351 346 3406 usque
359 3338 389 3391 in
400 3341 490 3408 poem,
504 3339 547 3393 bie
561 3340 653 3395 solvus
666 3343 717 3396 erit
730 3341 839 3411 (blattis.
857 3355 938 3413 xxiv,
994 3340 1096 3396 audire
1110 3338 1265 3409 desiderat,
1288 3337 1384 3394 cordis
1400 3338 1426 3393 si
1445 3341 1489 3394 est
1510 3337 1676 3410 rubiginem
1692 3338 1785 3407 tollat,
1795 3343 1819 3392 et

113 3423 168 3496 lt).
180 3424 357 3496 Quapropter
368 3424 460 3482 libelli
471 3428 579 3500 quarti,
594 3430 709 3487 Cbristo
722 3429 842 3502 favente,
853 3445 941 3488 eror-
994 3430 1063 3486 dum
1079 3442 1123 3484 me
1137 3441 1202 3484 vera
1217 3427 1343 3484 scribere
1357 3427 1551 3498 experimento
1565 3427 1717 3499 didicerit,
1730 3428 1818 3484 credat

112 3513 194 3570 dium
208 3515 330 3584 capiam,
347 3519 381 3570 nt
394 3518 423 3571 et
437 3517 615 3573 transcursis
634 3517 708 3588 stylo
726 3524 859 3575 currente
874 3520 941 3592 glo-
994 3521 1124 3591 sciatque
1151 3533 1195 3574 me
1221 3533 1277 3576 non
1303 3519 1452 3591 signorum
1475 3531 1537 3576 esse
1559 3518 1699 3590 lictorem,
1727 3531 1815 3575 vernn

115 3603 202 3662 riosis
216 3617 303 3660 sacrm
315 3604 437 3676 virginis
449 3604 600 3662 miraculis
614 3607 648 3663 ad
663 3608 836 3676 promissum
850 3608 941 3664 dialo-
994 3609 1196 3666 tidelissimnm
1217 3613 1420 3680 excerptorem,
1441 3613 1473 3665 nt
1491 3621 1542 3679 pro
1557 3607 1611 3664 boc
1626 3607 1727 3664 labore
1747 3607 1815 3664 libe-

114 3704 181 3762 gum
189 3692 348 3763 veniam,et
357 3691 386 3746 in
394 3704 427 3748 eo
436 3705 486 3762 pro
495 3693 634 3765 ingenioli
644 3696 939 3766 quantitateadmisso
995 3697 1053 3754 rari
1069 3711 1205 3755 mereara
1221 3698 1354 3768 peccatis,
1370 3696 1503 3768 precibus
1515 3700 1544 3752 et
1561 3696 1816 3754 interventionibus

115 3778 379 3836 sudoredecertem.
393 3780 424 3835 Si
438 3780 506 3851 quid
518 3793 586 3853 ergo
597 3781 627 3837 ln
638 3782 692 3839 boc
706 3783 846 3854 opusculo
860 3779 976 3843 invi-G
993 3786 1126 3858 virginis.

115 3880 178 3921 sum
189 3865 389 3923 etlnauditnm
402 3866 491 3924 lector
502 3868 652 3942 invenerit,
664 3871 712 3942 pia
728 3873 833 3929 mentis
851 3874 940 3931 intem

858 4008 1066 4023 -—

757 4080 931 4137 INCIPIUNT
957 4081 1127 4139 CAPITULA
1151 4093 1176 4137 ².

864 4214 1070 4230 ᾖ

150 4277 170 4332 l.
210 4276 221 4300 ⁶
245 4278 285 4331 De
299 4276 417 4347 quodum
435 4277 533 4333 claudo
549 4284 654 4335 curato.
1031 4284 1100 4341 Vlll.
1128 4287 1138 4308 *
1169 4288 1208 4340 De
1223 4300 1301 4348 caco,
1318 4300 1379 4354 qua
1392 4286 1481 4340 obem
1497 4286 1607 4354 recepit.

150 4348 184 4403 11.
209 4348 220 4372 ¹
244 4349 311 4404 item
326 4348 359 4403 de
373 4349 428 4404 olio
440 4350 538 4405 claudo
552 4355 656 4406 curato.
1032 4358 1080 4411 lx.
1122 4359 1133 4379 '
1172 4356 1688 4426 Udicaccusquidomilluminutusest.

151 4420 196 4475 lll.
213 4421 223 4443 ⁸
245 4420 426 4476 attolendus
442 4422 515 4476 otius
530 4427 570 4477 est
586 4424 703 4477 sanitati
717 4425 868 4480 restitutus.
1030 4428 1067 4482 X.
1166 4430 1204 4482 De
1220 4428 1274 4482 ulio
1291 4443 1357 4483 eaeco
1374 4429 1537 4482 illuminato.

152 4493 195 4547 lv.
244 4493 408 4547 aemulare
422 4493 541 4563 pedidus
556 4495 691 4549 restituto.
1030 4499 1079 4554 Xl.
1166 4500 1204 4553 Dc
1220 4500 1421 4554 illuminatione
1437 4501 1551 4554 alterius
1567 4501 1638 4554 caci.

150 4563 182 4617 V.
248 4564 300 4618 Ubi
314 4565 377 4618 item
391 4564 464 4617 otius
478 4563 575 4619 debilis
588 4564 704 4634 pedibus
717 4572 841 4623 conotus.
1032 4571 1092 4626 XII.
1124 4573 1134 4594 ·
1161 4572 1200 4624 Dc
1221 4571 1335 4625 muliere
1357 4586 1418 4640 quae
1438 4572 1492 4625 cidi
1511 4575 1538 4625 et
1556 4576 1640 4641 potus
1660 4584 1818 4626 communen

151 4633 195 4688 Vl.
244 4635 283 4688 Dc
296 4638 370 4688 muto
385 4639 411 4688 et
424 4634 522 4689 claudo
535 4636 650 4691 sonatis.
1180 4642 1374 4696 aletummnlto
1388 4646 1503 4712 tempore
1515 4657 1570 4696 noo
1576 4644 1815 4715 potuitperoiperc.

153 4704 279 4759 v11.·1te
293 4705 459 4760 demoniaco
473 4712 569 4762 eurota

441 4830 551 4889 CAPUT
568 4833 614 4890 lv.
996 4838 1060 4895 dam
1074 4836 1208 4895 feminam
1225 4838 1430 4896 Manswindam
1442 4839 1477 4896 ad
1494 4843 1616 4896 mentem
1627 4841 1766 4898 reducere
1780 4839 1818 4897 ie-

995 4929 1146 5000 stinemns,
1159 4932 1191 4984 ut
1204 4928 1265 4999 ipsa
1277 4942 1391 4999 quoque
1406 4928 1530 4999 qualiter
1539 4935 1643 4987 curata
1656 4931 1697 4986 sit
1706 4943 1818 4989 enarre-

151 5008 179 5066 st
193 5009 228 5066 de
239 5009 373 5067 omnibns
387 5011 438 5082 qui
452 5011 516 5069 illic
527 5013 641 5071 incessu
656 5015 758 5085 pedum
775 5016 859 5085 potiti
871 5021 979 5089 suntn
996 5032 1068 5075 mus.
1085 5020 1125 5074 Ex
1141 5019 1211 5074 villa
1225 5031 1346 5089 namque
1361 5033 1424 5090 que
1438 5019 1549 5075 dicitur
1560 5020 1725 5093 Trutbinga
1736 5021 1818 5077 adve-

114 5098 227 5155 claudis
240 5098 356 5156 voluero
372 5105 465 5158 texere
485 5102 653 5171 orationem,
670 5109 735 5161 aitte
749 5105 862 5162 deliciet
876 5107 940 5163 dies
993 5107 1087 5177 niens,
1098 5112 1126 5163 et
1138 5107 1275 5162 medelam
1290 5107 1421 5176 corporis
1432 5107 1593 5178 animaeque
1604 5109 1635 5164 in
1650 5108 1818 5166 monasterio

113 5200 199 5258 quam
211 5187 358 5260 signorum
372 5190 514 5247 evidentia
526 5191 726 5262 plurimorum.
740 5193 938 5251 Verumtamen
994 5209 1124 5268 quarens
1145 5193 1215 5267 (erat
1234 5195 1311 5251 enim
1334 5196 1437 5266 pedum
1462 5195 1613 5253 debilitate
1637 5197 1779 5255 deformis
1794 5200 1818 5252 et

112 5288 144 5332 ea
160 5291 223 5348 quae
234 5277 270 5333 ad
293 5277 457 5333 memoriam
477 5280 597 5336 veniunt
617 5295 673 5337 non
688 5282 799 5338 aestimo
820 5283 938 5340 silentio
995 5284 1163 5358 inhonesta),
1179 5284 1294 5340 diutius
1307 5284 1343 5339 ad
1358 5286 1462 5341 omlum
1484 5286 1628 5343 orationis
1643 5301 1729 5344 voees
1742 5303 1757 5344 e
1772 5300 1817 5358 pe-

34 5359 39 5367 ‘
112 5364 290 5434 conticenda,
307 5365 453 5438 quoniam,
466 5372 498 5423 ut
508 5367 639 5440 legimus,
652 5370 702 5426 Dei
717 5372 858 5427 narranda
871 5376 939 5429 sunt
992 5380 1070 5431 etore
1096 5375 1213 5447 lugubri
1240 5376 1406 5447 destinavit,
1435 5381 1474 5446 et,
1499 5380 1532 5431 ut
1558 5376 1606 5433 sni
1632 5376 1818 5448 Omnipotens

112 5467 198 5526 opera
211 5455 296 5526 cujus
309 5461 378 5512 sunt
390 5455 567 5527 inexquisita
579 5457 701 5528 iudicia.
718 5458 840 5532 ideoque
850 5475 936 5533 quam
993 5462 1123 5520 misereri
1138 5464 1318 5539 dignaretur,
1338 5464 1451 5535 prolixo
1465 5467 1582 5534 precatu
1598 5464 1752 5536 flagitavit.
1768 5463 1816 5520 Cui

147 5588 158 5618 ¹
170 5578 304 5653 capitula
317 5580 466 5641 asteriscis
479 5585 635 5653 prenotata
645 5583 750 5643 desunt
765 5584 797 5643 in
809 5588 899 5645 textu.
