3876 6090
57 225 131 287 4444
359 204 366 224 “
489 223 621 284 esuum
638 224 846 285 4444444444
869 226 935 285 444.
955 194 1004 285 nn
1019 227 1108 287 44444
1125 226 1209 289 non.
1230 230 1330 290 noun.
1691 222 1761 297 4444

56 372 124 416 444
157 354 378 424 consuluerunt,
404 352 497 411 444444
525 354 655 412 debeant.
690 352 715 410 4.
744 350 926 412 VidelicetA
940 367 1055 427 ungere,
1070 355 1191 414 licenter
1204 357 1332 428 4444444.
1346 359 1556 420 Poenitentlbus
1578 365 1671 419 44444
1687 362 1760 421 illud

58 446 177 504 mandat
188 458 285 517 pacem
306 449 370 515 post
387 442 516 500 44444444
532 444 666 515 mysteria
686 443 809 501 dandam
824 455 886 499 esse
941 443 1057 502 inlundi
1070 458 1125 503 non
1141 451 1244 519 potest,
1259 447 1328 519 44444
1341 455 1485 520 gennsest
1498 454 1677 510 sacramenti.
1692 455 1762 510 Nam

58 537 105 609 (dc
128 536 208 592 Cone.
235 535 304 591 dist.
329 532 356 605 2,
386 546 411 590 4.
439 535 546 605 Pacem)
570 540 603 591 ut
631 547 680 606 per
701 533 755 590 boc
776 537 888 590 constet
943 533 1050 606 quibus
1077 536 1189 608 reliqua
1217 542 1392 594 sacramenta
1427 547 1575 615 negantur,
1620 547 1762 616 quomodo

59 623 200 698 populum
215 623 372 693 adomnia,
386 636 450 694 que
465 623 495 679 in
507 623 653 696 mysteriis
667 627 802 696 aguntur,
820 635 888 692 prae
943 636 1031 681 unum
1047 637 1137 696 genus
1153 630 1271 697 putatur
1283 640 1364 698 posse
1375 629 1515 686 concedit

58 714 159 773 baisse
174 726 355 771 consensum.
374 710 401 768 4.
416 714 483 770 4444
506 713 640 785 praecepit
653 718 685 769 ut
709 713 791 785 prius
803 711 888 769 obla·
976 714 1044 769 ltem
1061 716 1245 787 praescriptus
1256 730 1355 788 papam
1369 717 1455 775 aliam
1466 719 1604 782 victricio
1613 726 1764 789 liotboma·

59 807 156 864 tiones
174 806 205 862 ln
227 804 315 860 missa
337 803 580 875 commendentur,
598 807 693 875 postea
709 816 775 860 4444
788 815 887 859 44444
942 802 1021 875 gensi
1041 803 1175 875 44444444
1195 805 1313 877 scripsit
1331 807 1482 878 epistolam
1496 808 1586 882 (epist.
1608 812 1635 888 2)
1650 826 1764 891 propter

59 896 189 967 nomina,
212 907 335 967 quorum
360 892 520 950 oblationes
553 899 632 962 sunt,
660 893 826 950 4444444444.
859 888 885 948 3.
943 891 1091 962 quosdam,
1117 893 1167 964 qui
1184 907 1217 951 eo
1232 895 1262 950 in
1278 899 1404 966 tempore
1422 897 1584 971 ignorantia
1596 905 1639 961 rel
1651 907 1764 968 desidia

58 987 128 1044 item
143 985 180 1042 de
197 983 404 1057 consignandis
431 983 601 1055 infantibus,
617 983 690 1040 dicit
705 981 888 1040 manilestum
941 992 999 1037 nou
1011 981 1375 1042 tenebantecclesiasticam
1386 987 1584 1066 disciplinam,
1598 997 1626 1051 et
1640 997 1766 1068 plurima

58 1088 132 1145 esse,
157 1086 213 1131 non
237 1073 273 1130 ab
296 1072 355 1129 alio
374 1086 459 1144 quam
487 1072 677 1144 abepiscopo
702 1072 764 1128 4444
781 1071 886 1128 licere:
941 1082 998 1125 non
1022 1072 1217 1140 praesumenda
1237 1075 1463 1145 praesumebant3
1480 1078 1510 1136 44
1527 1094 1583 1152 qua
1608 1086 1762 1147 mandatet

60 1164 142 1237 44444,
166 1163 234 1220 licet
259 1162 417 1234 presbyteri
432 1162 492 1218 sint
511 1162 681 1233 sacerdotes,
705 1161 889 1234 pontidcatns
943 1159 1093 1230 praecipit:
1119 1156 1142 1215 4.
1166 1162 1297 1219 44444444
1320 1166 1532 1236 metropolitani
1545 1172 1672 1246 episcopi
1691 1191 1760 1235 con-

46 1258 156 1311 44444
171 1252 282 1324 apicem
299 1265 356 1309 non
372 1249 478 1308 babent
493 1249 537 1323 (de
555 1252 633 1308 cons.
650 1251 710 1308 dist
728 1247 754 1323 l,
769 1265 794 1308 c.
813 1251 889 1306 Pres-
942 1247 1092 1304 scientiam
1104 1248 1182 1306 ullus
1191 1252 1295 1308 audeat
1307 1253 1441 1312 ordinare
1449 1257 1615 1331 episcopum
1627 1262 1704 1335 (dist.
1719 1265 1764 1341 64,

61 1343 192 1414 meros),
943 1349 971 1392 c.
986 1336 1093 1409 listro).
1107 1339 1251 1412 integrum
1266 1341 1343 1398 enim
1358 1350 1401 1401 444
1414 1345 1570 1422 judicium,
1584 1353 1660 1423 quod
1676 1355 1766 1427 pluri-

99 1430 125 1489 4.
142 1430 267 1489 sabbato
281 1443 347 1488 vero
361 1444 423 1488 esse
435 1430 623 1502 jejunandum
639 1430 750 1487 ratione
764 1429 889 1486 evidenti
944 1438 1054 1482 44444
1075 1428 1226 1485 sententiis
1242 1431 1436 1489 conllrmatur.
1456 1437 1511 1493 Nec
1524 1452 1599 1497 unus
1613 1443 1766 1518 episeopus

61 1523 241 1580 demonstrat
250 1519 296 1591 (de
315 1520 394 1576 Cone.
415 1520 485 1577 dist.
513 1518 541 1592 3,
561 1535 587 1578 4.
602 1520 752 1592 8444444);
771 1519 841 1592 quia
863 1518 888 1575 44
944 1520 1098 1585 presumat
1107 1516 1241 1574 ordinare
1253 1519 1429 1592 episcopum,
1448 1538 1482 1580 ne
1501 1524 1641 1587 44444444
1655 1532 1767 1593 bened·

62 1616 142 1669 sexta
167 1606 239 1666 44444
262 1615 379 1681 4444444
399 1609 560 1680 passionem
581 1608 695 1666 Domini
714 1607 888 1678 jejunamus,
944 1605 1022 1661 cium
1049 1607 1208 1675 praestitum
1231 1607 1372 1668 rideatur.
1387 1613 1444 1670 lloc
1462 1618 1646 1678 etalllcaena
1658 1625 1766 1695 synodo

61 1699 218 1758 Sabbatum
239 1699 457 1771 pretermittere
478 1713 534 1756 non
550 1697 707 1770 debemus,
721 1696 791 1769 quia
816 1696 892 1753 44444
905 1686 932 1749 Β
944 1693 1133 1752 constitutum
1154 1701 1240 1769 atque
1263 1697 1424 1758 delinitum.
1439 1699 1467 1759 4.
1484 1706 1564 1779 ltem,
1579 1709 1604 1765 si
1619 1712 1686 1782 44444
1702 1719 1766 1786 4444

63 1789 216 1847 tristitiam
233 1788 377 1859 passionis
392 1793 420 1845 44
435 1788 565 1844 letitiam
581 1785 803 1844 resurrectionis
816 1784 892 1841 vide·
944 1783 1143 1841 remissionem
1155 1789 1492 1863 peccatorumcingulum
1507 1796 1620 1855 militiae
1630 1802 1769 1862 secularis

65 1884 114 1936 444
138 1878 301 1935 inclusum:
322 1884 350 1934 44
373 1877 517 1950 apostolos
542 1881 653 1935 constat
674 1876 763 1933 biduo
784 1876 840 1933 isto
861 1875 890 1930 in
945 1873 1088 1945 babuerit,
1109 1874 1144 1930 ad
1164 1873 1331 1932 clericatum
1346 1879 1460 1936 admitti
1482 1885 1641 1954 prohibuit.
1657 1889 1684 1947 3.
1699 1895 1767 1951 ltem

65 1979 188 2025 moerorc
203 1966 303 2038 luisse,
319 1967 395 2038 44444
412 1972 521 2024 nonest
534 1966 655 2024 dubium
671 1966 701 2022 in
718 1969 827 2021 tantum
843 1976 892 2020 eos
947 1963 1090 2034 praecepit,
1103 1967 1145 2035 ut,
1170 1964 1196 2020 si
1214 1961 1286 2021 44444
1298 1979 1391 2024 causae
1405 1969 1448 2025 vel
1472 1977 1670 2035 contentiones
1693 1981 1769 2040 inter

62 2057 211 2128 jejunasse
225 2055 315 2113 biduo
330 2061 494 2127 memorato,
507 2061 539 2113 ut
559 2055 678 2112 traditio
689 2053 823 2111 Ecclesiae
838 2052 894 2109 ha·
947 2051 1077 2123 clericos,
1101 2059 1158 2109 tam
1180 2055 1340 2124 superioris
1363 2071 1448 2129 44444
1474 2060 1622 2121 4444444444
1643 2069 1766 2139 ordinis,
1875 2044 1881 2055 ¹

66 2146 132 2203 beat
154 2146 210 2203 isto
232 2145 322 2204 biduo
343 2150 519 2203 sacramenta
532 2146 648 2216 penitus
665 2157 720 2200 non
742 2141 893 2200 celebrari.
946 2146 1051 2198 4444444
1073 2140 1182 2199 4444444
1200 2140 1253 2214 (44,
1280 2159 1308 2216 q.
1334 2143 1359 2217 4,
1381 2161 1406 2203 4.
1432 2148 1464 2204 Si
1490 2167 1551 2220 qua
1565 2156 1671 2229 4444444),
1684 2159 1768 2228 juxta

64 2235 136 2306 Quae
147 2232 239 2292 44444
257 2235 358 2306 utique
371 2247 421 2305 per
436 2234 569 2307 singulas
592 2240 635 2290 est
648 2233 767 2290 tenenda
783 2231 894 2288 hebdo-
946 2231 1089 2288 Nicaenam
1112 2232 1250 2303 synodum
1274 2236 1454 2308 congregatis
1468 2240 1595 2310 ejusdem
1612 2247 1767 2315 provinciae

67 2325 176 2397 madas,
193 2328 308 2396 propter
332 2324 373 2396 ld,
396 2324 471 2396 quod
491 2321 793 2380 commemoratiodiei
811 2319 894 2377 illius
947 2320 1091 2392 episcopis
1108 2321 1239 2395 jurgium
1253 2324 1433 2398 terminetur,
1455 2341 1506 2385 nec
1520 2331 1584 2389 slne
1600 2336 1768 2406 prejudicio

69 2426 184 2485 semper
203 2419 247 2470 est
268 2412 446 2470 celebranda.
462 2412 542 2483 Quod
568 2413 593 2469 si
617 2415 735 2483 putatur
758 2409 844 2467 semel
866 2414 895 2466 44
947 2410 1079 2467 44444444
1091 2411 1224 2468 Ecclesia
1238 2411 1327 2470 alicui
1348 2413 1433 2472 liceat
1449 2418 1560 2478 relictis
1575 2422 1622 2479 hls
1635 2427 1771 2486 sacerdo-

69 2517 128 2561 uno
136 2503 258 2561 sabbato
265 2503 543 2576 jejunandumergo
554 2507 583 2559 et
594 2503 744 2560 bominica
753 2505 782 2558 et
792 2500 894 2572 quinta
947 2498 1037 2569 tibus,
1054 2499 1148 2571 quiin
1170 2500 1267 2557 eadem
1290 2503 1438 2573 provincia
1454 2507 1608 2567 Ecclesiam
1626 2514 1676 2570 Dei
1697 2522 1770 2575 nutu

68 2590 142 2650 44444
154 2592 241 2651 semel
253 2592 285 2649 iu
305 2592 412 2650 Pascha
428 2592 528 2664 4444444
551 2592 608 2649 4444
622 2590 800 2648 celebranda.
815 2588 842 2647 5.
856 2591 895 2645 De
948 2587 1119 2662 gubernant,
1135 2588 1169 2645 ad
1182 2588 1256 2647 alias
1273 2592 1423 2650 convolare
1442 2597 1615 2666 provincias.
1641 2601 1720 2671 Quod
1744 2606 1771 2663 si

69 2681 209 2741 44444444
226 2686 322 2739 44444
338 2682 413 2753 quod
430 2694 446 2738 a
464 2694 534 2752 papa
547 2680 707 2738 coniectum
730 2679 825 2736 llomae
846 2690 896 2748 per
949 2677 1017 2749 44444
1037 2674 1110 2734 44444
1131 2680 1355 2753 presumpserit,
1374 2694 1439 2739 eum
1453 2682 1490 2740 ab
1510 2683 1604 2745 444444
1618 2689 1772 2752 clericatus

69 2758 339 2830 titulos-bominica
352 2771 400 2828 die
423 2784 472 2843 per
485 2770 612 2842 acolytos
627 2768 805 2840 mittebatur,
826 2767 894 2839 quia
949 2766 1124 2837 submoveri,
1135 2772 1165 2824 et
1180 2768 1353 2840 injuriarum
1364 2784 1444 2829 reum
1456 2773 1493 2830 ab
1502 2776 1772 2850 omnibusjudicari

69 2862 134 2934 ipsa
160 2862 209 2919 dic
239 2860 396 2933 presbyteri
423 2868 539 2932 propter
570 2860 679 2932 plebem
708 2858 764 2916 sibi
797 2857 896 2915 credi·
946 2856 1045 2927 jussit.
1074 2856 1104 2912 Si
1127 2863 1221 2915 autem
1245 2859 1366 2930 majores
1386 2874 1480 2921 44444
1495 2864 1524 2920 44
1547 2868 1641 2926 medlo
1664 2868 1774 2932 luerint

68 2957 202 3008 tarucum
214 2951 277 3023 ipso
286 2950 437 3008 convenire
453 2963 508 3007 uon
522 2954 660 3021 poterant,
673 2948 749 3005 diem
761 2946 832 3004 alibi
847 2959 896 3017 per
948 2945 1089 3004 devolutae
1099 2946 1132 3002 ad
1151 2947 1245 3003 sedem
1258 2949 1454 3023 apostolicam,
1477 2953 1555 3012 44444
1569 2960 1695 3029 synodus
1711 2968 1775 3020 sta-

71 3041 224 3112 parochias
235 3053 290 3098 non
305 3053 367 3098 esse
382 3038 555 3111 laciendum,
568 3039 636 3111 quia
651 3041 827 3095 sacramenta
840 3048 895 3092 non
911 3020 935 3084 C
950 3036 1017 3108 tuit,
1041 3041 1104 3106 post
1121 3036 1283 3108 episcopale
1299 3039 1444 3109 judicium
1457 3041 1621 3105 relerendas
1639 3063 1688 3108 eas
1712 3066 1774 3111 esse

71 3128 158 3202 longe
175 3135 243 3188 sunt
263 3129 411 3202 portanda.
427 3128 453 3186 6.
471 3130 510 3185 De
524 3128 572 3186 bis
585 3142 652 3185 vero
664 3126 827 3198 baptizatis,
844 3123 895 3196 qui
951 3126 1106 3183 mandarit.

70 3222 171 3290 postea
190 3219 408 3291 daemonicam
430 3218 502 3275 vitio
523 3218 634 3289 aliquo,
656 3222 708 3273 aut
727 3220 840 3286 peccato
857 3215 899 3270 in·
986 3210 1011 3270 l.
1028 3215 1096 3271 ltem
1113 3215 1143 3270 in
1162 3214 1258 3272 eadem
1280 3217 1412 3289 sancivit,
1427 3220 1504 3277 sicut
1518 3228 1546 3279 44
1557 3223 1682 3285 Sirieius
1696 3228 1775 3287 iece-

70 3308 247 3366 terreniente
260 3308 454 3379 arripiuntur,
466 3309 549 3379 dicit,
562 3321 612 3364 nec
626 3321 642 3364 a
660 3305 833 3378 presbytero,
847 3317 897 3361 nec
951 3309 1005 3375 rat,
1015 3304 1301 3363 utclericusviduanr
1315 3306 1464 3366 mulierem
1478 3325 1534 3369 nou
1546 3312 1633 3372 ducat
1643 3332 1773 3392 444444,

70 3396 222 3456 44444444
234 3397 338 3456 dehere
352 3411 403 3455 uec
422 3411 504 3469 posse
516 3395 691 3469 consignari,
708 3394 766 3451 nisi
781 3394 897 3465 eplsco-
951 3408 986 3452 ne
1001 3395 1054 3450 hoc
1070 3394 1237 3465 prejudicio
1251 3395 1406 3467 impeditus
1417 3399 1451 3457 ad
1468 3394 1659 3462 sacerdotium
1673 3421 1775 3478 perre-

72 3489 321 3560 puspmceperit:
344 3488 412 3560 44444
428 3502 530 3545 44444
550 3486 727 3557 imponenda
744 3498 800 3541 non
818 3487 895 3556 sunt,
951 3484 1014 3540 nire
1029 3497 1085 3540 non
1098 3483 1199 3555 possit.
1216 3482 1565 3564 5.1tem,nelaicus,qui
1581 3500 1647 3553 ante
1670 3496 1776 3570 baptis-

72 3578 133 3636 nisi
140 3578 294 3650 episcopus
304 3578 504 3636 auctoritatem
513 3576 661 3634 dederitid
671 3574 823 3647 ediciendi,
836 3587 898 3646 pro
952 3588 1041 3644 mum,
1053 3587 1103 3632 seu
1117 3579 1222 3646 postea,
1245 3575 1393 3634 mulierem
1408 3579 1523 3637 viduam
1545 3583 1630 3642 duxit
1646 3602 1773 3664 uxorem,

73 3676 169 3740 pterea
187 3669 256 3740 quia
270 3669 352 3742 longe
369 3670 481 3740 positus
492 3667 646 3725 difficulter
658 3680 731 3738 saepe
743 3665 777 3723 ad
791 3664 899 3735 episco
953 3669 1050 3736 postea
1069 3664 1239 3722 admittatur
1253 3666 1287 3723 ad
1303 3667 1411 3726 clerum
1428 3673 1570 3743 praecepit,
1592 3677 1661 3747 quia
1676 3680 1773 3739 eodem

73 3771 142 3828 pum
157 3757 262 3814 deduci
276 3762 378 3828 potest.
952 3753 1025 3810 44444
1040 3753 1154 3811 videtur
1171 3755 1306 3812 exclusus
1320 3755 1397 3826 (dist.
1416 3755 1461 3830 34,
1477 3774 1502 3816 4.
1523 3762 1554 3818 Si
1571 3765 1653 3839 puis).
1670 3769 1700 3824 in
1721 3768 1777 3827 pa.

108 3842 135 3902 7.
162 3847 202 3902 be
221 3845 430 3917 penitentibus
453 3852 547 3903 autem
563 3843 605 3917 (de
627 3845 704 3902 Coos.
723 3845 792 3901 dist.
820 3841 848 3915 3,
872 3857 897 3899 c.
955 3844 1059 3915 ptismo
1085 3844 1161 3900 enim
1182 3851 1292 3915 peccata
1307 3846 1507 3922 dimittuntur,
1530 3865 1586 3909 non
1610 3858 1702 3914 tamen
1724 3873 1777 3917 ac-

72 3936 331 4009 liepoeniteotibos),
348 3937 398 4008 4444
410 3950 444 3993 ex
459 3936 642 4009 gravioribus
651 3935 824 4002 commissis,
840 3934 900 3990 sive
954 3942 1041 4004 ceptae
1064 3934 1163 3990 uxoris
1177 3936 1354 3992 consortium
1378 3937 1531 3997 relaxatur.
1554 3941 1581 3999 6.
1605 3945 1685 4017 ltem,
1702 3962 1736 4009 ue
1750 3951 1776 4008 is

72 4039 108 4083 ex
131 4025 299 4097 lenioribus,
325 4027 523 4097 poenitentiam
545 4032 657 4097 gerunt,
670 4027 753 4096 juxta
768 4025 900 4081 liomanae
956 4023 1006 4094 4444
1019 4021 1172 4078 secundam
1186 4023 1268 4081 ducit
1282 4039 1408 4098 uxorem,
1421 4027 1545 4088 clericus
1556 4032 1614 4102 ilat,
1627 4038 1695 4108 44444
1705 4043 1778 4099 scri-

74 4114 208 4172 iicclesiae
231 4115 469 4172 consuetudinem
493 4115 595 4187 quinta
620 4113 692 4171 feria
714 4119 780 4170 ante
795 4113 901 4169 Pascha
957 4116 1036 4181 ptum
1057 4115 1115 4167 cst:
1135 4111 1256 4169 «Unius
1276 4115 1376 4172 uxoris
1398 4117 1493 4174 44444
1507 4119 1531 4191 (4
1546 4123 1614 4178 Tim.
1640 4126 1683 4199 111)
1699 4148 1712 4179 s
1726 4149 1733 4201 3
1749 4137 1777 4188 et

74 4205 278 4262 remittendum
290 4205 595 4276 eisessedcmonstrat,
605 4205 630 4261 44
642 4203 721 4261 44444
731 4203 902 4259 interveniat
956 4201 1076 4257 iterum:
1088 4201 1253 4258 Sacerdotes
1267 4203 1322 4258 mei
1338 4204 1423 4261 semel
1436 4206 1592 4266 nubenti.
1608 4215 1685 4287 4444,
1702 4223 1733 4274 ut
1742 4219 1778 4277 de

73 4294 225 4366 egritudo.
242 4295 272 4351 Si
287 4307 352 4351 vcro
370 4295 438 4367 quis
452 4295 481 4350 in
498 4293 698 4367 aegritudinem
714 4292 860 4362 inciderit,
873 4296 902 4347 et
956 4290 1049 4347 aliena
1069 4290 1190 4348 ecclesia
1214 4290 1350 4347 clericum
1376 4293 1510 4354 ordinare
1534 4300 1633 4359 nullus
1648 4314 1777 4380 usurpet,

74 4397 168 4455 usquc
181 4384 216 4441 ad
230 4383 456 4455 desperationem
469 4383 625 4452 devenerit,
640 4383 666 4439 ei
687 4385 729 4439 est
746 4389 811 4438 ante
827 4388 902 4438 444-
916 4394 944 4458 4)
958 4380 1016 4438 4444
1039 4381 1101 4451 ejus
1129 4380 1280 4451 episcopus
1316 4380 1448 4452 precibus
1480 4393 1615 4446 exoratus
1642 4397 1779 4455 concedat

76 4486 132 4545 pus
143 4473 257 4530 Paschae
275 4473 471 4546 relaxandum,
492 4486 527 4530 ne
541 4474 577 4530 de
600 4473 653 4530 hoc
672 4471 776 4529 seculo
793 4470 901 4543 absque
955 4473 1034 4544 (dist.
1054 4468 1099 4537 34,
1120 4485 1144 4527 4.
1170 4470 1200 4525 St
1221 4470 1301 4545 44444).
1322 4471 1378 4529 lloc
1404 4472 1489 4529 etiam
1513 4477 1640 4546 synodus
1662 4483 1777 4546 Nicaena

73 4562 277 4620 communione
288 4562 428 4620 discedat.
442 4561 470 4619 8.
482 4564 521 4619 De
536 4562 589 4619 boc
603 4576 679 4634 uero,
694 4561 770 4633 quod
786 4562 816 4617 in
828 4560 902 4632 lipi-
955 4559 1109 4619 constituit
1122 4558 1194 4632 (can.
1222 4558 1264 4617 46.
1282 4557 1334 4633 tl),
1355 4566 1388 4618 ut
1401 4561 1542 4632 abjectum
1557 4566 1593 4623 ab
1611 4569 1701 4631 altero
1715 4576 1779 4635 cle-

73 4652 150 4710 stola
178 4652 273 4710 lacobi
304 4651 432 4725 legitur:
462 4654 622 4724 4444444444
658 4655 719 4724 punis
757 4655 788 4707 io
826 4651 902 4706 cobis
956 4651 1048 4707 44444
1058 4648 1147 4705 altera
1159 4649 1280 4706 ecclesia
1292 4663 1348 4707 non
1364 4651 1493 4722 44444444.
1504 4651 1531 4709 8.
1544 4656 1612 4713 ltem
1624 4663 1779 4724 44444444-

75 4743 145 4815 (444.
154 4741 203 4816 rji
213 4748 279 4815 etc,
291 4741 365 4800 dicit
379 4756 435 4800 non
445 4756 507 4800 esse
517 4742 640 4801 dubium
649 4743 685 4800 de
695 4741 902 4816 egrotantibus
956 4745 999 4797 tes
1012 4752 1028 4796 a
1043 4737 1219 4809 Nonatianls,
1235 4738 1277 4795 vel
1293 4740 1500 4817 lloutensibus,
1515 4758 1566 4815 per
1576 4761 1677 4809 manus
1690 4753 1780 4828 impo-

76 4831 213 4890 ddelibos
233 4832 432 4904 accipiendum
457 4847 528 4906 esse,
554 4837 582 4890 44
603 4832 833 4906 intelligendum,
850 4831 901 4903 qul
956 4829 1091 4886 altionem
1113 4828 1319 4900 suscipiantur,
1344 4831 1414 4901 qula
1436 4832 1551 4891 licetab
1572 4836 1726 4917 haereticls,
1748 4847 1778 4905 in

76 4927 176 4980 sancto
186 4923 249 4980 oleo
263 4923 431 4981 chrismatis
441 4923 562 4998 perungi
580 4925 710 4995 possunt,
731 4936 788 4994 4444
798 4921 834 4978 44
845 4921 903 4993 epi·
956 4917 1065 4975 Christi
1080 4921 1173 4973 tamen
1197 4917 1312 4974 nomine
1336 4924 1405 4975 sunt
1433 4919 1581 4996 baptizati,
1606 4936 1707 4999 preter
1731 4949 1780 4996 eos

76 5024 165 5084 44444
173 5017 349 5080 consecrato,
369 5025 425 5069 non
439 5012 533 5069 solum
548 5011 755 5084 sacerdotibus,
776 5012 824 5068 sed
838 5024 905 5068 om·
958 5008 1008 5080 4444
1024 5006 1137 5064 444444
1151 5007 1186 5063 ad
1202 5007 1269 5064 illos
1283 5012 1465 5067 transeuntes
1484 5010 1620 5085 baptizati
1636 5029 1713 5080 4444.
1732 5026 1776 5098 ili,

77 5099 167 5158 nibus
177 5100 219 5158 uti
232 5100 484 5159 Christianislicet
493 5102 521 5158 44
535 5115 587 5159 444
596 5115 771 5174 suorumque
784 5099 904 5158 necessi·
958 5098 984 5154 si
1005 5097 1205 5169 resipiscentes
1223 5097 1257 5154 ad
1277 5111 1330 5156 nos
1344 5099 1493 5175 redierint,
1514 5104 1569 5162 sub
1584 5106 1668 5183 longa
1682 5115 1778 5184 4444-

76 5196 152 5262 tate,
167 5194 196 5248 et
208 5191 284 5263 quod
298 5191 471 5264 presbyteris
482 5191 569 5249 licere
579 5206 635 5249 non
648 5199 691 5250 est
702 5191 835 5264 dubium,
847 5192 905 5264 epi·
958 5188 1055 5246 tentiae
1066 5186 1262 5246 satisfactione
1275 5189 1446 5249 admittendi
1464 5198 1546 5253 suut.

76 5280 175 5353 scopis
188 5294 251 5338 esse
263 5281 388 5353 licitum,
403 5295 459 5339 non
478 5287 520 5338 est
534 5280 701 5352 ambiguum
723 5280 801 5354 (dist.
817 5280 863 5354 95,
876 5297 901 5339 4.
993 5277 1019 5336 9.
1036 5280 1114 5351 4444,
1126 5279 1243 5335 444444
1257 5281 1363 5338 seruari
1374 5281 1466 5353 jubet,
1484 5290 1515 5343 44
1529 5288 1688 5345 sacerdotes
1696 5293 1724 5345 et
1734 5289 1779 5347 le-

74 5368 171 5443 itiudj.
193 5369 247 5427 Sed
265 5370 301 5427 dc
316 5370 489 5442 presbyteris
512 5370 621 5428 idcirco
640 5369 749 5427 dictum
765 5375 818 5442 est,
834 5371 903 5443 qula
957 5369 1097 5426 44444444
1113 5369 1253 5427 uxoribus
1265 5371 1328 5429 suls
1343 5385 1399 5429 non
1414 5379 1513 5431 coeant
1532 5374 1609 5446 (dist.
1625 5373 1670 5445 34,
1686 5391 1710 5434 4.
1725 5380 1779 5436 Te-

75 5460 208 5532 eplscopi
221 5460 461 5533 occupationibus
470 5459 539 5518 44444
552 5459 684 5532 impediti
693 5458 728 5516 ad
740 5461 905 5518 omneslrn·
957 5458 1047 5533 nerej:
1074 5461 1143 5532 44444
1166 5461 1191 5518 44
1207 5462 1350 5535 sacerdos,
1366 5464 1414 5522 444
1438 5462 1538 5521 orandi
1553 5468 1582 5519 et
1595 5465 1777 5530 sacridcandi

75 5548 185 5623 auidos
196 5548 240 5608 444
254 5561 310 5608 444
322 5553 457 5622 possum:
474 5552 510 5609 ad
525 5553 702 5624 4444444444
713 5547 813 5608 444444
823 5550 865 5608 ire
876 5555 905 5608 et
956 5548 1159 5624 jugeobiclum
1167 5558 1222 5625 cst,
1233 5549 1780 5622 carnaliconcupiscentlaiuerltconta·

272 5660 390 5718 Parnon.
415 5658 541 5718 (44444444
1600 5656 1637 5720 38
