3876 6090
127 285 197 345 lico
867 278 1071 338 uuuuuiciio
1090 279 1158 339 uit.
1759 284 1831 347 liic

123 429 184 498 ii03
201 427 251 485 aiat
266 425 323 483 sihi
340 423 476 496 propheta
491 421 607 481 saiuhre
620 417 786 488 consilium,
807 421 841 474 ut
851 415 947 473 anima
960 406 990 468 A
1003 426 1066 484 qua
1086 426 1178 485 usque
1193 414 1227 471 ad
1253 413 1332 472 iiiam
1354 418 1482 487 persenit
1495 417 1700 490 summitatem,
1720 428 1784 489 quae
1799 414 1829 473 in

124 518 254 574 laudaret
269 518 432 574 Dominum.
447 510 696 583 Undepromittit:
1002 506 1139 558 aternum
1158 517 1275 561 securos
1295 504 1381 562 efficit
1402 511 1430 563 et
1450 506 1557 576 felices,
1594 521 1718 580 congrue
1741 504 1829 562 nimis

158 608 289 663 Laudabo
302 609 444 661 Dominum
463 606 493 658 in
513 605 570 658 cito
590 618 661 664 mea,
680 600 801 671 psallam
825 600 877 653 lico
891 612 948 651 meo
1004 592 1261 662 commandatum,
1275 600 1307 651 ut
1322 595 1458 653 laudibus
1468 598 1581 654 Domini
1593 602 1689 654 sancta
1703 597 1832 668 perirua'

122 697 387 769 praescissuram
403 690 663 750 laudibusiiomini
677 686 945 753 sedicitdelectari,
1004 685 1052 737 tur
1067 682 1209 738 Ecclesia:
1225 684 1272 739 cui
1291 682 1341 741 tali
1358 687 1614 743 munerenoscitur
1626 693 1825 758 praeparatum.
1899 683 1903 691 ’

122 802 158 845 na
171 786 268 842 noxiis
282 784 379 840 saculi
399 786 587 853 occuparetur
614 778 767 836 illecebris.
1003 769 1181 840 Quapropter
1191 772 1314 828 sinceris
1325 775 1470 830 mentibus
1482 774 1600 830 alleluia
1612 774 1829 832 oicemiestine

161 875 283 931 tarracia
311 875 464 936 Dominum,
487 873 617 941 quoniam
642 870 726 923 mnus
753 871 791 922 cst
814 866 945 936 psalmam.
1004 872 1078 925 muS,
1096 864 1128 915 ut
1151 860 1213 916 iilis
1236 858 1311 935 [adit.
1337 864 1434 926 Basti,
1456 864 1501 919 itii
1527 868 1625 920 sancto
1645 862 1759 939 populo]
1778 877 1827 935 per

122 969 175 1021 hac
190 969 282 1019 nostra
293 963 420 1032 jurerando
436 964 473 1016 sit
486 961 619 1015 laarciatio.
637 959 798 1014 laudemus
814 968 881 1026 ergo
895 954 950 1010 de-
1003 949 1130 1005 divinam
1146 951 1266 1021 gratiam
1282 952 1461 1010 misceamur.

122 1055 249 1121 satione,
264 1067 319 1125 qua
334 1066 495 1124 possumus.
508 1054 536 1106 et
551 1049 598 1107 hic
614 1049 664 1104 iiia
677 1046 757 1103 beata
768 1047 842 1101 dona
855 1043 950 1099 medi·
1123 1043 1190 1095 ilem
1202 1043 1296 1111 ipsein
1310 1043 1481 1097 conclusione
1490 1045 1593 1113 psalmi
1605 1056 1720 1100 cxxxii.

122 1151 225 1200 tamar.
249 1143 323 1212 Quid
343 1141 419 1197 eninr
445 1139 571 1208 felicius,
597 1150 681 1209 quam
704 1135 787 1191 modo
808 1144 949 1201 exercere,
1040 1129 1183 1186 hiirahitis
1212 1131 1339 1202 psalmus
1359 1133 1393 1189 ad
1416 1134 1617 1190 devotissimos
1638 1134 1761 1205 populos
1779 1135 1830 1191 in-

122 1234 197 1304 quod
213 1237 239 1288 te
250 1244 347 1301 speras
358 1231 387 1287 in
400 1229 497 1287 lutura
508 1226 688 1285 beatitudine
700 1237 781 1296 posse
795 1220 951 1294 perageret
1005 1220 1167 1275 struendas.
1191 1222 1272 1278 Nihil
1294 1223 1369 1279 enim
1389 1229 1453 1294 post
1467 1228 1544 1280 tanta
1561 1224 1697 1280 beneficia
1712 1224 1830 1280 reddere

156 1326 210 1376 Deo
225 1321 449 1389 anstrajnaunrla
466 1322 502 1374 sit
517 1318 650 1373 laudatio.
667 1316 746 1371 Tunc
764 1316 808 1370 est
823 1313 879 1368 Deo
895 1323 951 1366 no-
1006 1321 1167 1377 possumus,
1192 1310 1261 1377 nisi,
1282 1316 1314 1367 ut
1332 1313 1409 1369 sicut
1428 1313 1457 1369 in
1474 1313 1629 1384 principiis
1644 1313 1754 1369 dictum
1773 1316 1827 1383 est,

121 1419 180 1468 stro
198 1412 325 1481 iucunda
342 1410 480 1480 laudatio,
495 1406 609 1479 quando
633 1406 662 1461 in
681 1417 765 1461 unam
785 1401 948 1458 societatem
1002 1397 1155 1454 Dominum
1176 1404 1305 1457 nostrum
1332 1403 1406 1458 trina
1429 1402 1609 1459 consessione
1630 1401 1826 1473 predicemus.

120 1515 173 1557 uox
193 1501 292 1557 atrita
308 1499 481 1556 conuenerit.
502 1500 570 1553 Nam
594 1495 678 1566 quate
696 1498 750 1563 est,
771 1496 803 1548 ut
823 1491 949 1561 psalmus
1003 1486 1164 1542 Laudemus
1194 1489 1315 1558 Patrem,
1350 1491 1500 1548 laudemus
1529 1492 1646 1562 Filium,
1680 1492 1830 1549 laudemus

120 1592 281 1647 castitatem
301 1590 388 1649 dicat.
409 1592 436 1645 ct
451 1592 582 1643 cantator
599 1599 629 1642 se
641 1584 677 1641 ab
696 1581 872 1641 obscenitate
891 1593 947 1636 non
1002 1575 1142 1644 Spiritum
1178 1584 1320 1651 sanctum,
1359 1595 1448 1638 unum
1481 1587 1567 1653 atque
1606 1582 1829 1653 omnipotentem

120 1679 295 1736 subtrahat?
319 1679 347 1734 Si
380 1678 574 1733 humilitatem
599 1673 734 1745 praedicet
759 1675 788 1727 et
817 1674 949 1725 narrator
1002 1666 1102 1733 Deum,
1127 1671 1168 1735 nt,
1191 1669 1268 1725 sicut
1288 1682 1343 1726 non
1366 1675 1409 1726 est
1422 1671 1451 1726 in
1467 1671 1643 1728 iiiodirersa
1656 1670 1828 1741 substantia,

119 1771 183 1840 ejus
196 1768 337 1839 superbiae
347 1766 465 1823 hatthus
481 1762 675 1821 intumescat?
960 1742 987 1805 Β
1004 1757 1044 1812 ita
1059 1771 1113 1814 non
1131 1758 1169 1814 sit
1184 1763 1212 1814 et
1227 1759 1256 1813 in
1269 1760 1331 1830 ipsa
1347 1760 1432 1817 laude
1446 1760 1609 1818 diversitas.
1623 1762 1687 1818 Hac
1699 1767 1830 1818 etrerera

156 1857 279 1912 iaruman:
298 1858 441 1912 Dorulaum
460 1855 494 1907 dc
507 1854 589 1921 calis,
611 1852 723 1906 landate
736 1865 796 1904 earm
812 1851 843 1902 ira
857 1846 949 1901 ccccl·
1004 1845 1078 1910 iaus,
1101 1859 1162 1916 qum
1179 1859 1230 1901 nos
1246 1847 1355 1915 reiicits
1371 1849 1423 1903 hcc
1436 1849 1583 1920 pabulum,
1598 1863 1655 1920 quo
1665 1850 1761 1906 anima
1775 1849 1830 1905 de·

120 1949 169 2001 sis.
189 1946 263 2015 Quid
278 1945 313 2001 de
330 1946 385 2000 isto
405 1943 514 2014 psalmo
532 1950 560 1999 et
574 1943 608 1998 de
624 1939 748 2010 reliquis
764 1936 880 1995 duobus
896 1935 947 2006 qut
1002 1941 1066 1991 rota
1084 1936 1243 2007 saginatur.
1269 1938 1332 2005 ipsa
1351 1941 1394 1992 cst
1413 1940 1488 1994 enim
1511 1939 1704 1995 remuneratio
1719 1942 1826 2007 nostra,

121 2042 291 2106 scqurmtur,
307 2035 461 2090 dicendum
477 2038 529 2101 est,
545 2032 573 2086 in
589 2031 695 2102 quihus
708 2028 802 2085 omnis
816 2031 946 2083 creatura
1004 2038 1066 2096 qum
1084 2029 1113 2080 et
1129 2025 1267 2094 operatio.
1284 2027 1314 2081 ln
1332 2039 1387 2096 qua
1408 2030 1517 2082 tanturn
1533 2026 1688 2098 relicimur,
1702 2031 1735 2083 ut
1748 2026 1828 2083 nulia

121 2130 290 2195 provocatur
301 2125 336 2180 ad
354 2123 466 2180 laudem
486 2121 555 2191 hei,
579 2120 608 2175 in
630 2119 685 2175 inc
697 2116 826 2174 dicitur:
846 2115 948 2174 Omnis
1001 2114 1154 2171 delectatio
1166 2115 1275 2172 similis
1290 2128 1351 2173 esse
1368 2116 1510 2173 videatur.
1527 2117 1718 2174 Praedicemus
1730 2117 1829 2186 itaque

119 2215 242 2284 spiritus
257 2214 355 2269 larrdet
373 2210 577 2267 Dominumsi
595 2208 830 2264 omniscreatura
846 2206 948 2261 horta·
1002 2205 1096 2260 modo.
1123 2210 1242 2262 ut·eum
1272 2206 1302 2263 in
1324 2211 1462 2263 aeternum
1484 2220 1548 2263 cum
1574 2207 1684 2279 angelis
1710 2206 1828 2262 laudare

119 2308 168 2359 tur
180 2304 214 2359 ad
234 2303 345 2358 laudem
364 2301 414 2357 Dei
429 2305 536 2370 qrranto
552 2298 644 2370 magis
658 2297 752 2366 homo,
765 2295 816 2366 qrri
831 2293 949 2349 intelie-
1003 2308 1171 2352 mereamur.

117 2398 194 2448 ctum
214 2391 307 2460 habet,
328 2395 356 2446 et
370 2403 468 2445 omnes
487 2386 626 2458 praecellit
639 2389 785 2442 creaturas
798 2402 807 2449 a
829 2383 898 2455 quia
912 2382 946 2439 ad
1244 2387 1311 2441 liam
1324 2387 1382 2457 ipsa
1395 2388 1424 2441 ia
1437 2386 1508 2457 psal.
1523 2399 1603 2442 cxxv.

119 2482 273 2553 imaginem
293 2479 342 2536 lici
366 2479 459 2535 iactus
476 2483 529 2535 est.
545 2475 629 2532 debet
646 2477 735 2531 Deum
752 2474 879 2531 laudare.
898 2470 947 2542 qui
1038 2474 1108 2530 Ecce
1125 2475 1228 2531 iterum
1243 2475 1365 2532 auribus
1380 2477 1488 2533 nostris
1506 2477 1618 2533 intonat
1632 2476 1756 2533 caelestis
1770 2489 1828 2532 au·

118 2584 169 2626 nos
184 2569 261 2639 iecit,
284 2574 312 2626 et
328 2583 392 2625 curn
410 2580 538 2623 essemus
555 2565 671 2635 perditi,
687 2564 721 2620 dc
735 2562 843 2619 diaboii
863 2561 950 2619 servi·
1003 2565 1122 2620 ctoritas
1138 2565 1289 2637 pulsatque
1307 2566 1426 2622 alleluia
1442 2567 1546 2636 januas
1558 2566 1664 2637 cordis,
1680 2579 1714 2622 ne
1727 2566 1828 2624 vacuis

118 2666 243 2717 tutanos
259 2655 420 2714 sociemit'et
434 2655 560 2712 coeiestia
574 2666 670 2722 regna,
684 2665 735 2708 sua
749 2652 947 2708 misericordia
1002 2657 1088 2722 atquc
1101 2654 1237 2710 inanibus
1249 2654 1476 2727 cogitationibus
1490 2670 1673 2726 occupemur,
1689 2657 1826 2728 quoniam

119 2748 203 2803 nobis
214 2747 327 2805 tribuit.
345 2746 409 2801 ideo
423 2740 597 2798 omnimodis
607 2740 657 2794 Dei
669 2740 818 2795 seruitium
835 2752 947 2795 summo
1002 2741 1126 2797 otiosum
1142 2748 1255 2813 tempus
1274 2758 1330 2800 non
1344 2744 1429 2802 debet
1443 2745 1547 2803 habere
1562 2746 1682 2803 militem
1705 2746 1825 2804 Christi.

120 2836 217 2889 studio
234 2836 373 2905 agencium
388 2837 442 2902 cst,
463 2835 496 2888 ut
509 2829 543 2886 ad
565 2827 706 2899 promissa
726 2827 829 2899 gandia
845 2842 947 2898 perse·
1001 2829 1089 2887 liabet
1113 2832 1189 2887 enim
1211 2836 1240 2888 ot
1259 2832 1357 2904 lingua
1383 2834 1496 2892 tructus
1516 2850 1593 2893 suos.
1615 2835 1764 2892 Uberrima
1782 2837 1829 2894 si-

120 2923 183 2978 nirc
199 2923 352 2993 possimus.
1000 2920 1115 2990 quidem
1133 2923 1235 2978 messis
1255 2923 1322 2979 inde
1336 2923 1488 2996 colligitur
1501 2925 1538 2995 si,
1556 2925 1585 2981 ia
1600 2924 1699 2982 landes
1710 2925 1826 2983 Domini

191 3013 369 3068 Cassiodorus
384 3013 493 3069 micitia
508 3016 676 3071 conclusione
685 3015 789 3087 psalmi
803 3026 872 3069 xxru
1001 3021 1072 3079 pura
1088 3014 1181 3065 mente
1196 3016 1350 3067 moveatur.
1367 3013 1505 3082 Spiritaie
1520 3013 1676 3071 membrum
1692 3020 1745 3078 est.
1761 3029 1824 3073 cum

154 3102 398 3175 vigintiquatuor
410 3103 537 3161 seniores
551 3104 704 3163 indefessis
716 3104 833 3160 vocibus
846 3102 945 3158 landes
959 3094 983 3154 t:
1000 3097 1157 3155 iamuiatnr
1168 3100 1279 3155 auctori
1296 3118 1304 3167 i
1322 3101 1412 3170 ipsam
1423 3115 1538 3172 quoque
1549 3103 1673 3159 animam
1686 3100 1827 3161 commen·

118 3191 238 3248 Domino
258 3191 339 3247 suavi
363 3192 561 3251 modulatione
581 3194 790 3263 concelebrant,
815 3203 946 3248 commo-
999 3189 1058 3253 dat.
1079 3189 1147 3244 dum
1168 3189 1315 3246 veritatem
1338 3189 1479 3261 loquitur,
1497 3194 1827 3264 quaproptercompiea·

118 3287 227 3352 nentes,
250 3287 283 3337 ut
301 3281 335 3337 ad
357 3281 581 3340 similitudinem
598 3297 696 3340 eorum
710 3288 739 3340 et
755 3296 807 3339 nos
821 3282 945 3353 psalmos

118 3368 296 3439 frequentata
311 3371 462 3429 devotione
474 3377 631 3429 cantemus.

261 3460 328 3514 ltcm
340 3461 398 3529 ipsc
409 3465 437 3516 ia
448 3461 698 3532 conclusioacpsal.
714 3475 808 3517 xxxii.

153 3545 262 3602 liabent
282 3547 358 3604 enim
384 3546 460 3605 beati
482 3551 620 3607 musicam
646 3565 737 3621 suam,
759 3564 822 3621 quae
840 3550 944 3606 anima

117 3635 212 3692 tidelis
225 3636 314 3693 intrat
323 3638 466 3708 auditum,
477 3641 562 3710 cujus
575 3653 629 3695 non
643 3640 740 3697 deicit
750 3654 847 3711 sonus,
859 3641 945 3709 cujus

118 3737 174 3780 non
190 3724 315 3782 lassatur
335 3726 468 3783 intentio.
484 3728 651 3800 Relinquite
677 3742 744 3801 erac
763 3729 945 3800 spectaculo-

118 3825 181 3868 rum
197 3819 348 3883 amatores,
371 3815 534 3872 mortiferas
547 3818 717 3888 voluptates,
731 3820 765 3875 ad
781 3819 839 3874 haec
853 3817 945 3889 magis

117 3902 232 3973 gaudia,
251 3905 286 3959 ad
309 3903 368 3960 hmo
381 3905 515 3976 mysteria
533 3909 705 3964 conuenite:
728 3907 776 3964 ubi
791 3908 901 3964 cithara
917 3913 945 3963 et

116 4004 256 4063 organum
271 3993 394 4050 virtutes
408 3996 544 4065 excitant,
561 4011 617 4053 non
627 3995 771 4053 desideria
788 4011 879 4067 pravae
892 4010 945 4053 so·

117 4079 240 4150 luptatis
250 4081 310 4141 ins.
328 4083 497 4153 uoluntatis,
512 4087 604 4141 minsas
617 4083 777 4161 opportuna]
792 4086 943 4158 instigant.

254 4172 323 4227 item
336 4174 394 4243 ipsc
407 4175 438 4228 ιιι
450 4176 618 4230 conclusione
626 4178 699 4246 psal.
716 4190 821 4232 xxxtu.

150 4260 265 4317 Peracta
289 4268 356 4319 sunt
376 4264 478 4333 psalmi
496 4265 583 4334 hujus
597 4272 778 4323 sacrosancta
798 4267 942 4338 mysteria,

117 4347 166 4403 ubi
182 4349 225 4404 sic
241 4350 393 4409 missarum
411 4354 482 4410 crdo
496 4355 655 4424 completus
672 4360 730 4411 est:
746 4360 851 4411 uteum
871 4369 945 4412 con-

1001 3293 1065 3335 mus
1089 3291 1183 3335 aerem
1210 3277 1391 3336 dulcissimis
1413 3280 1502 3337 sonis.
1527 3283 1597 3336 Nam
1628 3281 1737 3339 musica
1769 3283 1825 3340 ista

1000 3368 1138 3424 salutaris
1151 3382 1206 3425 non
1220 3369 1313 3425 solum
1329 3369 1492 3425 mortalium
1510 3370 1666 3440 permulcet
1678 3371 1824 3437 auditum,

1000 3456 1147 3514 sedetiam
1162 3456 1340 3514 intellectum
1354 3457 1477 3515 deiectat
1490 3458 1663 3530 angelicum.

1218 3550 1285 3602 ltem
1296 3549 1354 3617 ipsc
1368 3550 1398 3603 ιη
1409 3549 1481 3619 psal.
1498 3561 1611 3606 crustu.

1033 3636 1825 3711 Parsistaorationispaucisquidemsyliabisarctatur,

999 3727 1047 3783 sed
1075 3726 1201 3799 cogitata
1227 3740 1338 3797 semper
1368 3728 1542 3785 extenditur.
1575 3729 1720 3786 Novitates
1747 3731 1823 3787 enim

1000 3817 1189 3873 suavissimas
1213 3816 1248 3872 de
1276 3831 1306 3873 se
1328 3817 1418 3888 elicit,
1439 3831 1504 3874 cum
1528 3831 1589 3874 eam
1615 3819 1693 3875 acies
1720 3821 1825 3877 mentis

1001 3906 1168 3975 inspexerit.
1184 3908 1265 3977 Nam,
1285 3906 1353 3962 dum
1369 3921 1384 3962 a
1400 3907 1505 3964 lectore
1521 3907 1642 3978 dicitur,
1657 3909 1824 3978 pradicatio

1000 3992 1096 4048 laudis
1108 3997 1169 4061 est3
1184 4007 1250 4050 cum
1268 4007 1284 4050 a
1300 3994 1405 4064 populo
1420 3995 1617 4068 respondetur,
1631 3997 1753 4068 hymnus
1769 4003 1823 4054 est.

999 4082 1046 4138 Sic
1065 4096 1122 4138 una
1143 4096 1210 4139 voce
1229 4084 1376 4155 peragitur
1398 4090 1454 4140 tarn
1475 4085 1620 4142 diversum
1644 4087 1823 4158 mysterium,

998 4185 1062 4228 cum
1082 4172 1111 4227 in
1132 4171 1193 4243 ipsa
1213 4171 1289 4227 nihii
1307 4177 1442 4242 appareat
1458 4174 1649 4231 immutatum.
1671 4176 1825 4235 Subtiliter

998 4264 1092 4316 autem
1105 4261 1232 4330 psalmus
1243 4260 1297 4317 iste
1307 4262 1532 4332 tractandusest,
1542 4265 1678 4334 animiam
1686 4266 1824 4337 propheta

1000 4363 1049 4420 per
1070 4363 1225 4420 paucarum
1241 4351 1549 4421 commemorationem,
1565 4365 1663 4410 omnes
1675 4360 1823 4413 creaturas

116 4439 256 4508 scriptum
269 4446 351 4510 yrutes
366 4442 741 4513 temporibuschristianis.
757 4446 809 4501 iiic
823 4446 899 4501 enim
915 4450 944 4502 et
960 4449 986 4510 D
1000 4439 1132 4495 hortatur
1155 4439 1254 4495 laudea
1276 4439 1391 4495 Domini
1411 4439 1513 4496 debere
1534 4445 1658 4499 canmre.
1679 4441 1821 4499 Rationa-

117 4526 287 4597 hymnorum
298 4530 369 4587 ordo
381 4533 521 4589 decursus
535 4538 595 4599 ests
608 4533 655 4590 hic
667 4535 701 4591 ad
712 4535 941 4591 communionem
997 4528 1071 4585 biles
1089 4534 1118 4585 ci
1139 4528 1350 4584 intellectuales
1365 4542 1415 4599 ιιθι
1428 4543 1458 4586 sc
1476 4548 1483 4598 3
1506 4543 1553 4587 tus
1568 4544 1643 4600 vcra,
1667 4545 1729 4601 cuae
1751 4537 1822 4589 sunt

114 4615 234 4674 devotus
260 4618 383 4688 populus
395 4620 514 4691 jubetur
532 4624 687 4693 accedere3
705 4623 761 4680 huc
781 4624 942 4682 invitantur
997 4617 1156 4677 intellectu.
1170 4617 1212 4674 rei
1229 4631 1314 4674 sensu
1330 4622 1468 4690 carentes,
1483 4633 1532 4689 per
1547 4619 1614 4675 ilias
1628 4619 1741 4677 scilicet
1756 4636 1821 4694 qua

115 4706 224 4773 renim,
238 4707 288 4778 qui
303 4709 395 4779 prima
406 4710 471 4767 idei
485 4710 647 4768 rudimenta
658 4713 834 4785 suscipiunt,
847 4719 942 4770 utom·

116 4807 166 4850 nos
181 4804 372 4855 consonanter
387 4799 504 4856 iaudent
518 4802 617 4858 Deum.

354 4890 422 4945 ltcm
436 4892 493 4960 ipse
507 4892 616 4961 lapsal.
632 4904 719 4949 cruit.

151 4974 325 5046 Legimusin
346 4979 516 5051 apocalypsi
537 4981 655 5038 loannis
676 4980 794 5038 alleluia
818 4981 846 5038 in
868 4983 940 5041 coeio

114 5066 231 5119 cauare
259 5071 421 5124 sanctorum
455 5069 670 5127 multitudinem
695 5070 839 5140 copiosam
864 5073 938 5142 quod

113 5150 201 5206 etiam
214 5158 339 5223 quatuor
352 5157 500 5227 animalia,
514 5164 541 5214 et
551 5158 656 5228 viginti
673 5164 797 5231 quatuor
812 5161 940 5218 seniores

114 5239 266 5298 adorantes
274 5244 426 5302 Dominum
440 5247 560 5303 dicunt:
577 5248 651 5320 quod
666 5252 744 5305 totus
760 5249 810 5306 iiie
826 5251 940 5307 exerci-

113 5335 162 5386 tus
176 5329 303 5389 caelestis
323 5333 352 5390 in
367 5348 463 5392 rocem
484 5336 560 5393 tuba
575 5338 783 5408 grandissimae.
806 5339 938 5410 hymnica

111 5420 305 5479 exsultatione
319 5423 530 5482 concelebrant.

327 5514 395 5569 ltem
404 5515 462 5585 ipse
474 5517 504 5569 ia
518 5516 715 5586 psalmum.

996 4722 1081 4779 opera
1103 4709 1217 4765 Domini
1238 4707 1452 4777 sapientissima
1470 4708 1699 4766 cousidemtione
1713 4710 1821 4770 collau·

995 4800 1074 4855 dant.

1031 4891 1098 4945 ltem
1111 4891 1170 4960 ipsa
1183 4891 1213 4943 ia
1232 4889 1401 4944 conclusione
1412 4889 1559 4944 noomsima
1569 4891 1750 4960 psalmorum.

1030 4978 1105 5049 Quid
1129 4979 1206 5036 enim
1235 4980 1265 5035 in
1291 4979 1347 5035 isto
1374 4978 1484 5036 coeiesti
1504 4980 1630 5038 armario
1650 4980 1820 5052 Scriptura·

996 5082 1059 5125 rum
1087 5068 1251 5126 diuinarum
1290 5067 1420 5124 inuenire
1453 5081 1508 5125 non
1545 5069 1640 5139 possis
1661 5069 1677 5125 ‘l
1698 5069 1820 5127 &neris

995 5171 1107 5229 quaeras
1128 5155 1186 5225 hic,
1210 5156 1447 5228 quemadmodum
1470 5155 1559 5215 luerit
1579 5158 1705 5216 mundus
1724 5156 1820 5213 iahri-

994 5251 1086 5316 catus,
1125 5247 1289 5316 exponitur.
1325 5246 1493 5317 Prophetias
1521 5248 1597 5320 [edit.
1626 5247 1725 5312 Rusti,
1756 5259 1824 5317 pro·

996 5337 1094 5408 phetas
1117 5335 1235 5407 dicasi‘i
1255 5334 1327 5404 Quis
1347 5336 1383 5393 de
1402 5336 1598 5394 incarnatione
1618 5333 1732 5392 Domini
1757 5340 1821 5391 tan·

994 5432 1023 5483 ta
1047 5426 1161 5483 locutus
1184 5424 1257 5481 esti
1280 5425 1465 5499 Exangciium
1493 5421 1625 5493 cupiosi
1653 5422 1820 5480 Passionem

992 5519 1021 5572 et
1040 5514 1279 5573 resurrectionem
1304 5515 1413 5573 Christi
1436 5511 1551 5568 Domini
1581 5511 1747 5569 innumeris
1771 5513 1819 5571 io-

148 5600 214 5658 i’ost
243 5601 406 5674 gradalium
435 5602 658 5674 pulcherrimam
686 5606 941 5684 constructionem,
987 5605 1031 5669 ais
1057 5605 1204 5663 evidenter
1230 5605 1366 5664 ostendit.
1397 5600 1566 5673 apostolum
1602 5600 1708 5660 relisi
1740 5602 1818 5661 iudi
