3876 6090
190 212 260 271 4495
584 208 730 269 breuno
751 208 799 267 ab
816 207 896 267 SAEC.
917 207 968 267 IX.
986 234 1025 255 ·-·
1040 206 1219 268 aocwltns
1236 208 1322 267 brim
1340 207 1486 271 INOERTI.
1825 207 1893 270 altio

190 339 327 410 minatus,
342 350 399 409 quo
414 337 523 409 pudore
537 335 700 393 5444444444
714 331 877 404 usurpabit,
893 335 944 388 aut
958 343 1014 402 qua
1027 330 1055 391 A
1069 329 1258 401 committant,
1276 344 1332 388 non
1347 330 1405 389 alla
1417 332 1453 389 de
1464 344 1550 389 causa
1568 331 1631 389 deri
1651 331 1739 402 dicit,
1755 331 1814 387 nisi
1827 333 1891 403 quia

189 428 376 500 couscientia,
389 440 445 500 quo
456 427 558 484 merito
566 425 698 482 exaudiri
709 438 738 480 se
748 422 936 495 possecredit,
947 433 1012 478 oum
1069 416 1188 475 44444444
1203 425 1317 490 peccata
1340 433 1396 478 non
1413 419 1518 477 babent
1540 420 1712 477 vindictam.
1739 421 1801 476 Non
1819 420 1890 477 enirn

188 518 298 575 dictum
310 518 367 576 sit:
383 516 480 572 Omnia
490 515 595 572 mundo
608 514 739 578 mnndis3
755 511 938 582 coinquinatis
958 525 1014 563 nn·
1069 507 1458 566 mulieresvirossuoslacile
1469 510 1504 567 de
1514 509 1670 578 adulterio,
1681 508 1828 566 sicutviri
1840 523 1892 566 44

188 612 241 661 term
253 611 278 661 et
299 606 456 676 infidelibus
474 604 545 659 nibil
557 607 596 658 est
609 601 765 657 mundum?
778 599 842 671 (Tit.
861 598 891 672 l.)
910 596 953 655 lo.
975 598 1014 654 be
1069 597 1155 653 lieres
1170 605 1322 656 accusant:
1340 598 1449 656 idcirco
1464 599 1592 656 virorum
1608 599 1718 655 latente
1732 599 1889 671 commisso,

190 696 338 753 monacbis
359 701 453 752 autem
473 691 526 765 (46,
550 708 578 764 q.
596 688 621 760 4,
637 706 661 747 c.
671 693 709 745 lle
720 688 880 761 monacbis),
901 688 950 760 qui
977 687 1011 743 ad
1070 699 1125 742 444
1135 684 1218 743 luciis
1228 688 1381 759 quisquam
1391 701 1490 745 eorum
1502 701 1536 744 ex
1550 686 1776 759 suspicionibus
1787 687 1891 745 submo

190 785 481 845 clericatusordinem
491 781 680 854 pervenerint,
687 776 779 850 lubet,
791 775 1015 834 noudebereeos
1070 780 1170 847 vetur,
1186 775 1402 834 submovebitur
1413 790 1517 847 au1em,
1532 777 1558 834 si
1574 778 1639 848 ejus
1651 777 1799 850 flagitium
1811 775 1892 835 iueril

190 888 206 932 a
219 874 311 946 priori
328 872 474 945 proposito
487 870 617 927 deviare:
631 869 699 939 quia
710 867 787 923 sicut
799 866 828 922 in
841 865 1014 922 monasterio
1069 863 1221 922 detectum.
1237 865 1289 922 Sed
1305 866 1437 937 quamvis
1454 879 1505 938 par
1520 867 1561 923 sit
1571 880 1670 938 eausa,
1688 866 1837 923 interdurn
1850 872 1891 923 ta·

191 964 258 1037 luit,
271 964 334 1021 ideo
348 962 422 1033 quod
437 960 488 1017 diu
504 959 638 1028 servavit,
650 957 733 1013 modo
749 956 778 1011 iu
794 953 908 1011 meliori
923 953 1013 1028 gradu
1069 964 1132 1008 men
1145 952 1313 1024 probatione
1324 959 1453 1012 cessante
1467 954 1603 1012 vindictae
1615 954 1693 1012 ratio
1705 955 1889 1026 conquiescit

191 1053 303 1126 positus
317 1066 373 1108 nou
388 1049 471 1106 debet
483 1049 624 1118 amittere,
640 1043 681 1102 44.
698 1048 767 1102 item
789 1044 914 1115 mandat,
930 1057 965 1100 ne
979 1057 1013 1101 ex
1103 1039 1129 1098 4.
1147 1041 1230 1100 44444
1251 1056 1317 1099 4444
1330 1041 1385 1115 (23,
1408 1059 1434 1115 q.
1451 1042 1477 1116 4,
1498 1059 1523 1101 4.
1536 1044 1633 1116 illud),
1655 1044 1712 1116 qui
1738 1056 1836 1115 preces
1847 1043 1891 1101 di·

189 1131 1014 1212 curialibus,idest,quialiquibuspublicisfunctionibus
1067 1135 1135 1202 ctat,
1151 1136 1179 1187 st
1197 1131 1323 1203 alicujus
1342 1137 1460 1190 mortem
1479 1133 1522 1190 vel
1544 1133 1720 1206 sauguinem
1740 1132 1778 1189 de
1791 1139 1890 1190 reatua

190 1228 331 1301 occupati,
340 1229 408 1298 4444
416 1226 450 1283 ad
461 1225 572 1282 curiam
588 1223 695 1282 retrahi
708 1228 838 1294 possunt,
851 1222 886 1278 ad
896 1220 1009 1277 clerica
1069 1219 1250 1290 principibus
1269 1221 1372 1293 poscit,
1388 1222 1542 1279 immunem
1563 1236 1626 1279 esse
1639 1221 1730 1293 dicit,
1751 1221 1818 1278 ideo
1831 1224 1889 1295 qula

189 1329 249 1379 tum
263 1318 455 1375 admittantur
474 1313 552 1387 (dist.
573 1311 618 1386 54,
641 1328 665 1370 4.
695 1311 878 1384 Frequenter).
906 1308 948 1367 li.
973 1311 1013 1366 lle
1069 1309 1214 1378 principes
1225 1323 1370 1380 nunquam
1387 1310 1451 1367 sine
1462 1311 1629 1382 cognitione
1650 1310 1888 1380 concedunt3sed

189 1406 353 1482 virginibus
374 1405 485 1476 velatis,
502 1404 527 1460 si
544 1410 640 1474 postea
658 1401 773 1474 publice
794 1399 956 1471 nupserint,
969 1398 1011 1455 vel
1067 1399 1102 1454 ad
1112 1399 1226 1469 judices
1237 1400 1390 1457 commissa
1403 1400 1517 1472 ipsave!
1532 1400 1660 1457 crimina
1672 1413 1789 1472 semper
1799 1402 1891 1458 remit·

189 1495 472 1564 clanculocorruptn
483 1491 603 1564 4444444,
620 1491 776 1562 mandavit,
792 1502 849 1547 non
863 1488 1015 1545 admitten·
1069 1492 1143 1559 tunt,
1156 1489 1310 1561 utcognita
1320 1488 1570 1546 causavindicent
1585 1489 1656 1560 Quae
1669 1504 1739 1546 cum
1750 1490 1889 1562 quaesitori

189 1589 242 1645 das
251 1598 312 1642 4554
322 1583 356 1640 ad
370 1582 507 1655 agendam
521 1579 729 1652 poenitentiam,
742 1578 851 1649 nisibi,
865 1575 973 1649 quibus
983 1588 1013 1633 se
1068 1574 1177 1634 luerint
1185 1577 1324 1651 delegata,
1340 1584 1391 1636 aut
1399 1579 1553 1651 absolutio,
1564 1579 1782 1636 autdamnatio
1796 1593 1890 1651 prone

186 1674 401 1750 junxeramus
423 1671 529 1728 mundo
549 1669 719 1727 recesserint
735 1664 788 1740 444,
811 1683 838 1740 q.
861 1665 886 1738 4,
903 1681 928 1724 4.
949 1666 1014 1734 Qua
1028 1666 1139 1740 Bgotii
1153 1666 1294 1738 qualitate
1305 1667 1585 1740 protertur3etdum
1600 1668 1700 1741 legum
1712 1668 1889 1741 inimprobos

190 1765 314 1838 cbristo),
331 1762 464 1835 quiajam
475 1759 511 1816 ds
525 1759 610 1816 laicis
622 1757 764 1815 adulteris
779 1757 838 1814 baec
852 1755 942 1814 torma
957 1769 1013 1813 ser·
1067 1762 1214 1815 exercetur
1228 1759 1396 1831 auctoritas,
1409 1760 1465 1815 erit
1478 1758 1603 1815 dictator
1622 1757 1781 1815 immunis.
1792 1756 1818 1816 6.
1833 1759 1889 1816 ilios

189 1861 282 1913 vatur.
298 1852 547 1909 Sententiaautem
561 1849 617 1905 ista
631 1847 712 1905 valde
726 1860 822 1904 severa
843 1851 872 1902 st
886 1845 1012 1903 timenda
1067 1859 1142 1919 vero,
1158 1847 1208 1919 qui
1224 1847 1429 1904 interveniente
1446 1847 1577 1919 repudio,
1590 1847 1644 1904 alii
1659 1860 1692 1904 54
1714 1849 1888 1907 matrimonio

190 1944 289 2015 nimis,
303 1955 388 2015 quam
405 1939 560 1997 multorum
572 1951 642 1995 casu
653 1937 760 1994 nostris
771 1934 1013 2007 temporibusne-
1066 1934 1239 2006 copularint,
1250 1936 1539 1995 affirmatsinedubio
1550 1937 1580 1994 in
1592 1942 1721 2008 utraque
1731 1938 1889 2008 parseedul·

188 2033 313 2091 cessario
330 2029 457 2102 mitigari
473 2026 621 2099 oportuit3
639 2025 770 2096 alioquin
788 2023 872 2081 multi
885 2023 1012 2081 salubris
1068 2031 1143 2083 44445
1154 2039 1235 2082 esse.-
1259 2026 1327 2098 quia
1341 2027 1471 2099 quamvis
1482 2027 1653 2098 conjugium
1673 2027 1836 2084 desolatum
1853 2028 1886 2083 vel

188 2111 915 2195 44444444445444444445444444444444]444444444ιί
927 2112 1011 2171 corde
1065 2113 1239 2172 dissolutum
1252 2129 1314 2172 esse
1333 2116 1476 2188 videatur,
1491 2129 1546 2172 non
1563 2122 1689 2188 possunt
1705 2119 1803 2172 444444
1814 2115 1888 2173 adul-

188 2213 273 2269 444444
289 2211 414 2267 linirent.
433 2204 474 2263 43.
495 2206 546 2262 4445
559 2211 654 2262 autem
670 2203 844 2276 virginibus,
862 2217 1013 2275 quaenon-
1066 2204 1120 2261 teri
1134 2219 1189 2263 non
1205 2205 1308 2278 videri,
1325 2207 1375 2279 qui
1389 2220 1477 2263 uxore
1489 2205 1647 2263 viventead
1663 2205 1758 2262 aliam
1768 2206 1886 2278 4444444

186 2304 255 2360 dum
270 2300 369 2359 velatae
381 2303 450 2356 sunt
461 2293 516 2369 (ui,
532 2313 562 2369 q.
578 2293 604 2368 4,
617 2309 642 2360 4,
662 2296 702 2352 444
716 2297 798 2368 cero),
816 2293 865 2351 sed
882 2294 912 2351 in
925 2294 1012 2367 virgi·
1067 2291 1240 2352 festinarunt
1259 2294 1367 2368 (444444.
1390 2295 1467 2370 4444
1496 2296 1525 2352 44
1551 2299 1679 2368 tantum,
1706 2301 1743 2354 44
1756 2296 1841 2354 etiam
1854 2296 1886 2352 ba

186 2391 287 2449 nitatis
303 2395 395 2446 tamen
412 2387 558 2461 proposito
573 2399 603 2442 se
613 2397 779 2457 permanere
791 2384 1009 2456 simulaverunt,
1066 2397 1202 2457 personae,
1220 2385 1328 2457 quibus
1343 2384 1415 2444 tales
1431 2386 1591 2455 conjunctae
1613 2391 1697 2457 5444,
1719 2386 1888 2444 commisisse

186 2482 210 2538 54
226 2479 298 2538 iorte
317 2477 479 2550 nupserint,
494 2475 645 2547 aliquanto
672 2478 797 2544 tempore
812 2473 1009 2545 poenitentiam
1064 2473 1215 2531 videantur
1227 2474 1412 2532 adulterium.

185 2569 323 2641 agendam
342 2581 403 2624 esse
417 2567 505 2624 dicit:
520 2565 589 2637 quia
609 2563 727 2635 sponsio
741 2575 840 2620 earum
858 2562 1010 2621 abomino
1100 2562 1166 2620 item
1177 2562 1263 2619 Felici
1275 2563 1888 2636 444444444444544444444444444454444

185 2656 351 2715 tenebatur:
365 2655 468 2728 quiesi
480 2655 583 2725 viduae,
595 2651 1009 2725 quaavididuatisproposito
1062 2650 1149 2708 aliam
1162 2652 1282 2723 scripsit
1292 2652 1459 2710 decretalem
1473 2652 1626 2724 epistolam
1637 2651 1732 2726 (episc
1750 2650 1787 2727 4),
1801 2655 1830 2711 44
1841 2667 1888 2726 qua

183 2748 390 2817 discesserunt,
404 2745 487 2815 juxta
497 2742 665 2814 Apostolum
679 2740 891 2798 damnationem
904 2739 1009 2797 babent
1062 2742 1089 2798 ei
1102 2741 1262 2814 indigentia
1271 2741 1442 2799 clericorum
1454 2742 1678 2813 quaerimoniam
1689 2741 1887 2815 iacienti,cun

181 2835 207 2908 44
227 2838 296 2892 Tim.
323 2834 359 2909 4),
391 2834 459 2906 quia
476 2832 596 2903 primam
621 2831 704 2887 iidem
728 2829 841 2887 irritam
867 2827 1005 2901 lecerunt,
1062 2830 1178 2902 aliquos
1195 2844 1310 2887 murcos
1331 2827 1485 2907 [mutilos],
1510 2830 1628 2903 aliquos
1645 2831 1785 2906 digamos
1797 2831 1890 2890 babor

184 2931 291 2999 quanto
307 2923 398 2996 magis
413 2921 549 3002 virgines,
564 2936 627 2993 quae
641 2919 749 2992 prioris
761 2919 1008 2992 promissionisil-
1061 2919 1180 2992 diceret,
1195 2920 1356 2992 respondet,
1371 2918 1383 2977 4
1389 2959 1397 2974 .
1414 2920 1507 2993 illum,
1522 2921 1573 2993 qui
1592 2919 1697 2979 volens
1716 2928 1826 2994 partem
1844 2921 1888 2977 di-

182 3020 246 3075 444
257 3015 388 3089 frangere
398 3018 506 3071 conatae
523 3011 615 3070 44444
1021 3000 1114 3082 Ggiti
1132 3010 1177 3067 544
1194 3009 1359 3081 4454444444,
1375 3009 1459 3080 juxta
1473 3023 1597 3067 canones
1610 3024 1670 3068 non
1682 3025 1772 3084 posse
1782 3010 1886 3069 admitti

220 3104 245 3163 4.
260 3108 329 3163 4444
345 3102 570 3175 praenominatus
585 3114 656 3172 4444
670 3100 757 3157 44444
771 3100 891 3171 scripsit
903 3099 1008 3171 episto.
1061 3099 1095 3156 ad
1112 3098 1239 3171 clerum,
1256 3098 1339 3156 illum
1360 3112 1436 3173 4444,
1451 3100 1499 3156 444
1512 3098 1614 3171 aliquo
1629 3114 1702 3158 casu
1719 3101 1887 3174 conligite

183 3199 238 3256 lam
255 3193 398 3266 Exuperio
418 3192 557 3248 'lolosano
578 3191 713 3262 episcopo
737 3189 827 3261 (epist.
843 3188 869 3246 3.
886 3220 923 3231 -
936 3190 1006 3249 dist.
1061 3188 1198 3246 clericum
1221 3188 1281 3245 tleri
1306 3203 1396 3262 posse,
1410 3194 1437 3245 et
1463 3189 1611 3246 inventum
1623 3189 1719 3261 abjici
1737 3204 1797 3250 444
1815 3203 1887 3262 44544

180 3286 226 3359 84,
245 3302 271 3344 4.
286 3285 476 3357 emeseno),
493 3283 524 3339 in
544 3295 600 3354 qua
611 3282 638 3339 ei
658 3281 802 3352 rescribit,
822 3280 889 3340 illos
904 3281 1008 3338 diaco-
1061 3280 1186 3337 asseruit
1199 3278 1277 3351 (dist.
1298 3278 1342 3352 53,
1355 3294 1381 3337 e.
1395 3279 1448 3346 Qui
1454 3278 1570 3352 portem)
1579 3298 1589 3347 ,-
1600 3280 1673 3351 quia
1685 3281 1720 3337 in
1733 3279 1788 3338 illo
1801 3280 1887 3337 volun

180 3392 277 3450 conos,
290 3383 342 3434 444
354 3375 543 3448 presbyteros,
563 3386 636 3445 quos
652 3385 714 3428 esse
727 3371 938 3429 incontinentes
951 3371 1006 3427 dlii
1062 3375 1105 3425 445
1118 3374 1161 3426 454
1172 3368 1312 3439 judicata,
1329 3369 1358 3425 in
1380 3369 1436 3425 4544
1457 3383 1523 3426 4444
1536 3382 1623 3426 casus
1644 3370 1765 3427 veniam
1780 3370 1885 3429 meruit

180 3461 307 3545 generati
322 3466 519 3538 prodiderunt,
532 3462 610 3519 omui
624 3459 1007 3531 bonoreecclesiasticocsse
1060 3455 1087 3515 4.
1104 3459 1238 3531 bigamos
1251 3462 1357 3529 autem,
1378 3458 1454 3516 54444
1476 3463 1506 3514 44
1523 3459 1661 3530 superius
1681 3459 1826 3532 scriptum
1839 3463 1884 3527 454

181 3557 345 3630 privandos,
357 3555 472 3611 sicutet
486 3552 611 3609 Siricius
623 3564 695 3622 papa
706 3548 830 3621 iecerat,
847 3563 898 3606 nec
908 3549 942 3606 ad
954 3550 1009 3606 ali·
1061 3544 1886 3618 omuinoabiiciendoscssemandavit&inicosautcnil

180 3648 254 3721 quod
272 3646 327 3703 tale
350 3644 544 3701 ministerium
561 3639 754 3698 admittendos
768 3652 839 3710 esse,
853 3637 928 3710 quod
943 3638 1004 3696 sola
1061 3637 1105 3695 los
1114 3635 1192 3708 (dist.
1203 3634 1248 3709 54,
1261 3652 1285 3694 4.
1296 3636 1464 3710 designato),
1475 3637 1509 3693 ad
1522 3636 1681 3695 clericatus
1693 3645 1804 3697 sortem
1814 3651 1886 3711 44544

180 3736 358 3796 44444444444
372 3739 484 3805 oportet
499 3731 622 3802 impleri.
639 3728 667 3785 2.
685 3729 736 3785 llis
753 3735 848 3786 autem
862 3727 911 3799 qui
925 3729 1002 3785 omni
1059 3728 1175 3786 admitti
1190 3741 1245 3783 non
1259 3727 1359 3796 vetuit,
1374 3727 1424 3798 qui
1440 3727 1483 3783 sic
1495 3741 1525 3783 se
1540 3734 1605 3798 post
1617 3726 1802 3799 baptismum
1815 3727 1882 3785 iusti·

182 3833 307 3896 tempore
326 3822 542 3881 incontinentia
561 3817 757 3889 voluptatibus
777 3816 879 3887 dediti,
894 3821 1004 3874 tautum
1060 3822 1187 3886 tusrunt,
1202 3819 1342 3874 uteorum
1353 3815 1453 3887 opinio
1468 3815 1497 3872 in
1519 3816 1600 3873 nullo
1619 3817 1754 3890 vacillet,
1766 3817 1886 3876 4444444-

184 3917 214 3972 44
229 3920 354 3971 extremo
366 3914 432 3969 vitan
442 3924 501 3969 544
517 3906 713 3980 poenitentiam
728 3906 815 3963 simul
831 3912 860 3963 44
873 3907 1007 3964 4444444-
1060 3908 1120 3964 4445
1142 3921 1175 3964 44
1191 3906 1339 3962 44444445
1355 3905 1538 3978 adhaeserint,
1567 3911 1596 3962 et
1621 3909 1821 3968 concubinam
1844 3911 1886 3968 aut

184 4004 330 4062 lintionsm
352 3998 565 4060 communionis
585 4000 760 4067 exposcuut3
774 3996 905 4069 quamvis
923 3998 1006 4068 juxta
1062 3995 1192 4066 pellicem
1208 3998 1265 4051 nob
1278 3993 1420 4062 noverint,
1436 3999 1464 4050 et
1477 3993 1507 4051 in
1520 3993 1606 4052 bouis
1629 3998 1777 4068 operibus
1789 3997 1885 4072 vigila·

184 4099 307 4167 priorem
318 4090 553 4151 cousuetudinem
568 4087 734 4158 4444444444
749 4087 863 4158 quidem
875 4086 1008 4144 concede
1061 4086 1130 4142 rint.
1148 4084 1290 4141 lllosvsro
1303 4083 1353 4154 qui
1371 4082 1484 4140 militiae
1503 4085 1682 4159 servierunt,
1691 4093 1746 4146 aut
1759 4089 1790 4146 in
1802 4102 1885 4146 sarcu-

183 4192 271 4249 rctur,
294 4183 341 4240 sed
364 4177 529 4237 communio
553 4181 727 4248 negaretur}
748 4189 813 4232 cum
838 4175 1006 4246 4444444444
1061 4174 1174 4232 laribus
1187 4173 1285 4230 causis
1294 4173 1413 4246 agendis
1425 4174 1531 4230 4445444
1548 4179 1628 4247 suut,
1644 4182 1701 4234 444
1711 4177 1885 4237 administra

182 4272 411 4334 communionem
428 4267 518 4326 tribui
529 4268 629 4339 iussit,
641 4272 673 4322 ut
681 4265 723 4322 vel
740 4264 935 4334 4454444445,
948 4276 1008 4335 per·
1062 4270 1138 4330 runt,
1154 4264 1410 4322 assumendosessc
1421 4264 1581 4335 probibuit.

185 4366 314 4423 mittente
332 4360 475 4418 salvatore
488 4362 597 4430 nostro,
612 4370 628 4413 4
649 4359 784 4427 perpetuo
801 4353 891 4410 exitio
906 4353 1045 4437 vindi-1]
1096 4354 1170 4411 ldem
1183 4352 1337 4425 pradictus
1347 4353 1517 4426 papaiuilla
1527 4352 1662 4427 epistola,
1673 4369 1764 4428 quam
1771 4357 1884 4415 4444444

183 4458 292 4512 centur.
1061 4448 1090 4499 et
1103 4443 1203 4499 Severo
1224 4442 1368 4513 episcopis
1386 4443 1543 4500 destinavit
1558 4440 1650 4514 (epist.
1668 4442 1699 4517 5,
1720 4446 1807 4517 jubet
1826 4459 1884 4519 pne·

218 4541 246 4600 3.
259 4544 298 4598 De
323 4540 369 4597 bis
382 4551 457 4607 vero,
478 4538 529 4608 qul
551 4538 603 4591 444
620 4535 760 4588 tormenta
784 4530 845 4588 sola
864 4538 1005 4605 exercent,
1061 4530 1190 4604 sbyteros
1206 4532 1282 4603 illos,
1305 4531 1354 4604 qui
1378 4531 1409 4589 in
1429 4531 1607 4603 presbyterio
1626 4532 1710 4592 44445
1728 4546 1884 4607 4444444554

184 4631 331 4688 44444444
355 4625 505 4698 capitalem
526 4621 696 4679 senteutiam
710 4618 869 4692 proferunt,
886 4637 1008 4696 respon·
1061 4622 1209 4686 dicuntur,
1233 4620 1336 4678 debere
1359 4621 1390 4677 in
1408 4621 1500 4678 medio
1515 4621 1668 4695 collocari,
1690 4623 1883 4697 discussisque

184 4719 231 4775 det
253 4715 307 4788 443,
331 4732 357 4788 q.
375 4713 392 4770 4
408 4728 434 4770 c.
455 4713 602 4779 Quaesitum
624 4708 682 4783 cst),
712 4709 788 4766 nibil
813 4724 830 4767 a
850 4712 1008 4783 majoribus
1060 4710 1271 4782 objectionibus
1285 4724 1349 4782 quae
1365 4710 1437 4782 ipsis
1450 4708 1881 4786 presbyterisimpiuguntur,si

184 4804 334 4862 delinitum
351 4815 430 4872 esse3
445 4801 509 4857 ideo
525 4799 593 4871 quia
611 4801 799 4856 meminerant
812 4800 862 4857 bas
880 4806 1007 4873 potesta·
1060 4799 1192 4857 convinci
1216 4803 1359 4870 poterunt,
1384 4812 1400 4855 a
1420 4798 1590 4856 sacerdotali
1613 4797 1714 4860 obicio
1731 4800 1880 4861 remoreri:

185 4899 227 4951 tes
238 4891 329 4950 tuisse
343 4906 358 4949 4
370 4894 427 4948 Deo
440 4903 599 4962 concessas,
611 4897 639 4945 et
660 4894 774 4960 propter
788 4890 944 4948 vindictam
960 4905 1008 4949 no
1061 4890 1129 4961 quia
1149 4889 1199 4961 qui
1212 4889 1305 4946 sancti
1329 4901 1385 4946 non
1398 4891 1476 4959 suut,
1490 4893 1589 4945 sancta
1602 4892 1734 4949 tractare
1749 4905 1807 4950 non
1823 4904 1881 4964 pos·

184 4979 1006 5054 riorumgladiumiuissepermissum‚etbeiministrum
1061 4985 1129 5036 sunt
1158 4977 1236 5049 (dist.
1258 4974 1304 5050 84,
1331 4992 1355 5035 4.
1393 4976 1622 5052 llocimilicmus).
1660 4980 1779 5039 4444444
1808 4980 1880 5039 ellan

183 5075 281 5132 datum
295 5072 397 5129 esssiu
414 5070 579 5141 bulusmodi
595 5070 747 5141 vindicem,
763 5073 792 5125 et
805 5069 844 5125 ita
859 5078 1005 5142 setenere,
1062 5068 1092 5125 in
1115 5067 1211 5124 eadem
1230 5066 1347 5139 laicum,
1374 5067 1424 5139 qui
1443 5079 1460 5123 4
1480 5065 1590 5125 talibus
1612 5067 1779 5128 Ecclesiam
1802 5064 1880 5144 pollui

182 5163 258 5221 sicut
273 5161 409 5231 usquead
426 5160 519 5229 ipsum
531 5163 672 5215 servatum
687 5164 741 5229 est,
755 5171 789 5214 ne
801 5163 852 5215 aut
868 5158 1008 5229 discipli·
1062 5171 1117 5215 non
1131 5156 1248 5227 patitur.

184 5264 247 5310 nam
268 5253 385 5317 evertat,
406 5252 456 5304 aut
481 5252 580 5303 contra
599 5248 799 5302 auctoritatem
821 5247 935 5303 4444444
958 5247 1007 5302 vl·
1096 5243 1781 5321 ldemsaepedictuspontiiex,inepistolaquam
1791 5247 1881 5323 444445

181 5342 284 5399 ocatur
297 5337 395 5395 venire
411 5336 495 5408 44444.
514 5332 587 5404 4444.
611 5335 693 5390 viros
711 5340 805 5391 autem
821 5348 885 5390 cum
901 5335 1005 5392 uxori·
1058 5335 1210 5408 episcopis,
1234 5335 1398 5393 4444444444
1418 5335 1554 5392 videlicet
1571 5341 1601 5393 ct
1623 5337 1755 5412 llarino,
1776 5335 1880 5410 scripsit

182 5431 235 5488 bus
245 5427 386 5487 adulteris
401 5440 456 5484 nnn
469 5423 620 5481 convenire
634 5420 688 5494 (32,
704 5437 732 5495 q,
745 5421 772 5494 5,
786 5438 811 5480 c.
827 5424 1002 5498 cinctione),
1057 5424 1145 5498 (rpisl.
1161 5424 1198 5497 64,
1213 5418 1357 5497 pracepit,
1369 5425 1395 5482 si
1422 5424 1590 5484 consulerit
1608 5425 1756 5487 clericum
1768 5443 1821 5501 pro
1828 5425 1879 5486 suis

182 5521 258 5578 sieut
274 5526 303 5577 et
318 5517 387 5591 ipsae
401 5529 466 5575 cum
487 5513 560 5586 ipsis
579 5509 700 5582 iaciunt,
713 5512 738 5568 si
758 5512 814 5584 ipsi
827 5513 1002 5573 adulterium
1056 5513 1231 5573 criminibus
1249 5515 1342 5588 egisse
1357 5514 1565 5589 poeniteutiam,
1581 5515 1620 5575 ab
1633 5518 1718 5577 omni
1735 5518 1877 5577 clericatus
