3876 6090
107 279 179 338 4385
776 274 947 330 devalata
966 272 1137 332 thlttvAE
1745 274 1814 335 4386

107 401 231 458 cerdotii
245 414 319 458 onus
333 413 500 458 consecrare
512 412 569 457 non
582 397 735 465 dubitetis,
750 401 779 453 et
794 395 877 453 nobis
887 387 975 450 ιιι-Α
995 394 1217 465 hospitalitatem
1249 396 1362 469 sectari,
1390 403 1418 454 et
1447 398 1668 456 necessitatibus
1695 404 1813 455 saneto-

111 491 243 547 nrittatis.
257 492 291 546 Et
303 496 334 547 ut
343 505 439 571 verum
451 489 575 545 credatis
585 502 617 544 ac
628 487 817 559 cognoscatis,
830 483 937 540 lltteris
993 497 1055 538 rum
1071 484 1197 540 virorum
1217 485 1440 554 communicare,
1457 494 1547 544 tamen
1564 495 1679 559 propter
1698 503 1746 545 eos
1762 489 1812 560 qui

109 582 218 637 Gracia
240 595 305 636 cum
328 593 425 637 earum
450 592 568 635 numero
590 576 689 634 subter
712 590 772 632 eam
795 573 938 643 jussimus
991 571 1176 629 cauteriatam
1192 573 1513 630 babentconscientiam
1534 590 1625 646 snam,
1641 578 1769 633 dicentes
1784 590 1813 633 se

108 672 190 740 juxta
214 669 363 739 prelatum
384 668 538 724 eonsilium
562 665 701 722 roborari.
723 665 794 719 Bene
814 662 884 731 vale,
908 662 935 716 in
991 674 1052 716 csse
1067 660 1223 732 simplices,
1237 677 1301 718 cum
1315 663 1375 718 sint
1389 664 1649 721 astutiadlabolica
1663 666 1773 736 repleti,
1787 670 1816 722 et

112 760 233 816 homino
260 757 452 813 dilectissime
479 762 508 812 et
531 755 709 811 amatissime
725 752 821 809 frater.
843 748 936 805 HOCh

112 863 188 905 anax
212 863 267 904 nvn
288 860 327 902 oct
359 844 552 901 ΠΔιιΟΛΛΩ
571 845 674 900 lndiet.
700 856 737 897 av
760 856 778 913 q
796 840 936 896 Θιιιιιιι

112 938 211 994 athath
227 951 235 992 t
252 949 353 992 navur.
374 949 400 990 n.

310 1040 377 1094 Alio
393 1038 431 1093 ιι.
450 1039 569 1108 episcopi
585 1036 712 1092 Theotimo·
721 1045 742 1090 ¹.

148 1145 178 1204 E.
193 1148 231 1218 Il,
241 1147 278 1218 f,
294 1147 329 1201 Α.
344 1144 484 1202 celerimo
499 1144 580 1214 (sorte
592 1140 789 1215 celeberrimo)
806 1139 864 1196 vati
880 1137 942 1194 fra-

114 1237 213 1308 trique
228 1235 412 1292 sanctissimo
425 1239 453 1290 et
468 1239 609 1304 prompto,
626 1232 770 1302 sapientia
785 1243 848 1286 cum
863 1227 941 1284 omni

117 1327 225 1381 honore
241 1323 400 1386 recolenda,
414 1327 442 1378 et
452 1322 585 1377 decorato
597 1321 628 1376 in
639 1320 784 1389 omnibus
800 1317 830 1373 in
842 1315 943 1372 bomi-

117 1428 153 1469 no
164 1413 254 1484 fideli,
266 1417 294 1469 et
302 1411 382 1467 valde
394 1411 576 1480 doctissimo,
587 1423 637 1466 seu
648 1407 683 1464 ab
693 1407 828 1464 omnibus
841 1405 943 1461 ortho-

114 1503 202 1559 doxis
213 1501 370 1571 multiplici
383 1499 545 1556 seientia...
558 1497 651 1570 gratia
660 1496 827 1552 decorato...
837 1492 943 1550 dilecto

119 1593 148 1647 in
163 1591 280 1646 Christo
290 1589 392 1646 loanni
409 1591 444 1644 lt.
461 1586 624 1658 speculator
636 1589 740 1642 saneta
754 1583 832 1639 sedis
844 1580 944 1637 Eccle-

116 1679 169 1734 sia
185 1678 332 1734 Theatina
350 1677 538 1747 episeopus...
558 1676 616 1730 Nos
634 1674 667 1728 de
685 1673 727 1726 ill.
744 1675 849 1728 sancta
867 1669 945 1726 sedis

118 1769 253 1824 Ecclesia
263 1769 304 1821 ill.
316 1767 468 1837 episeopus
481 1765 512 1820 in
522 1763 644 1820 Domino
655 1763 721 1819 lesu
733 1761 848 1817 Christo
861 1766 946 1829 opta-

120 1871 186 1914 mus
199 1857 282 1914 vobis
301 1869 432 1927 magnam
449 1854 571 1910 salutem
591 1858 677 1923 atque
697 1852 832 1906 bonorem
855 1847 946 1903 hicet

120 1948 150 2002 in
162 1961 264 2003 avum.
277 1947 393 2014 Propter
414 1942 686 2009 incommoditatem,
699 1938 773 2010 quod
793 1938 849 1993 iter
862 1949 946 1991 arre-

121 2042 188 2104 ptus
203 2048 267 2090 sum
284 2032 414 2102 partibus
426 2031 586 2097 Beneventi,
601 2029 678 2085 sicut
689 2026 805 2083 domina
820 2026 946 2094 impera-

121 2124 317 2193 triapersuos
330 2121 425 2190 apices
437 2117 575 2189 innotuit,
587 2112 945 2186 utinelusservltioalla-
1020 2166 1026 2178 ,

122 2211 183 2268 tari
200 2210 293 2266 simus
308 2209 416 2279 quibus
427 2209 485 2278 J'am
501 2219 612 2276 semper
627 2206 657 2261 in
673 2203 804 2260 molestia
818 2200 948 2271 corporis
1023 2254 1028 2264 ,

121 2299 241 2355 diutius
271 2296 437 2368 fatigamur,
459 2296 493 2351 ad
518 2295 639 2350 clericos
666 2298 770 2349 nostra
794 2290 948 2348 dioeceseos

122 2389 217 2444 saeris
231 2385 384 2442 ordinibus
398 2384 596 2441 sublimandos
607 2381 811 2438 insufficientes
821 2378 949 2435 arbitra-

125 2492 200 2533 mur.
218 2476 327 2531 ldcirco
341 2472 530 2544 presentibus
546 2479 649 2528 nostra
663 2468 871 2526 mediocritatis
882 2466 951 2536 apiu

124 2565 209 2622 cibus
223 2576 384 2632 exoramus,
399 2562 475 2617 bunc
492 2565 656 2631 praesentem
667 2558 802 2615 clericum
821 2561 949 2613 nostrum

126 2656 271 2723 luponem
294 2651 329 2706 ad
352 2650 472 2722 gradum
495 2648 645 2705 levitarum
671 2646 842 2718 promoveri,
865 2643 950 2701 etad

126 2748 249 2799 vestram
268 2739 432 2810 specialiter
454 2737 661 2793 fraternitatem
681 2736 849 2807 dirigimus.
869 2735 903 2788 Et
921 2738 953 2788 ut

126 2833 182 2888 boe
205 2830 315 2886 certius
339 2827 577 2898 probabiliusque
600 2826 744 2896 credatur,
764 2825 862 2880 Graeca
885 2821 953 2878 huic

126 2919 266 2975 clementa
287 2918 397 2988 pagina
419 2916 576 2972 seeundum
595 2919 702 2971 statuta
719 2918 823 2969 saneta
840 2925 873 2966 ac
891 2923 954 2965 ma-

127 3023 190 3076 gna
202 3007 302 3079 synodi
314 3006 435 3061 Nicana
448 3003 537 3059 inseri
550 3002 743 3072 precipimus,
755 2999 889 3056 videlicet
898 2999 954 3052 Pa-

127 3097 183 3153 tris
193 3094 292 3151 etEilii
305 3099 333 3150 et
344 3092 473 3163 Spiritus
485 3090 707 3148 sanctiPrimas
720 3090 831 3145 litteras
846 3085 952 3158 noct,

129 3197 193 3257 equae
217 3197 293 3239 etna
317 3196 374 3238 ann
395 3194 424 3235 cc
444 3186 472 3237 el
497 3180 622 3251 primum
643 3178 787 3250 signifieat
810 3189 952 3232 numeros.

129 3273 205 3329 l‘etri
227 3285 342 3343 quoque
363 3268 557 3340 apostolorum
582 3266 724 3337 principis
744 3265 836 3337 prima
859 3263 955 3320 littera

129 3375 163 3431 rt,
180 3374 242 3431 qua
257 3372 329 3414 aaran
346 3357 501 3429 significat.
517 3359 626 3412 Nostra
638 3367 752 3426 quoque
768 3352 956 3409 mediocrita-

129 3451 170 3505 tis
185 3449 306 3520 primam
322 3447 447 3503 litteram
469 3458 498 3516 lt,
516 3444 706 3501 sublimitatis
728 3449 828 3499 vestra
852 3454 959 3497 secun-

129 3539 195 3594 dam
214 3537 247 3608 0,
267 3538 330 3606 ejus
345 3536 395 3606 qui
410 3535 518 3605 accipit
536 3535 648 3591 tertiam
665 3547 685 3588 u
707 3531 836 3588 civitatis
855 3534 958 3586 nostra

131 3630 297 3697 quartam...
316 3630 345 3682 et
363 3624 466 3681 lndiet.
488 3623 638 3695 presentis
655 3623 723 3678 anni
745 3621 832 3677 istius
851 3632 898 3690 nv,
915 3623 957 3675 est

130 3721 227 3771 :ruam
245 3728 345 3771 nomen
360 3715 424 3784 ejus
439 3714 582 3784 luponem
598 3712 735 3768 clericum
751 3709 868 3767 futurus
884 3709 958 3765 levi-

132 3812 173 3859 ta.
186 3804 357 3860 addidimus
375 3805 461 3859 etiam
482 3816 568 3858 vcvrn
583 3801 636 3873 qd
652 3815 701 3872 per
715 3801 774 3857 bac
784 3803 883 3858 Graeca
897 3799 958 3856 ele-

135 3896 228 3948 menta
247 3893 431 3949 adnotantur.
447 3891 557 3946 hblllN.

212 4018 367 4072 Burebardi
388 4018 583 4074 Verrnotienst's
603 4017 720 4086 episcopi
739 4017 875 4070 Formola.

170 4126 200 4181 ln
213 4125 328 4180 nomine
341 4125 434 4181 Patris
447 4129 475 4179 et
485 4124 552 4179 Filii
564 4127 591 4179 et
602 4123 729 4192 Spiritus
742 4123 846 4177 saneti.
858 4123 956 4178 amen.

135 4215 274 4270 walterio
293 4214 438 4284 Spirensis
457 4214 601 4283 episcopo.
617 4214 675 4283 Ego
691 4212 875 4268 burchardus
889 4225 960 4267 san-

135 4307 185 4359 ctae
209 4302 417 4359 vormatiensis
439 4301 572 4357 Ecclesiae
595 4303 714 4358 devotus
737 4301 832 4373 gregis
851 4300 958 4356 christi

993 764 1042 818 pro
1057 763 1142 819 opere
1159 750 1274 820 pietatis
1285 751 1388 807 dieunt
1400 766 1429 807 se
1441 753 1476 807 de
1488 753 1549 808 loco
1561 753 1596 807 ad
1611 754 1702 809 locum
1718 762 1816 811 trans-

993 840 1046 908 ire,
1066 853 1130 894 curn
1147 839 1206 894 sint
1225 839 1341 911 fugitivi
1362 855 1414 896 sua
1434 842 1545 898 malitia
1567 840 1708 912 faciente3
1725 850 1752 898 et
1766 844 1816 899 di-

993 932 1102 983 cuntse
1112 941 1173 983 esse
1186 929 1347 986 ministerio
1357 944 1438 985 sacro
1452 931 1584 998 insertos,
1597 946 1661 986 cam
1673 946 1727 988 non
1741 932 1814 989 sint:

995 1021 1133 1071 statutum
1149 1021 1192 1071 est
1210 1031 1225 1071 a
1241 1018 1350 1073 sanctis
1370 1019 1503 1074 Patribus
1523 1020 1664 1075 neminem
1681 1020 1817 1076 clericum

995 1103 1121 1159 alienum
1134 1110 1162 1159 et
1176 1105 1305 1176 ignotum
1320 1106 1408 1177 recipi
1422 1107 1458 1163 ab
1470 1107 1569 1178 aliquo
1581 1109 1715 1177 episcopo
1728 1114 1756 1164 et
1769 1109 1819 1164 in-

998 1192 1154 1248 thronizari
1169 1193 1197 1248 ln
1211 1208 1262 1249 sua
1275 1194 1405 1265 ecclesia,
1419 1195 1476 1250 nisi
1493 1195 1618 1251 habeata
1633 1198 1749 1266 proprio
1762 1199 1820 1268 epi·

997 1293 1083 1350 scopo
1098 1281 1248 1351 epistolam
1265 1297 1328 1352 qua
1345 1283 1375 1337 in
1396 1283 1555 1340 canonibus
1571 1285 1737 1340 nominatur
1756 1284 1818 1342 for-

990 1374 1081 1422 mata.
1101 1368 1164 1423 ldeo
1180 1374 1279 1424 notum
1299 1368 1420 1424 facimus
1436 1371 1601 1439 paternitati
1619 1376 1727 1442 vestra,
1744 1373 1818 1443 quod

998 1469 1120 1525 presens
1134 1456 1221 1512 frater
1232 1464 1327 1513 noster
1340 1457 1441 1512 harum
1454 1458 1615 1515 litterarum
1631 1461 1753 1531 portitor
1765 1476 1820 1518 no-

999 1545 1074 1599 mine
1088 1545 1249 1602 Ecmannus
1264 1558 1319 1600 non
1340 1560 1392 1616 pro
1412 1560 1464 1603 sua
1481 1549 1612 1617 nequitia
1626 1549 1764 1618 expulsus
1778 1555 1822 1607 est

998 1632 1122 1702 anobis,
1135 1633 1182 1688 sed
1195 1633 1409 1703 postulantibus
1423 1634 1562 1691 fratribus
1572 1638 1690 1708 nostris,
1702 1651 1734 1692 eo
1746 1639 1831 1709 quod‘

962 1711 1033 1778 Bex
1047 1720 1157 1778 familia
1170 1730 1266 1784 nostra
1282 1721 1348 1792 fult,
1362 1729 1391 1778 et
1405 1731 1501 1780 noster
1516 1724 1687 1797 baptizatus,
1702 1726 1824 1783 ferimus

1000 1810 1025 1866 ei
1041 1808 1198 1865 libertatem
1211 1816 1350 1879 receptam
1364 1825 1453 1867 cornu
1466 1813 1567 1869 altaris
1580 1817 1716 1870 canonice
1732 1822 1760 1871 et
1773 1831 1824 1873 or-

999 1897 1164 1954 dinavimus
1183 1912 1247 1954 eum
1270 1898 1304 1952 ad
1326 1899 1444 1970 gradum
1467 1901 1634 1971 presbyterii
1650 1921 1658 1972 ς
1673 1904 1720 1959 eui
1736 1906 1822 1961 etiam

1002 1988 1052 2042 has
1070 1986 1253 2042 dimissorias
1271 1989 1331 2043 sive
1350 1990 1599 2045 commendatitias
1618 1991 1730 2048 litteras
1750 1992 1825 2049 ieci-

1003 2091 1076 2148 mus,
1091 2083 1194 2132 etcum
1211 2077 1244 2132 ad
1261 2084 1381 2133 vestram
1398 2079 1531 2135 dilectam
1550 2080 1758 2138 fraternitatem
1774 2084 1825 2139 di-

1003 2166 1142 2237 rigimus,¹
1153 2170 1184 2221 ut
1200 2166 1229 2221 in
1245 2172 1338 2222 vestra
1355 2168 1488 2236 parocbia
1502 2167 1556 2225 sub
1572 2175 1664 2225 vestro
1680 2184 1760 2227 sacro
1777 2186 1826 2228 re-

1003 2253 1110 2325 gimine
1134 2259 1161 2310 et
1187 2252 1352 2310 defensione
1373 2257 1530 2312 consistere
1553 2256 1652 2314 valeat.
1682 2260 1749 2330 Ego,
1777 2260 1827 2315 in-

995 2352 1099 2413 quam,
1121 2344 1312 2406 burchardus,
1334 2345 1455 2400 humilis
1476 2346 1639 2418 episcopus,
1662 2348 1690 2404 in
1712 2351 1827 2406 nominc

1007 2432 1106 2502 l‘atris,
1123 2439 1151 2487 et
1164 2432 1242 2499 Eilii,
1256 2441 1284 2487 et
1295 2434 1421 2503 Spiritus
1434 2435 1536 2505 sancti,
1551 2443 1578 2491 et
1592 2437 1620 2492 in
1636 2438 1746 2494 unitate
1758 2453 1828 2495 san-

1005 2525 1056 2576 ctae
1069 2520 1201 2576 Ecclesia
1215 2521 1245 2576 in
1260 2535 1316 2591 qua
1332 2523 1413 2578 Petro
1428 2523 1524 2579 datum
1540 2529 1584 2581 est
1595 2525 1644 2595 jus
1658 2524 1769 2598 ligandi
1782 2535 1830 2586 at-

1008 2623 1061 2679 que
1080 2607 1220 2679 solvendi,
1243 2609 1359 2666 absolvo
1380 2612 1555 2668 Ecmannam
1579 2615 1775 2686 presbyterum
1794 2617 1831 2674 de

1007 2698 1124 2753 civitate
1147 2698 1337 2754 vormatiensi
1359 2699 1518 2758 indictione
1539 2715 1568 2773 a,
1586 2708 1614 2758 et
1634 2703 1780 2762 licentiam
1794 2707 1832 2763 do

1009 2786 1089 2843 vobis
1105 2786 1319 2842 inthronizandi
1340 2802 1404 2844 eum
1421 2791 1451 2844 in
1467 2803 1668 2862 quamcunque
1682 2793 1831 2850 ecclesiam

1008 2875 1097 2932 vultis
1111 2882 1210 2932 vestra
1224 2877 1371 2945 parochia.
1387 2879 1463 2933 Hanc
1478 2893 1545 2951 ergo
1560 2881 1710 2950 epistolam
1725 2883 1835 2939 Gracls

1010 2963 1117 3019 litteris
1133 2964 1199 3020 hinc
1215 2964 1337 3035 indeque
1354 2967 1466 3022 munire
1485 2968 1664 3026 decrevimus
1679 2976 1706 3026 et
1721 2985 1736 3027 a
1753 2972 1834 3030 nullo

970 3046 1136 3109 Ceccleala
1154 3058 1259 3109 nostra
1280 3054 1769 3119 Eirmacrensium„fraternitatem
1783 3074 1834 3116 ve-

1010 3147 1097 3197 stram
1112 3141 1245 3198 Chrlstus
1260 3139 1344 3197 nobis
1364 3141 1535 3198 incolumem
1550 3150 1706 3201 conservet.

1163 3229 1200 3282 ll.
1215 3229 1250 3284 Υ.
1269 3231 1299 3283 b.
1316 3230 1347 3283 B.
1364 3229 1399 3285 Θ.
1418 3231 1448 3286 V.
1467 3231 1512 3286 W.
1528 3231 1596 3304 dli.
1614 3234 1645 3287 ll.
1662 3236 1689 3288 Ζ.

1014 3320 1081 3374 bata
1093 3317 1246 3374 vormatia
1257 3319 1298 3373 ld.
1313 3319 1420 3390 htartii,
1435 3331 1510 3376 anno
1525 3320 1681 3378 dominica
1697 3323 1836 3382 incarna-

1013 3407 1103 3462 tionis
1118 3406 1183 3462 blle.
1201 3407 1262 3477 Xll,
1277 3406 1437 3463 indictione
1452 3408 1573 3465 decima.

1046 3498 1207 3551 duramento
1227 3498 1409 3566 episcoporum
1422 3501 1546 3568 praestito
1560 3500 1619 3555 sedi
1632 3502 1798 3558 Arelatensi.

1047 3586 1105 3658 Ego
1120 3584 1240 3642 Pontius
1254 3589 1282 3641 S.
1299 3587 1396 3642 blaria
1410 3588 1553 3659 Aquensis
1569 3591 1646 3646 sedis
1661 3605 1737 3648 nunc
1751 3593 1836 3649 ordi-

1014 3675 1125 3732 nandus
1134 3675 1287 3746 episeopus
1299 3675 1423 3732 debitam
1435 3676 1652 3750 subjectionem,
1664 3685 1692 3737 et
1703 3695 1837 3738 reveren-

1013 3763 1091 3833 tiam,
1117 3767 1146 3818 et
1167 3762 1361 3821 obedientiam
1383 3778 1399 3820 a
1422 3765 1469 3820 SS.
1496 3766 1630 3824 Patribus
1649 3770 1836 3827 constitutam

1013 3851 1170 3908 secundum
1199 3856 1338 3923 praecepta
1363 3867 1504 3911 canonum
1527 3856 1553 3910 S.
1578 3857 1643 3912 Sedi
1662 3858 1838 3916 Arelatensis

1013 3941 1155 4010 Ecclesia,
1183 3942 1402 4014 rectoribusque
1425 3945 1488 4014 ejus
1513 3945 1542 4000 in
1565 3947 1716 4015 prasentia
1738 3947 1837 4004 domni

1012 4031 1221 4101 archiepiscopi
1236 4032 1398 4089 Raimbaldi
1412 4041 1549 4104 perpetuo
1563 4036 1761 4095 exhibiturum
1779 4053 1839 4109 pro·

1016 4122 1108 4191 mitto,
1128 4125 1156 4177 et
1174 4134 1260 4191 super
1282 4128 1411 4178 anctum
1433 4125 1523 4181 altare
1545 4128 1660 4197 propria
1681 4141 1767 4186 manu
1787 4129 1839 4188 ιιι-

1017 4225 1071 4268 mo.

1051 4302 1107 4371 Ego
1120 4298 1208 4356 frater
1228 4300 1389 4371 Rostagnus
1403 4301 1430 4356 S.
1446 4303 1591 4372 Aquensis
1604 4304 1738 4361 Ecclesiae
1753 4308 1836 4363 ordi-

136 4391 271 4461 t'amulus,
294 4392 324 4447 in
339 4391 395 4447 beo
408 4404 479 4447 verae
494 4404 612 4447 summa
629 4389 779 4447 felicitatis
799 4390 959 4446 beatitudi-
978 4386 1001 4444 lt
1017 4390 1129 4445 nandus
1145 4389 1297 4460 episcopus
1315 4389 1451 4461 debitam,
1469 4397 1534 4462 etc,
1553 4397 1694 4463 utsupra.

137 4493 210 4535 nem.
233 4479 303 4536 Cum
327 4483 425 4536 sancta
445 4479 592 4535 catholica
616 4478 743 4535 Ecclesia
769 4484 900 4549 prompta
921 4478 961 4535 sit

135 4569 217 4639 sequi
236 4568 407 4624 documenta
421 4568 594 4640 evangelica,
611 4583 673 4640 qua
687 4569 789 4625 dicunt
802 4587 808 4624 :
822 4568 874 4635 Qui
887 4572 961 4623 recl—

132 4659 176 4727 pt't
186 4658 347 4728 prophetem
360 4659 390 4712 fn
402 4659 510 4712 nomime
519 4658 668 4728 propheta,
680 4658 828 4714 haeredem
838 4659 962 4729 prophe-

135 4751 169 4802 ta
182 4749 296 4818 accipiet
307 4765 316 4814 ς
328 4752 353 4803 et
368 4749 417 4818 qui
428 4749 523 4817 recipit
537 4747 646 4816 justum
655 4749 685 4803 in
695 4750 802 4803 nomine
809 4749 892 4818 justi,
905 4755 959 4807 etc.

134 4836 247 4904 (dietih.
278 4849 308 4907 x,
334 4832 380 4905 ll)
402 4854 410 4908 3
435 4841 463 4893 et
484 4836 639 4907 apostolus
664 4836 765 4907 jubeat
793 4838 879 4907 (horn.
909 4840 961 4913 an)

171 4945 231 4998 ·ln
257 4944 310 5000 hac
336 4944 460 5000 acunila
485 4942 615 5016 formata,
640 4959 703 5016 qua
727 4945 909 5002 invitissima
933 4953 961 5004 et

136 5013 358 5097 mendosissime
372 5021 425 5084 est,
440 5018 576 5143 quasdem
593 5031 674 5073 voces
688 5018 803 5087 punctis
818 5017 960 5074 indicatas

135 5085 300 5158 omisimus,
324 5099 357 5143 eo
386 5101 443 5157 quo
487 5101 601 5143 sensum
631 5102 687 5145 non
714 5090 873 5146 redderent.
896 5090 959 5146 hlia

137 5168 226 5227 pauca
250 5160 311 5213 tute
331 5159 555 5230 emendavimus,
578 5160 621 5215 uti
641 5161 671 5215 tt
688 5162 841 5230 speculator
858 5175 909 5231 pro
927 5175 959 5218 eo

136 5227 214 5298 quod
230 5228 367 5298 scriptum
386 5235 429 5286 est
443 5232 634 5300 inspeculator.
655 5232 788 5303 Episcopi
808 5232 885 5288 enim
906 5247 960 5289 no-

138 5311 212 5366 men,
230 5314 287 5369 quo
303 5300 356 5356 boc
371 5302 432 5357 loco
451 5302 593 5373 signatur,
615 5303 749 5373 incipita
766 5304 861 5359 littera
875 5305 911 5374 hl,
930 5311 961 5360 ut

134 5370 190 5427 sub
207 5369 290 5426 flnem
307 5371 400 5440 ipsias
415 5371 542 5428 formata
563 5373 688 5430 traditur
704 5392 711 5443 ;
728 5372 866 5444 facilique
879 5389 961 5431 ama-

137 5441 291 5497 nuensium
307 5445 462 5499 oscitantia
477 5446 506 5497 r'n
526 5458 577 5514 pro
592 5460 618 5498 ιιι
632 5458 835 5515 nonnunquam
852 5446 961 5501 scribi-

137 5516 195 5568 tur.
205 5513 359 5587 Catalogus
373 5515 571 5585 episcoporum
585 5514 718 5571 Ecclesia
729 5515 873 5573 Tbeatina
885 5518 960 5588 apud

142 5581 304 5658 ughellum,
320 5598 386 5643 oum
401 5586 440 5644 sit
456 5584 650 5660 imperfectus,
666 5586 755 5661 buius
768 5588 896 5662 episcopi
911 5603 968 5648 no-

372 5675 488 5733 l’nraon.
505 5675 633 5734 CXXIX.

1051 4479 1109 4549 Ego
1123 4478 1283 4548 Stephanus
1296 4476 1486 4535 vendacensis
1497 4480 1630 4536 Ecclesia
1645 4489 1761 4539 vocatus
1770 4484 1840 4555 epi-

1017 4581 1121 4636 scopus
1141 4568 1276 4637 promitto
1297 4580 1391 4623 coram
1410 4568 1468 4623 Deo
1482 4573 1510 4625 et
1523 4569 1631 4625 sanctis
1649 4571 1711 4639 ejus
1726 4585 1837 4629 omnem

1017 4657 1234 4727 subjectionem,
1254 4661 1282 4710 et
1297 4655 1489 4712 obedientiam
1511 4657 1687 4730 eanonicam,
1700 4666 1729 4716 et
1742 4660 1839 4718 fideli·-

1018 4752 1102 4804 tatem
1123 4743 1256 4801 Ecclesia
1273 4744 1302 4800 S.
1323 4744 1460 4814 Stephani
1482 4745 1559 4802 sedis
1580 4747 1766 4814 Arelatensis,
1788 4751 1836 4809 ubi

1016 4850 1121 4908 corpus
1133 4837 1162 4890 lt.
1178 4833 1325 4905 trophimi
1342 4832 1515 4893 confessoris
1530 4837 1664 4909 quiescit,
1680 4846 1709 4896 et
1723 4842 1836 4901 brnoni

1016 4958 1079 5002 men
1098 4958 1114 5001 a
1129 4943 1224 5000 littera
1238 4945 1266 4998 ιι
1286 4944 1442 5014 incipiente
1457 4958 1513 5001 non
1529 4948 1669 5018 suggerit.
1689 4950 1759 5008 Cum
1771 4965 1836 5007 vero

1017 5021 1187 5072 memoratur
1199 5015 1377 5085 imperatrix,
1391 5030 1454 5086 qua.
1467 5018 1615 5075 Beneventi
1629 5022 1760 5104 partibus
1772 5036 1838 5079 ver-

1016 5088 1143 5154 sabatur,
1167 5092 1338 5157 noteturque
1366 5088 1487 5145 indictio
1506 5103 1555 5160 av,
1577 5091 1701 5149 indicari
1722 5094 1836 5149 videtur

1016 5161 1075 5217 sive
1096 5157 1211 5214 hdelais
1233 5159 1348 5214 Ottonis
1365 5159 1374 5213 l
1392 5173 1473 5228 uxor,
1493 5161 1553 5217 sive
1571 5162 1754 5234 Theophania
1771 5177 1836 5219 con·

1014 5233 1066 5301 jux
1077 5229 1192 5286 Ottonls
1205 5232 1237 5292 ll,
1249 5243 1312 5300 qua
1324 5229 1480 5300 aliquoties
1493 5232 1522 5288 in
1535 5234 1636 5290 iisdem
1650 5232 1780 5304 partibus
1791 5248 1836 5288 ex-

1016 5303 1124 5359 stitere.
1138 5301 1198 5357 Etsi
1214 5303 1290 5356 enim
1305 5302 1477 5375 angilberga
1493 5305 1627 5361 ludovici
1647 5307 1671 5359 ll
1685 5317 1756 5360 uxor
1775 5304 1837 5359 ibi-

1016 5375 1079 5430 dem
1097 5372 1185 5429 tuerit
1200 5392 1207 5439 ς
1223 5373 1345 5430 indictio
1364 5382 1457 5430 tamen
1478 5389 1514 5430 xv
1536 5376 1591 5444 ipsi
1612 5388 1668 5430 rien
1689 5377 1833 5446 congruit

1018 5445 1088 5500 ilinc
1100 5457 1166 5516 ergo
1181 5444 1230 5500 ille
1244 5444 1400 5502 Tbeatinus
1414 5446 1566 5515 episcopus
1578 5445 1613 5500 ιι.
1629 5444 1683 5501 sub
1696 5446 1811 5504 ottonis
1825 5451 1836 5504 l

1018 5516 1061 5574 vel
1081 5517 1104 5571 ll
1122 5516 1244 5586 imperio
1262 5517 1347 5586 vixit,
1365 5529 1398 5572 ac
1413 5516 1616 5571 theatinorum
1637 5516 1836 5591 episcoporum

1017 5587 1146 5662 catalogo
1159 5588 1340 5661 adliciendas
1353 5593 1406 5646 est.
1421 5586 1615 5660 (Βιιιιιιιιιιι.)

1700 5675 1735 5737 ll
