3876 6090
56 225 106 284 189
440 225 713 287 mnnhnanrhnlo
729 227 854 285 Sinoni
871 229 931 286 vni
951 227 1158 285 dannanus.
1168 257 1205 269 -
1222 226 1323 284 ACTIO
1341 227 1377 283 X.
1706 222 1758 283 490

57 353 145 411 hostis
160 356 189 409 et
210 353 399 426 impugnator
418 353 580 410 invenietur
606 358 635 410 et
659 355 834 425 ostendetur,
851 357 921 419 etA
937 356 1021 411 homo
1032 355 1082 410 bet
1096 354 1233 424 primitus
1246 353 1377 410 dednivit
1389 356 1416 408 et
1436 350 1636 422 promulgavit,
1650 362 1758 405 necnon

55 447 258 514 superterram
272 446 302 499 et
317 443 348 499 in
360 442 451 499 caelis.
467 443 520 499 Sed
541 443 599 514 flat,
614 447 646 499 ut
657 458 755 501 omnes
767 446 817 515 qui
831 445 882 501 in-
936 450 965 500 et
979 457 1089 500 summa
1115 443 1272 513 paternitas
1284 446 1332 498 lua
1344 441 1468 497 drmavit
1484 444 1512 496 et
1526 438 1660 510 synodice
1673 438 1761 495 robo-

56 535 150 589 vocant
164 545 271 588 nomen
281 532 398 588 Domini
412 532 502 589 nostri
516 533 583 588 lesu
592 533 711 604 Christi,
723 534 882 591 charitate-
936 533 1019 601 ravit,
1033 531 1071 587 ita
1082 534 1110 587 et
1121 532 1176 602 ipsi
1191 532 1250 587 haec
1264 529 1518 601 annuntiaverunt,
1531 531 1685 599 elegerunt
1695 540 1759 581 arn-

57 634 106 693 que
125 619 211 676 illius
226 618 296 677 freti
308 620 441 677 timorem
462 621 525 690 ejus
538 634 594 690 prae
607 621 700 678 oculis
715 622 836 678 habeant
850 623 880 679 in
936 623 1036 679 borum
1064 625 1189 678 vestrum
1210 621 1467 688 sanctissimorum,
1485 617 1618 674 videlicet
1637 614 1760 672 senioris

55 709 186 779 unitate
204 709 351 774 veritatis,
366 713 395 765 et
411 707 522 767 fructus
531 710 654 780 justitia
668 710 817 767 afferentes
829 712 879 767 in·
936 713 1029 767 homa
1042 711 1220 781 pontificum,
1238 724 1338 766 nomen
1350 714 1379 765 et
1395 706 1568 776 memoriale,
1583 703 1760 760 instantibus

56 798 219 868 venantur,
235 802 488 869 qnatenusomnes
499 798 710 870 custodiantur,
723 799 883 856 eteffician-
936 801 1148 872 temporibuset
1161 801 1275 855 cunctis
1287 796 1530 870 generationibus,
1547 809 1610 866 quaa
1626 794 1760 862 deinceps

56 885 207 958 turdignl,
220 887 293 943 etin
308 888 440 958 praesenti
454 888 692 958 saculosuperna
703 889 881 958 providentia
936 889 1040 947 futura
1055 894 1132 960 sunt,
1147 888 1300 944 efficientes
1313 886 1477 944 laudabile:
1497 885 1536 940 ita
1558 888 1586 939 et
1602 883 1760 953 unicuique

59 973 176 1047 perfrui,
190 981 221 1031 et
233 976 267 1032 in
279 973 379 1032 futuro
391 976 495 1033 seculo
508 976 699 1046 percipiamus
711 976 838 1034 celestia
854 983 883 1035 et
936 981 1064 1050 ipsorum
1083 983 1197 1049 aptetur
1216 978 1291 1049 quod
1305 976 1383 1032 dicit
1399 976 1429 1031 in
1445 973 1607 1045 Evangeliis
1626 971 1760 1027 Christus

57 1064 291 1134 incorruptibilia
308 1064 393 1130 bona,
409 1078 472 1136 quae
492 1064 577 1121 nobis
594 1065 624 1120 in
640 1066 882 1135 promissionibus
935 1070 1064 1126 omnium
1073 1075 1203 1126 nostrum
1214 1066 1357 1124 Salvator:
1373 1065 1438 1132 Quis
1450 1080 1468 1118 c
1480 1065 1619 1132 semetipso
1628 1061 1758 1130 loquitur,

56 1159 116 1213 aunt
125 1153 258 1224 reposita
269 1152 406 1213 ineodem
416 1153 531 1210 Christo
540 1154 597 1210 Deo
611 1158 718 1227 nostru,
732 1155 780 1211 cni
789 1155 881 1227 gloria
935 1159 1051 1228 pieriam
1067 1159 1211 1227 propriam
1231 1157 1349 1225 quaeritr
1372 1156 1420 1224 qui
1434 1157 1524 1207 auton
1536 1153 1634 1221 qaaerit
1644 1150 1760 1217 qlortcm

57 1246 84 1301 in
94 1242 201 1300 saequa
213 1242 398 1300 amulorum.
410 1242 509 1299 Amen.
936 1248 995 1317 ejus
1010 1249 1058 1316 qni
1069 1248 1143 1300 misit
1158 1246 1245 1308 illum,
1262 1246 1305 1299 bic
1318 1260 1403 1299 ueram
1415 1248 1464 1305 est,
1480 1247 1505 1296 et
1517 1241 1656 1311 cnjustitio
1667 1241 1697 1292 in
1711 1237 1759 1290 illo

59 1371 163 1426 nmo
185 1371 359 1425 „mmm
378 1374 404 1425 e,
423 1369 572 1437 comeum
587 1371 706 1424 ,mimo
718 1384 820 1425 nmmo
831 1386 883 1425 sa,
936 1352 990 1391 nom
1005 1342 1044 1391 est
1058 1334 1144 1405 (Jorvm.
1163 1335 1223 1407 vn).
1243 1335 1295 1390 sed
1315 1339 1344 1390 el
1357 1332 1621 1434 benedictusDeuS,
1638 1330 1688 1398 qui
1703 1339 1758 1384 nen

87 1440 191 1496 oerdcti
202 1445 230 1496 et
250 1441 401 1496 camarata·
408 1455 489 1511 papas
506 1439 643 1502 Admana,
659 1447 753 1496 sonem
768 1445 792 1496 ey
811 1443 880 1495 nni-
935 1426 1016 1481 dedit
1030 1440 1082 1482 nos
1093 1426 1122 1481 in
1134 1425 1292 1495 captionem
1304 1422 1440 1478 dentibus
1458 1420 1618 1477 adventrum
1635 1432 1695 1490 nos,
1710 1419 1757 1475 sed

87 1513 203 1568 anulis
214 1512 338 1581 synodus
350 1511 584 1581 constantinopoli
602 1516 763 1581 commeante
775 1515 805 1567 m
823 1515 882 1567 llo-
936 1514 1178 1585 eripuitanimam
1195 1518 1320 1569 nostram
1342 1512 1418 1567 sicut
1441 1522 1582 1580 passerem
1601 1508 1637 1564 de
1656 1508 1759 1579 laqueo

87 1584 297 1639 mmmm·
936 1605 1101 1660 venantium
1119 1616 1181 1658 eam
1195 1600 1277 1672 (Psoi.
1299 1600 1408 1672 cxxnv),
1424 1605 1453 1656 et
1466 1599 1595 1655 oratione
1619 1602 1712 1653 vestra
1731 1600 1760 1653 et

87 1690 288 1762 Opportunum
325 1695 369 1747 est
395 1703 460 1747 cum
487 1691 701 1762 sapientissimo
732 1687 1069 1751 SalomoneBassiduas
1080 1692 1296 1764 redargutiones
1306 1694 1333 1746 et
1343 1688 1564 1757 admonitiones,
1579 1701 1650 1759 qnae
1662 1687 1760 1758 phero-

61 1793 127 1836 nnnc
138 1784 167 1835 et
181 1792 237 1836 uos
251 1779 391 1835 clamare:
405 1779 547 1849 Sapientia
565 1782 596 1834 m
608 1781 724 1836 anilibus
737 1781 879 1843 loomim,
938 1797 1039 1854 nymus
1051 1782 1101 1838 ille
1114 1787 1141 1838 et
1155 1795 1274 1853 magnus
1290 1781 1339 1835 Dei
1357 1790 1543 1848 summusque
1557 1774 1683 1846 pontifex
1697 1776 1759 1832 bea-

60 1870 84 1922 in
95 1869 198 1938 pluteis
217 1873 310 1923 cutem
326 1869 456 1938 Manem
470 1871 538 1938 opit,
562 1872 592 1924 in
612 1873 724 1926 summis
741 1887 881 1926 marorum
935 1873 1068 1929 tissimus
1089 1884 1160 1941 papa
1184 1869 1328 1926 Nicotaus.
1351 1867 1444 1923 nilexi
1467 1866 1544 1921 enim
1562 1865 1670 1937 jugiter
1685 1862 1758 1921 ferre

57 1957 230 2027 medanam,
244 1956 369 2028 impertis
376 1963 466 2013 aaron
472 1965 613 2029 potentum
623 1963 736 2024 assistis,
750 1964 779 2016 in
792 1964 879 2032 portis
936 1961 1023 2018 labiis
1046 1961 1128 2017 illius
1145 1959 1219 2016 beati
1234 1972 1346 2028 nomen,
1361 1957 1545 2012 introducens
1564 1953 1697 2009 videlicet
1710 1968 1759 2024 per

58 2050 139 2099 caton
150 2047 274 2100 civitatis
290 2047 426 2116 commem
439 2048 504 2102 diat
515 2067 523 2102 :
536 2048 642 2114 Qunam
663 2055 779 2120 tenpore
796 2054 880 2106 inno
935 2050 998 2121 hoc,
1012 2054 1040 2105 et
1056 2049 1150 2120 ipsius
1162 2061 1275 2120 quoque
1287 2047 1462 2116 memoriam,
1476 2046 1526 2117 qui
1548 2058 1598 2114 per
1611 2041 1758 2100 Christum

58 2138 137 2189 ames
146 2134 423 2204 abundantissimis,
431 2152 486 2191 non
497 2138 879 2210 cmftandeatur3insipientes
934 2144 1038 2194 etcum
1051 2138 1165 2194 Christo
1180 2137 1317 2194 mundum
1333 2136 1421 2191 vicit:
1434 2141 1461 2191 et
1472 2135 1533 2205 ipse
1546 2136 1596 2206 qul
1609 2140 1638 2191 et
1652 2132 1758 2206 gradus

29 2244 32 2249 ·
57 2227 150 2286 mem,
179 2222 296 2292 wasia
317 2226 462 2282 enatantes
482 2226 689 2290 desideratores,
711 2230 789 2299 inspic·
811 2231 880 2297 sceti
934 2232 962 2283 et
977 2227 1129 2299 dignitatis
1144 2231 1172 2282 et
1187 2227 1276 2283 moris
1293 2226 1356 2295 elus
1368 2238 1517 2282 successor
1529 2239 1569 2294 es,
1585 2237 1635 2294 pro
1647 2222 1759 2279 eeccle-

61 2312 198 2367 acienta'cm
225 2308 519 2387 odmantfProo.1):
554 2315 601 2371 hic
627 2323 671 2372 est
704 2316 881 2386 proverballs
934 2316 1051 2373 siastica
1070 2329 1137 2386 pace
1151 2315 1285 2372 alacriter
1301 2314 1482 2385 exercuistIs,
1502 2314 1537 2369 ad
1559 2312 1757 2383 expellendum

61 2412 155 2456 sermo.
171 2400 304 2456 Donatus
317 2401 395 2458 enim
406 2402 606 2461 Deoamabilis
615 2405 768 2475 episcopus
779 2404 877 2477 Ostia,
934 2405 1033 2476 lupum
1045 2404 1081 2460 ab
1094 2404 1162 2461 ovili
1175 2404 1294 2475 Christi,
1306 2407 1440 2474 tanquam
1449 2403 1507 2458 veri
1523 2408 1659 2472 pastores,
1673 2400 1759 2457 ratio

55 2494 81 2544 et
90 2488 320 2560 Stephannsileo
330 2491 465 2548 amabilis
478 2492 630 2563 episcopus
640 2496 732 2564 slepe,
745 2498 773 2550 et
788 2493 879 2550 blari-
934 2493 1074 2550 nobilium
1085 2495 1180 2551 ovium
1191 2494 1309 2563 Christi,
1323 2493 1453 2563 quinimo
1463 2491 1569 2548 summi
1580 2495 1717 2562 pastores,
1730 2497 1759 2547 et

57 2594 106 2636 uus
126 2578 406 2641 honorabilissimus
417 2580 557 2638 diaconus
568 2588 673 2639 sancte
686 2583 877 2639 Romanorum
934 2582 1079 2654 principes
1100 2584 1227 2640 omnium
1241 2581 1435 2639 ecclesiarum.
1456 2581 1508 2637 Sed
1519 2581 1555 2637 de
1570 2581 1675 2636 misero
1688 2581 1760 2651 qul-

56 2668 196 2738 boclesiae,
210 2667 388 2725 sanctissimi
402 2668 503 2726 vicarii
514 2671 676 2728 sanctitatis
690 2676 799 2743 vestrae,
812 2686 876 2728 cum
932 2673 995 2728 dem
1006 2670 1118 2743 Photio,
1133 2677 1161 2727 et
1174 2673 1212 2728 iis
1228 2671 1277 2742 qui
1291 2670 1401 2727 seducti
1418 2675 1486 2726 sunt
1497 2669 1585 2741 abeo,
1599 2673 1627 2724 et
1636 2681 1759 2724 concor-

56 2757 255 2813 ementdivina
262 2757 404 2827 sapientia
412 2758 523 2828 repleti,
537 2763 565 2815 et
574 2760 722 2830 sapientiae
734 2761 878 2818 columnIs
931 2759 1071 2816 daverunt
1088 2761 1126 2830 ei,
1139 2760 1337 2831 propheticum
1353 2759 1426 2815 illud
1438 2757 1592 2814 dicendum
1607 2759 1667 2811 est:
1688 2755 1758 2820 Quia

57 2846 173 2916 proprtae
186 2845 295 2900 animae
306 2845 420 2903 domum
445 2845 595 2904 fundantes
607 2853 635 2904 et
647 2849 837 2921 stabilientes,
850 2855 879 2905 et
934 2853 1013 2903 rectae
1026 2851 1077 2903 viar
1097 2851 1215 2911 Domina,
1231 2853 1256 2902 et
1268 2849 1342 2916 justi
1356 2846 1536 2902 ambulabant
1551 2847 1580 2898 e'n
1602 2846 1640 2898 ev's
1657 2862 1665 2908 ς
1680 2844 1759 2913 a'mpa'i

55 2933 135 2992 baum
156 2934 304 3005 omnium,
328 2935 377 3006 qui
399 2936 429 2991 in
451 2937 591 3006 sapientia
607 2941 710 2993 terram
735 2937 877 3011 fundavit,
933 2942 1022 2991 cotan
1038 2938 1252 3007 infirmabantur
1269 2935 1337 3006 (Osa.
1357 2934 1426 3008 xrv),
1445 2933 1487 2990 vel
1509 2934 1595 2989 etiam
1615 2930 1758 2988 offendent

56 3038 107 3095 pra
117 3023 218 3081 oculis
233 3022 381 3096 babentes,
394 3024 567 3082 fiducialiter
578 3032 711 3099 egerunt:
730 3028 759 3083 in
776 3026 878 3098 plateis
893 3000 917 3061 0
933 3026 964 3081 in
979 3025 1059 3095 illis,
1073 3025 1222 3082 suisenim
1235 3024 1291 3081 viis
1302 3023 1438 3080 delectari
1452 3022 1553 3092 utique
1575 3032 1759 3092 pernecessa-

55 3113 174 3185 protecto
186 3111 356 3168 divinarum
364 3113 589 3187 scripturarum,
602 3120 631 3172 et
644 3117 775 3188 excelsis,
786 3122 815 3172 et
825 3131 879 3173 su·
933 3115 1009 3171 rium
1029 3120 1090 3170 erat
1104 3114 1156 3184 eis,
1177 3112 1289 3170 fructus
1303 3117 1331 3169 et
1344 3112 1417 3168 mala
1432 3111 1562 3168 accidere
1574 3111 1684 3180 justum
1698 3112 1759 3164 erat

54 3201 204 3271 blimibus,
217 3204 248 3256 et
261 3199 432 3259 fortissimis
453 3204 545 3260 muris
562 3205 693 3262 veritatis
712 3206 762 3262 Dei
777 3203 879 3262 conci·
932 3204 976 3260 eis
989 3203 1145 3260 secundum
1158 3216 1243 3273 opera
1259 3214 1394 3258 manuum
1405 3214 1533 3270 suarum,
1549 3203 1582 3255 ut
1592 3198 1714 3268 quodam
1728 3197 1758 3251 in

55 3289 120 3347 lium
149 3289 394 3364 predicaverunt,
421 3296 450 3348 et
477 3293 569 3364 portis
594 3307 649 3351 non
668 3294 761 3351 solum
775 3299 879 3364 poten-
933 3293 995 3348 loco
1018 3291 1092 3347 dicit
1113 3290 1297 3361 magnivocus
1315 3291 1413 3345 lsaias.
1430 3287 1501 3356 Quis
1516 3285 1759 3342 autemamatorls

54 3384 118 3454 tum,
130 3380 162 3437 id
179 3384 226 3436 est
243 3379 396 3437 auditibus
413 3395 513 3439 eornm
534 3383 584 3453 qui
610 3397 711 3440 sensus
735 3384 879 3440 exercita·
931 3379 1040 3436 christi
1053 3383 1082 3434 et
1094 3377 1331 3447 tranquillissimi
1346 3375 1527 3445 imperatoris
1541 3373 1631 3428 nostri
1644 3373 1759 3428 articu-
1818 3364 1822 3371 ’

54 3469 138 3525 tosad
160 3468 372 3525 discretionem
394 3470 523 3527 melioris
541 3484 574 3527 ac
583 3472 746 3543 deterioris,
769 3485 877 3530 necnon
933 3467 1044 3526 laribus
1061 3466 1209 3522 insinuare
1227 3463 1346 3519 vocibus
1361 3462 1475 3532 poterit,
1489 3460 1624 3516 omnibus
1641 3459 1757 3529 quidem

54 3563 78 3612 et
95 3557 268 3615 interiorem
288 3558 432 3615 bominem
461 3557 616 3630 perfectum
638 3559 752 3632 habent,
780 3560 828 3616 sed
851 3565 880 3615 et
933 3558 1012 3628 aliis,
1036 3556 1083 3613 sed
1114 3552 1255 3623 precipue
1281 3553 1310 3608 in
1334 3549 1538 3609 ecclesiasticis
1566 3547 1651 3604 rebus
1672 3550 1758 3615 atque

53 3658 144 3704 aarum
169 3647 224 3718 qui
244 3645 415 3721 imperfectI,
435 3652 464 3704 et
482 3649 615 3706 sensibus
635 3650 745 3720 parvuli
763 3649 879 3706 suntin
935 3648 1066 3720 persenis
1088 3647 1330 3719 aequanimitatem
1351 3650 1380 3700 et
1403 3638 1598 3698 exercitium?
1618 3636 1667 3706 qui
1693 3634 1759 3704 pie-

54 3735 165 3792 clritate
183 3737 312 3793 urentis
332 3737 382 3793 bei
404 3737 564 3794 luculenter
584 3740 748 3809 equitatem
772 3739 879 3796 divinae
935 3738 1004 3794 tatis
1020 3736 1239 3793 definitionibus
1260 3739 1288 3790 et
1303 3734 1444 3789 vlrtutum
1465 3725 1690 3800 proprietatibus
1702 3735 1760 3777 om·

53 3824 169 3893 iustitiae
196 3824 468 3897 aununtiaveruut3
491 3833 519 3884 et
542 3829 742 3899 superioribus
764 3830 879 3900 quidem
935 3840 985 3882 nes
1010 3837 1213 3896 supergressus
1236 3828 1279 3878 est
1309 3821 1359 3892 qui
1392 3825 1457 3876 ante
1487 3830 1516 3873 se
1544 3815 1756 3887 regnaverunt3

56 3913 228 3971 nanifestati
241 3919 321 3982 suut,
335 3915 589 3973 accusatadivinis
600 3917 713 3990 legibus
732 3922 760 3974 et
773 3932 881 3988 praece-
936 3917 976 3972 ita
1006 3920 1039 3971 ut
1067 3913 1158 3985 magis
1189 3912 1377 3968 dicectionem
1406 3909 1468 3978 ejus
1499 3903 1638 3972 moribus,
1673 3913 1758 3971 quam

58 4001 274 4073 pilsinlustitia
291 4007 321 4058 et
340 4003 449 4060 malitia
463 4018 605 4075 ,eosvero
618 4020 690 4077 quos
703 4008 880 4077 proverbiale
935 4006 1043 4062 nostris
1069 4003 1228 4060 virtutibus
1255 4002 1389 4059 fiduciam
1410 3998 1568 4068 capiamus,
1589 4006 1673 4064 quem
1694 4004 1761 4048 om-

56 4087 158 4147 fictum
173 4091 345 4147 innocentes
355 4093 522 4166 nominavit,
537 4108 586 4165 per
607 4096 794 4166 privationem
805 4096 881 4152 vide
935 4097 1068 4167 nipotens
1090 4096 1165 4151 Deus
1197 4099 1225 4150 et
1248 4106 1296 4150 rex
1326 4092 1536 4157 universorum,
1558 4083 1609 4155 qui
1641 4096 1691 4154 per
1710 4095 1760 4138 so-

59 4177 117 4235 licet
139 4179 277 4252 mahtim,
303 4179 469 4239 inconfusos
484 4184 534 4240 Dei
551 4183 618 4241 boni
634 4184 834 4255 cooperatione
852 4192 881 4241 et
935 4186 1046 4244 lentiam
1062 4189 1193 4252 vestram,
1217 4181 1464 4247 interventionem,
1486 4189 1518 4231 ac
1535 4173 1690 4245 judicium,
1709 4184 1759 4226 seu

59 4269 141 4337 path
156 4274 410 4326 conservaverunt.
427 4273 602 4343 insipientiae
614 4279 707 4329 autem
721 4274 878 4345 operarios,
936 4276 1099 4348 synodicam
1115 4272 1332 4344 expositionem,
1350 4273 1406 4324 tam
1420 4277 1549 4337 magnam
1564 4268 1593 4319 et
1608 4262 1761 4317 universa-

59 4357 879 4433 aemnlatoresnequitiatanquamconviciorumavidos
895 4360 991 4424 Diem
1017 4365 1156 4437 synodum
1176 4373 1347 4434 congregare
1367 4359 1504 4429 dignatus
1529 4359 1582 4424 est,
1602 4358 1630 4408 et
1647 4355 1759 4405 tantum

60 4445 219 4519 muta,
234 4448 380 4518 etimpios
392 4447 492 4523 factos,
503 4455 681 4525 argumentis
690 4455 821 4513 veritatis
835 4456 882 4512 ob
936 4473 1009 4529 opus
1027 4458 1061 4512 ad
1082 4458 1166 4512 flnem
1185 4465 1350 4526 prosperum
1368 4449 1521 4520 perducere
1532 4442 1644 4513 maluit,
1660 4445 1761 4495 custo-

62 4537 155 4593 taxios
183 4538 384 4607 ostenderunt,
406 4542 643 4612 quemadmodum
673 4543 748 4602 allos
777 4547 880 4602 iterum
936 4550 998 4607 diat
1016 4550 1188 4606 incolumem
1199 4553 1354 4616 utrumque
1367 4557 1417 4615 per
1430 4539 1687 4596 multosannorum
1698 4530 1761 4586 cir-

62 4626 529 4702 pmxerbialefatetureloquium:
545 4635 580 4690 llt
599 4635 774 4692 examinatio
787 4636 882 4706 perdit
937 4640 1044 4709 cuitus,
1065 4640 1152 4695 etdet
1167 4636 1312 4694 sanctitati
1333 4646 1446 4705 quoque
1467 4634 1566 4686 vestrae
1587 4624 1759 4695 condignam

12 4740 15 4793 l
64 4713 181 4786 ῙΙΙΡῙΜΞ
202 4717 343 4788 ⁰Wib¹¹⁸
359 4719 436 4775 essim
458 4722 521 4778 ⁸¹¹ss
540 4726 751 4795 impedierunt
764 4741 813 4783 eos
824 4727 882 4781 Deo
938 4731 1067 4791 laborum
1083 4729 1325 4798 vicissitudinem,
1336 4734 1364 4783 et
1375 4739 1440 4782 cum
1452 4725 1533 4778 Petro
1545 4727 1573 4778 et
1584 4713 1673 4773 Paulo
1684 4712 1762 4784 illm·

64 4805 193 4863 amabiles
217 4806 322 4863 vicarii
346 4815 469 4879 paternae
492 4815 653 4872 sanctitatis
675 4822 785 4890 vestra,
806 4819 882 4889 quod
937 4820 1256 4895 cipibusapostolorum
1269 4820 1383 4890 judiees
1401 4831 1451 4873 vos
1462 4815 1646 4881 demonstret,
1662 4815 1691 4864 et
1703 4809 1762 4879 jam

65 4891 243 4964 buaidicus
261 4897 349 4954 David
364 4899 428 4955 ait:
445 4902 493 4956 Ad
511 4905 629 4959 nibilum
647 4906 779 4962 deductas
800 4913 840 4964 est
854 4911 883 4963 ia
939 4914 968 4971 ln
988 4913 1087 4969 futuro
1108 4911 1212 4967 saeculo
1228 4910 1382 4965 multarum
1397 4905 1525 4978 gentium
1542 4909 1570 4959 et
1592 4898 1763 4971 populorum

65 4990 196 5056 Imm
221 4985 285 5054 ²5⁸⁸
304 4989 467 5056 malms
487 4992 609 5048 liment&
629 4999 720 5050 aufem
739 4998 884 5052 Dumium
939 5004 1065 5075 propriis
1074 5001 1158 5058 bonis
1170 4997 1316 5070 operibus,
1335 4997 1439 5067 impios
1451 5002 1478 5050 et
1494 4989 1764 5064 iniquisjudicatu-

66 5072 188 5146 ΝΜ
207 5076 295 5144 (M-
310 5076 380 5150 Ul)-
402 5079 472 5134 Nam
485 5084 515 5136 et
526 5083 596 5153 quid
618 5083 698 5140 aliud
721 5084 774 5142 hos
791 5099 885 5157 aupa-
940 5109 996 5163 ros,
1012 5089 1249 5162 quemadmodum
1260 5096 1287 5144 et
1298 5099 1373 5142 nunc
1385 5084 1481 5140 debite
1491 5080 1611 5149 fecistis,
1623 5075 1764 5134 aChristo

68 5163 148 5220 “¹⁵⁸0
156 5163 339 5235 ⁰l¹ffl¹¹d¹¹ffl
348 5171 403 5235 0³12
412 5170 645 5238 quamderivatas
655 5174 814 5247 imagines?
826 5176 884 5232 imo
939 5179 1131 5256 gubernacula
1143 5183 1287 5234 sumentes
1299 5174 1500 5232 ecclesiasticae
1511 5171 1601 5227 navis.

70 5260 120 5307 vero
138 5252 325 5309 characteres
337 5253 528 5314 indissimiles
542 5262 730 5330 quarumdam
744 5263 882 5321 bonarum
974 5271 1066 5342 lgiaur
1080 5268 1203 5324 libenter
1221 5266 1326 5336 oppido
1349 5272 1377 5320 et
1389 5269 1531 5335 gratanter
1547 5255 1700 5315 imitatrice
1711 5251 1762 5308 Dei

71 5341 307 5413 aprincipallum
331 5343 495 5403 tabularum
509 5348 620 5406 Nicolai
632 5350 790 5408 beatissimi
805 5367 884 5424 papas
940 5359 1089 5417 sanctitate
1108 5364 1200 5413 vestra
1222 5356 1351 5412 omntum
1376 5362 1506 5410 nostrum
1527 5355 1716 5405 conventuum
1735 5347 1763 5396 et

73 5439 150 5487 revera
161 5430 323 5489 fortissimi
337 5433 455 5503 pietatis
464 5439 616 5495 certatoris
625 5440 713 5498 simul
731 5446 760 5499 et
771 5444 884 5500 sancti-
939 5446 1113 5505 universalis
1128 5445 1216 5515 huius
1227 5442 1468 5516 atquecathoiicae
1478 5437 1579 5510 synodi
1592 5441 1761 5492 consensum

74 5518 126 5575 tatis
142 5520 326 5577 tuae?Sicut
337 5521 415 5578 enim
430 5523 480 5580 ille
496 5524 681 5586 beatissimus
703 5537 732 5588 et
745 5535 885 5591 veraciter
939 5544 967 5594 ea
980 5535 1195 5592 consonantiam
1212 5535 1376 5605 recipiente,
1395 5532 1517 5602 predica
1531 5542 1592 5586 eam
1615 5525 1713 5597 maylan
1728 5532 1761 5577 ³¹⁰
