3876 6090
123 296 195 362 libb

834 279 1038 349 sarmiento
1056 282 1123 344 bct.

1759 269 1830 338 tiso

122 423 238 482 Latium
252 426 347 482 autem
362 423 474 497 primus
486 422 565 482 idem
579 421 766 482 beatissimus
777 406 985 478 AmbrosiusA
999 418 1161 474 numerosi
1174 419 1311 490 tempore,
1326 415 1476 475 descendit
1489 415 1524 474 ad
1541 418 1641 483 terras,
1657 407 1831 482 impleturus

121 512 294 584 antiphonas
309 513 471 573 constituit.
488 514 651 571 Graecorum
667 512 826 583 exemplum
845 507 947 565 imita-

122 608 177 658 tus.
196 604 236 658 Ex
257 603 325 658 binc
339 604 373 659 de
390 603 504 660 cunctis
519 603 650 661 occiduis
666 601 834 675 regionibus
849 610 946 655 earum

122 706 192 749 usus
208 692 378 749 increbruit.

414 784 451 837 lie
464 784 653 853 responsoriis.

157 872 348 942 Responsoria
371 872 407 928 ab
428 873 510 928 italis
534 873 618 946 lonigo
641 877 707 927 ante
731 875 858 941 tempore
879 869 948 924 sunt

122 967 241 1032 reperta.
260 963 293 1018 Et
308 968 405 1018 vocata
422 960 475 1018 boc
491 963 617 1033 notariae,
638 962 725 1033 quod,
743 973 801 1017 uno
817 962 945 1029 canente,

120 1053 226 1108 cborus
242 1052 423 1108 consonando
439 1053 618 1122 respondeat.
633 1052 705 1107 Ante
716 1056 809 1106 autem
825 1048 853 1104 id
867 1046 947 1104 solus

121 1142 245 1212 quisquc
257 1140 368 1212 agebat,
386 1155 461 1198 laurac
475 1147 570 1198 autem
590 1140 732 1197 interdum
749 1154 835 1203 unus,
853 1138 947 1193 inter-

119 1229 187 1284 dum
201 1229 259 1287 duo
273 1229 313 1285 rei
329 1235 386 1285 tres
398 1229 592 1286 communiter
604 1233 721 1298 canunt,
736 1227 823 1283 choro
840 1226 869 1281 in
886 1225 948 1297 plu·

121 1317 205 1374 rimis
221 1317 418 1389 respondente.

236 1411 270 1463 De.
285 1407 413 1462 laudibus
428 1408 437 1479 l
439 1407 513 1464 Edit.
531 1408 633 1478 Paris,
651 1408 683 1463 dc
697 1403 832 1481 alleluiu}

49 1537 55 1546 .
158 1497 277 1567 Laudes,
303 1497 356 1554 boc
377 1503 422 1554 est
439 1497 559 1554 alleluia
580 1511 690 1569 canere,
717 1496 840 1567 acutiquu
892 1497 944 1563 est,

120 1585 300 1643 Hebraeorum
314 1601 400 1643 more.
412 1588 500 1657 cujus
511 1587 785 1658 expositioduorum
797 1508 946 1667 rssorum

120 1677 356 1746 interpretatione
371 1678 516 1745 consistit,
534 1677 587 1733 boc
601 1683 645 1734 cst
660 1677 720 1731 larus
739 1677 793 1733 bri.
810 1672 849 1730 Dc
863 1673 946 1743 cujus

1002 507 1123 576 gratiam
1140 521 1225 579 quam
1241 507 1374 565 cbristus
1384 507 1528 577 promisit.
1544 507 1613 562 Nam
1626 505 1745 559 etsexta
1758 499 1828 557 bora

1001 595 1136 654 Christus
1160 611 1285 669 passus3
1305 598 1335 655 in
1358 611 1462 654 nonam
1488 595 1609 669 patibuli
1634 592 1829 651 cruciamenta

1004 687 1140 756 porrexit.
1155 686 1216 742 Tali
1230 688 1304 744 enim
1322 692 1498 744 sacramento
1511 683 1651 757 legitimis
1665 682 1700 739 ad
1717 690 1828 751 precem

1003 776 1190 848 temporibus,
1213 792 1263 848 per
1285 781 1380 834 ternas
1404 778 1499 846 boras,
1518 773 1671 831 Trinitatis
1691 765 1828 842 perfectio

1001 862 1826 935 autlaudaturcelebritatibus,autprecibusimpetratur.

1001 957 1035 1012 Et
1045 956 1071 1011 si
1080 956 1543 1028 computeturdiuruacelebritas,
1554 948 1827 1025 perquuternarium

1003 1060 1093 1117 usque
1107 1046 1136 1101 in
1147 1048 1341 1117 vespertinum
1358 1046 1492 1117 obiciam,
1505 1045 1558 1101 boc
1571 1047 1623 1108 ast.
1638 1044 1739 1114 quater
1750 1033 1826 1113 [cdd.

1000 1137 1103 1199 Paris,
1118 1135 1308 1212 quatertinas]
1325 1136 1518 1210 significatur,
1534 1133 1603 1207 quia
1617 1129 1741 1188 mundus
1754 1138 1829 1200 quu-

1002 1223 1123 1281 drilarie
1139 1225 1252 1283 divisus
1272 1227 1302 1283 in
1317 1226 1459 1283 Trinitate
1477 1224 1614 1281 saluatur.
1635 1217 1785 1291 Siquidem
1800 1218 1830 1273 et

1003 1312 1033 1370 in
1054 1319 1136 1369 nocte
1155 1314 1294 1372 stationes
1313 1320 1341 1372 et
1361 1313 1470 1389 vigiliae
1490 1312 1631 1369 militares
1650 1309 1680 1365 in
1703 1310 1828 1379 quatuor

1003 1409 1097 1472 partes
1116 1405 1217 1462 divisae
1236 1405 1327 1462 ternis
1343 1406 1477 1462 horarum
1498 1402 1602 1473 spatiis
1620 1399 1843 1461 decernuntur,-

1004 1495 1074 1549 utet
1088 1494 1117 1550 in
1132 1495 1204 1566 ipsis
1217 1495 1369 1552 nocturnis
1382 1491 1636 1563 mundialibusque
1646 1482 1828 1546 ciliciisTri-

1003 1581 1104 1638 nitatis
1119 1585 1286 1655 mysterium
1302 1588 1460 1640 veneretur.

1299 1676 1338 1728 Dc
1356 1674 1527 1744 uespertinis.

121 1766 255 1837 mysterio
269 1768 390 1823 ioannes
404 1767 434 1822 in
450 1767 618 1839 Apocalypsi
634 1765 729 1833 nolent,
744 1765 851 1836 spiritu
865 1776 947 1819 reve-
961 1741 987 1803 Β
1038 1763 1237 1834 Vespertinum
1252 1765 1352 1822 diurni
1367 1763 1434 1820 linis
1446 1761 1570 1821 officium
1584 1759 1697 1816 diurnae
1709 1758 1736 1813 et
1746 1755 1832 1813 alter·

120 1851 196 1908 larice
215 1853 333 1926 vidisse,
354 1860 382 1910 et
400 1855 516 1910 audisso
539 1869 635 1910 rocem
656 1853 782 1910 caelestis
803 1851 947 1907 exercitus

119 1941 296 2012 arigelorum,
318 1950 454 2014 tanquam
476 1957 570 2000 vocem
591 1942 752 2000 validorum
772 1941 945 2010 tonitruum,

120 2038 148 2087 ct
164 2039 299 2104 tanquam
319 2047 414 2089 vocam
437 2047 577 2105 aquarum
598 2032 765 2103 multarum,
787 2030 945 2088 dicentium

119 2120 944 2195 alleluia(Apoc.xrx,6).Exquonullusdebetambigere,

120 2209 173 2266 boc
186 2210 281 2268 larndis
298 2212 475 2284 mysterium,
490 2214 515 2269 si
527 2213 614 2285 diqrra
629 2212 683 2268 lide
695 2216 722 2268 et
733 2211 882 2268 devotione
897 2223 946 2266 ce-

121 2299 256 2372 lebretur,
277 2302 388 2374 erigetis
402 2316 463 2358 csse
480 2304 676 2373 conjunctum.
845 2368 848 2373 ,

154 2388 280 2446 Alleluia
306 2396 412 2459 autom,
439 2391 517 2448 sicut
540 2397 568 2447 et
595 2403 687 2461 amen,
714 2390 750 2446 dc
774 2388 888 2445 llebraea
915 2389 945 2445 iu

118 2476 204 2533 aliam
220 2478 347 2551 linguam
365 2492 544 2552 nequaquam
561 2478 785 2544 transferuntur,
804 2493 858 2535 non
875 2478 945 2549 quia

120 2566 302 2639 interpretari
328 2570 447 2626 minime
466 2575 583 2641 queant,
607 2569 665 2640 sed,
692 2569 769 2626 sicut
786 2569 870 2625 aiunt
889 2567 946 2624 do·

117 2663 220 2729 utores,
232 2666 362 2717 servatur
373 2660 403 2716 in
412 2660 454 2717 eis
464 2660 635 2734 antiquitas,
647 2665 762 2731 propter
772 2659 944 2717 sanctiorem

117 2749 328 2805 auctoritatem.

155 2835 183 2887 ln
207 2834 354 2891 Africanis
375 2842 469 2893 autem
493 2837 661 2909 regionibus
684 2852 741 2893 non
765 2838 842 2892 omni
869 2844 945 2892 tcm-

119 2935 194 2993 pore,
219 2923 267 2978 scd
293 2928 404 2979 tantum
428 2925 589 2980 Dominicis
616 2924 719 2980 diebus
742 2931 770 2980 et
794 2925 946 2995 quinqua-

117 3014 197 3085 ginta
232 3017 295 3083 post
325 3013 503 3069 Dominicnm
544 3013 794 3081 resurrectionem,
825 3012 944 3069 alleluia

115 3107 248 3157 cantatur
284 3116 334 3172 pro
365 3102 578 3174 significatione
614 3101 719 3159 laturae
752 3102 944 3158 resurrectio-

1003 1865 1045 1907 na
1067 1853 1142 1909 lucis
1162 1867 1281 1910 occasus
1302 1859 1364 1909 est:
1380 1853 1465 1921 cujus
1486 1865 1520 1907 ex
1535 1849 1629 1906 Veteri
1649 1849 1829 1904 Testamenta

1002 1939 1139 1998 solemnis
1156 1948 1198 1998 est
1213 1941 1378 1999 celebratio.
1400 1940 1530 2009 Denique
1545 1938 1598 1993 boc
1618 1942 1744 2006 tempore
1757 1938 1832 1993 uete-

1002 2044 1065 2086 rum
1082 2031 1225 2088 sacrificia
1244 2031 1340 2088 oderri
1356 2029 1524 2099 adolerique
1538 2026 1642 2084 altario
1657 2030 1784 2082 aromata
1800 2028 1829 2082 et

1002 2122 1070 2178 tbus
1093 2136 1153 2178 mos
1171 2127 1242 2179 emt.
1265 2122 1354 2192 Cuius
1376 2122 1417 2179 rei
1438 2121 1520 2178 testis
1542 2123 1586 2176 est
1608 2117 1658 2174 ille
1676 2115 1830 2189 hymnicus

1003 2207 1078 2285 [edit.
1112 2213 1216 2277 Paris„
1249 2211 1445 2283 hymnidicus]
1482 2210 1562 2282 regio
1595 2222 1627 2265 ac
1656 2203 1827 2263 sacerdotali

1001 2300 1119 2358 functus
1137 2301 1230 2359 officio
1251 2302 1375 2358 diceus:
1396 2302 1542 2370 liiriqatur
1564 2299 1651 2354 erratio
1674 2312 1734 2353 men
1757 2296 1828 2351 sicut

1000 2391 1139 2447 lacerosum
1162 2395 1191 2448 io
1210 2397 1352 2463 conspectu
1375 2396 1422 2446 tuo
1434 2409 1442 2446 :
1456 2391 1578 2445 Eleuotio
1599 2402 1731 2442 manuum
1748 2399 1828 2440 mec-

1000 2496 1070 2545 ram,
1087 2484 1250 2552 sacrificium
1269 2484 1453 2554 uespertinum
1468 2480 1553 2550 (Pscl.
1571 2491 1632 2549 ccx,
1648 2474 1685 2550 ἓ).
1707 2478 1738 2533 ln
1755 2488 1826 2533 novo

1001 2584 1114 2642 quoque
1126 2572 1304 2629 Testamento
1318 2585 1351 2628 eo
1366 2577 1492 2641 tempore
1503 2568 1644 2626 Dominus
1658 2572 1685 2623 et
1698 2565 1827 2622 Salvator

1001 2653 1827 2732 noster,coenantibusapostolis,mysteriamsnicorporls

999 2755 1028 2805 et
1040 2750 1192 2822 sanguinis
1208 2751 1294 2808 initio
1307 2749 1439 2822 tradidit,
1454 2754 1487 2806 ut
1496 2754 1609 2818 tempus
1622 2747 1717 2818 ipsum
1729 2743 1824 2802 sacri·

1000 2839 1059 2896 Acii
1075 2852 1223 2910 vesperum
1239 2842 1401 2898 ostenderet
1419 2839 1528 2898 saculi.
1546 2836 1668 2895 Proinde
1684 2837 1714 2892 in
1730 2835 1826 2893 bono-

1000 2941 1057 2983 rem
1080 2941 1113 2983 ac
1137 2931 1302 2986 memoriam
1328 2935 1473 2986 tantorum
1500 2929 1754 2995 sacramentorum,
1777 2922 1825 2983 bis

999 3015 1177 3084 temporibus
1198 3031 1250 3073 nos
1273 3018 1372 3074 adesse
1391 3018 1471 3074 decet
1490 3018 1542 3074 Dei
1565 3014 1778 3088 conspectibus,
1795 3019 1825 3071 et

960 3069 985 3133 G
999 3117 1151 3174 personare
1163 3105 1192 3161 in
1207 3107 1271 3176 ejus
1283 3105 1413 3161 cultibus
1424 3105 1588 3164 orationum
1599 3112 1762 3162 nostrarum
1776 3101 1822 3161 llll

118 3191 164 3246 nis
180 3197 207 3246 ct
228 3191 345 3247 lactitiae.
368 3193 480 3262 lerum,
504 3192 579 3264 apud
603 3206 665 3264 nos,
686 3192 841 3248 secundum
863 3191 944 3248 anti·
998 3191 1172 3250 sacrificium
1188 3193 1347 3265 offerentes,
1362 3200 1449 3266 atque
1465 3194 1495 3250 in
1510 3193 1573 3263 ejus
1588 3192 1726 3249 laudibus
1740 3191 1824 3263 pari-

117 3293 201 3350 quam
213 3280 415 3350 Hispaniarum
429 3281 625 3351 traditionem,
638 3280 943 3352 preterdiesjejanio·
998 3286 1041 3339 ter
1052 3284 1236 3343 exsultantes.
1250 3285 1403 3356 vesperum
1415 3287 1510 3341 autem
1523 3282 1716 3339 nominatura
1728 3281 1823 3338 sidere

116 3384 190 3439 raim,
207 3368 249 3424 rel
265 3370 504 3443 Quadrupesimae,
521 3371 599 3427 omni
616 3375 742 3442 tempore
762 3371 878 3427 canitur
895 3370 942 3426 al·
997 3373 1072 3443 quod
1098 3373 1204 3445 Vesper
1228 3380 1347 3432 uocatur
1367 3380 1396 3431 et
1415 3373 1568 3430 decedente
1595 3370 1654 3430 sole
1678 3371 1819 3430 exoritur.

116 3457 214 3514 leluia.
238 3459 382 3529 Scriptum
404 3467 448 3516 est
461 3460 558 3516 enim:
575 3460 685 3532 Semper
700 3461 760 3515 laus
776 3461 835 3529 ejus
849 3462 880 3514 in
896 3475 941 3516 ore
994 3463 1034 3518 De
1057 3476 1114 3535 quo
1139 3463 1274 3535 propbeta
1299 3464 1394 3520 dicit:
1411 3465 1447 3519 lit
1472 3463 1619 3534 vesperum
1642 3476 1725 3534 super
1748 3461 1819 3534 filios

115 3563 171 3600 rom
186 3549 272 3617 (Psoi.
290 3562 395 3621 arnan,
408 3547 444 3623 2).
460 3550 541 3620 Quod
555 3564 622 3607 uero
637 3555 702 3620 post
715 3554 940 3607 consummatam
995 3553 1133 3608 bominum
1145 3553 1258 3624 prodire
1271 3556 1341 3623 sacis
1356 3552 1417 3624 (Job
1431 3566 1556 3625 sarrin,
1572 3548 1626 3626 32).

115 3637 300 3709 psalmorum,
317 3639 377 3696 sive
393 3640 547 3696 lectionum
573 3641 804 3710 pradicationem
821 3639 940 3697 alleluia
1304 3645 1342 3698 De
1358 3643 1505 3713 completis.

114 3727 142 3779 in
162 3726 216 3779 Arre
234 3734 376 3799 cantatur,
399 3729 452 3785 boc
473 3730 501 3785 in
522 3744 572 3801 spe
592 3728 690 3786 lutura
711 3729 781 3787 tacit
800 3728 937 3801 Ecclesia,
1029 3733 1068 3789 De
1082 3732 1233 3804 completis
1251 3738 1345 3791 autem
1365 3732 1546 3791 celebrandis
1563 3731 1592 3790 id
1608 3731 1695 3789 etiam
1716 3730 1747 3788 in
1760 3731 1819 3789 Pa·
1846 3718 1856 3735 ⁴

113 3812 280 3883 significans
292 3822 355 3884 post
364 3818 613 3874 annuntiationem
626 3819 705 3890 regni
715 3819 864 3891 coelorum,
877 3832 939 3890 quae
994 3824 1069 3877 trum
1086 3823 1249 3881 invenimus
1263 3823 1411 3894 exemplis,
1427 3821 1515 3878 David
1532 3820 1669 3892 propbeta
1684 3820 1816 3879 dicente:

114 3902 141 3955 in
156 3900 207 3955 liac
221 3901 278 3957 vita
289 3898 338 3973 per
352 3910 507 3974 utrumque
519 3906 730 3963 Testamcntum
746 3909 851 3965 mundo
862 3921 940 3979 prae-
993 3910 1024 3964 st
1037 3912 1183 3968 ascendero
1202 3914 1232 3968 in
1248 3913 1345 3969 tectum
1363 3914 1445 3969 strati
1458 3913 1520 3975 mei,
1539 3914 1565 3967 si
1580 3911 1678 3967 dedero
1693 3926 1817 3967 somnum

111 3989 237 4061 dicatur,
252 3992 394 4048 actionem
416 3998 541 4049 nostram
563 4008 618 4051 raon
640 4008 703 4051 esse
718 3994 856 4068 futuram,
879 3996 937 4053 nisi
993 4000 1077 4054 orariis
1100 4004 1167 4056 racis
1192 4008 1218 4057 ei
1239 4003 1381 4074 palpebris
1405 4003 1474 4058 meis
1497 4002 1716 4056 dominicationem
1737 4018 1746 4056 a
1767 4004 1818 4057 cut

112 4078 142 4132 in
159 4077 318 4136 laudeDei.
335 4081 474 4138 Siccnim
495 4083 712 4154 scriptumest:
729 4085 938 4155 Beatiqailra-
991 4091 1112 4158 requiem
1142 4093 1306 4162 temporibus
1339 4095 1415 4156 meis,
1445 4093 1529 4147 donec
1559 4091 1698 4146 incenium
1728 4089 1817 4145 locum

112 4168 200 4221 ditant
226 4171 255 4223 in
279 4170 355 4224 domo
378 4176 437 4235 tuo,
459 4174 581 4237 Domine,
607 4174 755 4229 insaecula
777 4175 936 4230 saecrtlorum
990 4180 1113 4242 Domino,
1141 4181 1346 4235 tabernaculum
1369 4183 1423 4237 Deo
1450 4181 1532 4237 Jacob
1556 4180 1641 4252 (Psoi.
1665 4192 1752 4244 cxxx,
1775 4176 1813 4250 3).

112 4257 265 4313 tiaratabant
287 4265 311 4314 tc
333 4260 417 4330 (Psoi.
442 4277 566 4334 cuxani,
591 4261 627 4337 5).
652 4264 724 4319 ilinc
747 4265 887 4336 estquod
908 4272 936 4322 et
989 4268 1062 4337 Quis
1075 4283 1130 4325 non
1142 4275 1264 4341 stupeat,
1279 4275 1387 4327 tantam
1403 4271 1433 4326 in
1448 4271 1499 4327 Dei
1513 4284 1611 4328 amore
1622 4270 1712 4328 animi
1725 4269 1816 4329 deuo-

111 4346 186 4403 iiber
207 4349 382 4407 Psaimorum
406 4352 436 4407 in
461 4353 545 4410 laude
568 4354 763 4426 concluditur,
787 4361 819 4411 ut
838 4355 934 4412 eadem
990 4358 1097 4416 tionem
1117 4366 1148 4416 ut
1169 4373 1300 4417 somnum
1323 4358 1391 4427 sibi,
1412 4359 1552 4430 sineque
1574 4358 1676 4431 utique'
1695 4371 1815 4430 corpora

112 4443 176 4505 post
191 4438 273 4494 tinem
288 4440 386 4496 saeculi
403 4441 466 4498 laus
480 4449 583 4500 aeterna
600 4448 783 4501 monstretur.
950 4448 977 4510 D
991 4448 1115 4505 bumana
1124 4449 1273 4517 deliciunt,
1287 4449 1400 4521 penitus
1410 4448 1608 4519 interdixerit,
1617 4449 1708 4506 donec
1718 4448 1813 4506 locum

147 4526 264 4593 (Omissa
276 4531 399 4599 capitula
416 4531 449 4585 de
466 4532 624 4601 offertoriis,
640 4533 673 4587 de
691 4535 773 4588 inissa
788 4540 814 4588 rt
828 4536 936 4590 oratio·
988 4550 1022 4594 ac
1042 4538 1178 4608 templum
1198 4537 1319 4595 Domino
1342 4537 1541 4594 fabricandum
1562 4537 1592 4594 iu
1613 4542 1726 4608 pectore
1747 4549 1810 4610 suo,

112 4615 202 4679 nibus,
232 4617 265 4672 de
290 4620 410 4688 symbolo
439 4622 558 4686 Nicaeae,
586 4622 619 4677 dc
650 4623 880 4680 berredictionibas
906 4626 935 4680 ia
990 4633 1077 4684 ccx-ct
1091 4627 1229 4698 propbeta
1239 4626 1477 4698 reperiret‘lQuae
1488 4639 1534 4684 res
1543 4640 1596 4684 nos
1605 4625 1688 4684 debet
1698 4624 1813 4684 fortiter

108 4705 221 4774 populo,
238 4707 271 4762 de
285 4712 428 4779 sacrificio,
444 4710 508 4784 etc.)
988 4717 1150 4787 admonere,
1164 4723 1206 4788 ut,
1220 4717 1245 4774 si
1262 4717 1319 4787 ipsi
1333 4717 1414 4775 locus
1425 4717 1540 4773 bomini
1556 4715 1688 4774 volumus
1698 4728 1772 4788 esse,
1783 4720 1813 4774 et

224 4798 478 4863 taeterrimorum,
494 4805 518 4855 et
533 4817 611 4857 aona
624 4802 696 4859 bora
709 4805 818 4874 officiis.
989 4805 1204 4864 tabernaculum
1227 4807 1300 4878 ejus,
1322 4812 1374 4863 aut
1395 4807 1532 4879 templum
1554 4806 1689 4878 cupimus
1711 4804 1811 4864 baberi

146 4884 249 4940 lionam
265 4886 387 4959 tertiam,
404 4895 513 4946 sexum
529 4897 557 4947 et
575 4905 689 4963 nonam,
710 4893 810 4950 Daniel
830 4900 858 4951 et
878 4898 934 4952 tres
988 4895 1115 4966 Spiritus
1139 4894 1243 4965 sancti,
1272 4896 1302 4952 in
1327 4901 1467 4968 quantum
1495 4910 1657 4969 possumus,
1682 4897 1812 4970 exenrpla

113 4972 193 5040 pueri
213 4975 478 5044 supplicationibus
501 4979 685 5051 devoverunt,
708 4982 831 5054 scilicet,
853 4991 884 5041 ut
897 4983 934 5041 ab
988 4991 1150 5043 sanctorum
1163 4984 1321 5056 imitemur,
1333 4997 1368 5043 ne
1377 4985 1412 5042 de
1422 4984 1717 5060 nobisdicaturquod
1729 4987 1810 5047 intel·

110 5067 176 5117 ortu
190 5062 250 5118 diei
266 5064 295 5120 in
310 5069 423 5137 tempus
438 5070 613 5138 precationis
626 5077 683 5128 tres
699 5072 775 5130 borae
797 5079 934 5144 porrectae
988 5074 1091 5147 ligitur
1107 5093 1113 5131 :
1129 5076 1304 5131 dormierunt
1322 5090 1444 5131 somatum
1465 5090 1555 5139 suurn,
1571 5081 1596 5132 ct
1612 5077 1684 5132 nibil
1696 5079 1812 5132 invene-

109 5150 261 5208 Trinitatis
276 5154 360 5212 nobis
374 5157 558 5215 reverentiam
578 5160 756 5240 declararent
772 5163 933 5233 31raritera
986 5169 1052 5220 ruat
1072 5179 1162 5221 omnes
1184 5165 1240 5220 ciri
1259 5164 1421 5220 divitiarum
1443 5165 1474 5219 in
1493 5166 1621 5221 manibus
1641 5166 1699 5221 sub
1722 5164 1808 5235 (Prot.

109 5240 195 5297 tortia
209 5244 343 5312 usquead
356 5251 475 5318 sextam,
486 5255 572 5321 atque
586 5250 652 5308 inde
664 5252 803 5326 usquead
817 5267 931 5327 nonam,
986 5255 1083 5325 cxxv).

110 5345 159 5402 per
189 5331 269 5402 paria
302 5333 377 5391 lucis
412 5336 562 5396 intervalia
597 5342 669 5397 ratis
699 5341 932 5402 dimensionibus

106 5420 273 5492 terminata,
288 5423 425 5498 Trinitas,
441 5432 486 5484 ter
498 5428 547 5486 die
561 5436 669 5502 rogata,
689 5432 840 5490 coleretur.
857 5433 931 5491 iilud
1024 5432 1194 5508 Vigiliarum
1205 5432 1363 5492 auctoritas
1378 5434 1499 5504 antiqua
1510 5436 1562 5502 cst,
1574 5429 1742 5505 uigiliarum
1754 5434 1811 5494 de-

107 5511 194 5567 otiam
205 5513 374 5571 occurritad
385 5516 581 5587 probationem
589 5520 931 5596 venerabilisTrinitatis,
987 5524 1065 5583 notio
1080 5522 1223 5583 familiare
1242 5523 1349 5584 bouum
1364 5521 1500 5582 omnibus
1512 5520 1621 5579 sanctis
1635 5519 1704 5581 luit.
1720 5524 1812 5585 isaias

110 5601 184 5671 quod
197 5602 326 5674 spiritus
339 5609 458 5664 sanctus
471 5607 540 5666 bora
555 5609 651 5682 tertia,
668 5609 721 5670 boc
735 5615 843 5670 estsuo
858 5611 931 5687 loco,
986 5613 1112 5688 denique
1138 5612 1275 5688 propbeta
1297 5611 1437 5671 exclamat
1456 5608 1492 5667 ad
1513 5611 1604 5672 boum
1625 5611 1726 5672 diceus
1742 5631 1750 5671 a
1769 5615 1811 5675 bc

1309 5344 1349 5400 lie
1369 5344 1482 5414 cipiliis.
