3876 6090
174 233 228 297 ii5

798 237 975 295 nNasansll
993 233 1261 292 BIBLlOTHECAliIl

1799 151 1802 155 .
1824 226 1879 300 aas

174 363 331 450 reciderint
341 365 577 437 disputationem,
591 373 623 423 ul
635 367 718 437 quasi
733 381 769 422 ex
779 366 831 421 boc
842 357 1036 433 simplicio-A
1052 364 1191 429 pnooimas
1206 362 1353 416 secundnm
1371 375 1479 414 earnem
1500 358 1647 420 Christum,
1667 357 1716 412 scd
1732 371 1807 410 nnnc
1817 353 1881 422 jam

175 465 221 508 res
229 452 384 523 decipiant,
395 454 476 524 quasi
490 454 525 510 de
537 454 663 510 ecclesiae
676 452 881 525 imaginalibus
893 448 998 506 descri-

176 540 325 611 ptionibus
345 542 493 611 apostolus
504 542 557 597 boc
572 543 745 613 praetendat,
762 539 919 613 prasertim
933 552 997 594 cum

176 628 226 686 illa
241 642 303 700 quae
320 628 550 702 subinferuntur,
568 629 746 687 manifestam
760 630 882 686 habeant
897 628 999 699 expla-

177 717 331 773 nationem.
358 718 509 775 volucrum
524 719 601 774 enim
621 722 649 774 et
665 718 882 790 quadrupedum
898 723 926 772 ει
939 729 997 771 ser-

177 805 305 876 pentium
323 805 493 862 mentionem
507 805 585 877 iecit,
606 811 634 862 et
651 807 720 877 quia
736 807 898 863 servierunt
916 817 1000 860 crea-

178 898 250 949 turae
273 895 467 964 potiusquam
487 894 624 950 Creatori.
635 897 780 952 Noverunt
794 893 999 949 historicorum

1052 464 1107 503 non
1121 452 1244 504 novimus
1256 447 1264 521 (
1274 451 1302 504 il
1313 448 1372 504 Cor.
1391 449 1441 521 v):
1470 448 1509 503 ita
1529 447 1603 502 dicit
1623 443 1707 517 (hom.
1720 441 1749 500 tl
1768 444 1836 497 inll
1844 440 1883 495 ad

1053 537 1150 610 Coei:
1171 539 1315 594 Neminem
1342 539 1473 594 novimus
1497 537 1652 592 secundum
1673 547 1786 590 carnem
1807 532 1883 587 iide-

1054 626 1135 681 lium.
1148 627 1221 696 Quid
1235 627 1310 682 enlm
1321 627 1384 682 etsi
1398 627 1426 682 in
1439 622 1679 681 carnesunt‘ised
1689 623 1747 677 vita
1760 621 1811 676 illa
1823 633 1882 675 car·

1054 716 1129 770 nalis
1141 715 1236 785 periit,
1246 719 1273 770 et
1282 715 1433 771 desursum
1446 714 1504 770 nati
1517 713 1744 782 sumusspiritu,
1758 708 1882 765 etaliam

1055 803 1186 859 novimus
1206 803 1375 859 civilitatem
1397 809 1424 858 et
1439 801 1692 868 conversationem,
1714 805 1743 854 et
1755 798 1845 852 vitam
1857 803 1885 851 et

1055 892 1290 948 constitutionem
1313 905 1376 962 quae
1399 892 1429 946 in
1444 890 1527 946 caelis
1541 894 1593 945 est.
1615 891 1720 944 lterum
1735 885 1881 956 ejusdem:

177 980 319 1038 librorum
333 982 515 1054 peritissimi,
531 983 599 1053 quia
611 982 735 1054 AEgyptii
751 983 820 1038 olim
834 982 919 1037 boves
930 981 1002 1037 cole-
1055 979 1206 1036 Auctorem
1227 993 1289 1036 esse
1306 981 1453 1035 Christum
1472 979 1666 1034 demonstrat:
1685 976 1809 1061 undeet
1836 973 1886 1028 in-

177 1067 256 1139 bant,
279 1072 307 1124 el
329 1069 387 1125 alia
409 1070 616 1140 quadrupedia,
641 1075 669 1126 et
682 1070 812 1126 volatilia
826 1069 949 1139 diversa,
974 1073 1002 1123 et
1061 1066 1147 1123 tulit:
1160 1070 1195 1121 Et
1214 1070 1238 1122 si
1256 1084 1416 1122 noveramus
1438 1066 1575 1122 Chrtstum
1594 1064 1741 1119 secundum
1763 1077 1884 1124 earnm,

178 1170 301 1229 muscas,
326 1160 354 1213 et
371 1157 542 1213 crabronum
569 1157 742 1230 habitacula,
767 1161 795 1213 et
807 1147 910 1213 viliora
937 1156 1003 1212 istis
1060 1156 1325 1224 sednuncjomnon
1348 1157 1482 1210 novimas.
1497 1155 1549 1209 bic
1572 1153 1655 1222 mibi,
1673 1150 1805 1222 nunquid
1818 1163 1888 1204 car-

177 1244 354 1301 animantia:
380 1246 472 1301 Persae
490 1259 555 1301 vero
570 1246 658 1303 solem
676 1250 704 1301 et
724 1246 828 1318 ignem.
841 1243 931 1300 Graeci
947 1258 1004 1299 au·
1059 1258 1121 1301 nem
1137 1245 1282 1316 deposuit,
1295 1248 1324 1300 et
1338 1258 1415 1301 nunc
1430 1257 1486 1299 non
1501 1246 1544 1298 est
1558 1256 1621 1298 cunr
1634 1239 1774 1311 corporei
1788 1238 1884 1294 absit:

178 1337 235 1388 tem
256 1346 342 1403 super
363 1334 417 1389 boc
440 1334 518 1389 omni
542 1338 680 1390 creaturae
709 1333 889 1402 servierunt3
911 1332 960 1388 sed
976 1335 1003 1386 et
1059 1334 1164 1390 etenim
1181 1340 1210 1389 et
1225 1346 1300 1389 nunc
1316 1333 1345 1388 in
1359 1345 1444 1388 carne
1459 1335 1511 1387 est.
1523 1330 1660 1386 llieenim
1676 1329 1768 1397 lesus,
1780 1326 1834 1397 qui
1846 1339 1890 1382 as

178 1419 359 1476 liebraeorum
375 1421 502 1494 quidam,
530 1425 561 1478 ut
576 1421 649 1478 liber
672 1421 834 1493 Regnorum
860 1425 957 1475 narrat
977 1423 1006 1474 ει
1060 1426 1193 1491 sumptus
1206 1426 1249 1478 est
1267 1435 1284 1477 a
1299 1421 1382 1477 nobis
1403 1422 1433 1476 in
1455 1419 1568 1487 coelunn,
1582 1419 1625 1474 sic
1644 1410 1738 1473 veniet
1750 1413 1830 1487 (Act.
1848 1414 1887 1487 1).

180 1508 383 1579 prophetarum
401 1510 563 1566 relationes.
582 1511 652 1565 Nam
662 1509 771 1580 dicant,
785 1508 899 1579 quando
910 1507 1006 1565 stulta
1059 1510 1290 1581 Sie,quomodo‘l
1303 1510 1428 1565 incarne
1443 1522 1509 1565 cum
1519 1520 1646 1578 corpore.
1661 1504 1890 1575 Quomodoergo

179 1595 262 1653 iactat
282 1605 351 1654 sunt
371 1603 478 1672 gentes,
494 1602 523 1653 et
536 1597 721 1654 obscuratum
745 1601 788 1652 est
802 1596 943 1666 insipiens
956 1608 1005 1651 cor
1060 1598 1103 1654 ait
1114 1617 1120 1652 :
1133 1601 1168 1653 Et
1182 1601 1206 1653 st
1221 1614 1379 1653 noveramus
1391 1597 1540 1654 seeundum
1552 1610 1659 1649 comen
1677 1594 1827 1654 Christum,
1841 1591 1891 1645 sed

179 1698 279 1742 eorum
288 1686 461 1758 iantequam
470 1685 864 1754 credidissentinChristum,
876 1698 913 1740 an
924 1687 1006 1754 post·
1021 1692 1048 1753 Β
1061 1703 1134 1741 nunc
1141 1687 1202 1755 jam
1213 1703 1268 1741 non
1287 1689 1436 1740 novimas?
1450 1685 1518 1756 quia
1531 1688 1559 1739 et
1571 1684 1596 1739 si
1611 1681 1776 1754 passibilem
1799 1693 1892 1734 nove-

180 1788 265 1846 quam
285 1775 493 1832 crediderunat
515 1776 615 1846 utique
629 1780 780 1845 antequam
796 1773 1002 1830 credidissent:
1062 1774 1325 1846 ramustristum,
1348 1774 1395 1830 sod
1413 1774 1472 1843 jann
1494 1785 1570 1829 nunc
1592 1785 1656 1827 non.
1674 1772 1743 1825 Nam
1756 1770 1892 1824 nostrum

181 1861 363 1921 manifestum
376 1865 451 1920 enim
470 1865 532 1920 boc.
543 1864 572 1920 Si
583 1864 659 1920 enim
670 1863 807 1934 dixerint,
824 1866 1005 1933 posteaquam
1062 1864 1478 1925 seeundumcarnemesseest
1503 1862 1532 1917 in
1551 1860 1675 1930 peccatis
1696 1871 1771 1913 esse:
1790 1860 1820 1911 et
1833 1869 1892 1911 non

180 1952 365 2008 crediderunt
386 1952 416 2008 in
434 1953 580 2009 Christum
601 1955 708 2024 gentes,
722 1955 859 2008 creatum
873 1964 906 2006 ac
920 1950 1008 2006 idolis

180 2039 348 2112 deservisse,
362 2041 588 2112 dispensationis
596 2041 705 2097 Cbristi
721 2040 771 2096 Del
787 2039 878 2096 nostri
891 2038 1010 2111 prophe·

182 2129 230 2185 tiae
253 2130 409 2186 secundum
430 2130 508 2200 lpsos
524 2130 671 2186 mendaces
685 2133 779 2200 erunt,
802 2141 865 2199 quae
878 2140 1009 2198 pronun-

184 2218 262 2274 tiatae
283 2222 351 2275 sunt
371 2218 407 2275 de
429 2219 565 2275 Ecclesia.
594 2219 657 2274 Erit
676 2217 830 2275 ierusalem
853 2221 961 2286 sancta,
982 2220 1010 2271 ει

181 2305 350 2378 alienigenae
366 2319 422 2362 non
437 2305 604 2363 transibunt
616 2319 665 2377 per
679 2318 740 2361 eam
754 2305 840 2362 ultra.
857 2306 907 2360 Et:
923 2305 1010 2358 blise-

182 2393 329 2448 ricordiom
343 2409 428 2448 meam
449 2410 503 2449 non
520 2395 675 2464 dispergam
689 2394 724 2448 ob
740 2396 788 2465 eis,
815 2394 1011 2463 nepueproto-

183 2482 254 2535 nobo
270 2486 457 2537 testamentum
475 2498 580 2547 meum,·
593 2486 619 2537 et
637 2497 697 2552 qua
708 2481 861 2552 procedunt
878 2481 910 2534 de
930 2481 1010 2533 lobiis

183 2572 249 2625 meis
265 2585 320 2625 non
340 2572 442 2640 sociam
457 2574 538 2626 irrito
559 2570 651 2643 (Psoi.
668 2569 826 2642 lxxxvuv).
846 2570 874 2625 Si
890 2583 956 2625 vero
975 2568 1010 2624 ab

184 2658 332 2731 agnitione
346 2659 397 2715 Dei
409 2660 523 2716 exsules
544 2658 690 2730 iacientes,
712 2667 739 2716 et
750 2664 815 2715 ante
829 2658 938 2714 Christi
957 2656 1013 2712 ad-

186 2752 301 2804 ventum
317 2747 416 2804 traditi
432 2753 501 2804 sunt
521 2749 550 2805 in
573 2748 725 2819 reprobum
742 2761 867 2818 sensum,
895 2745 1010 2803 diabolo

185 2837 351 2899 servientes,
367 2849 438 2892 vana
454 2841 497 2892 est
516 2839 653 2894 adversus
666 2836 848 2892 Christianos
866 2834 1011 2891 accusatio

186 2938 249 2995 quae
263 2939 339 2980 nunc
351 2923 387 2979 ab
397 2925 440 2981 eis
449 2924 581 2995 elficitur,
598 2929 625 2981 et
639 2924 814 2982 fiducialiter
826 2924 904 2980 dicet
914 2922 949 2978 ad
962 2936 1011 2978 eos

1063 1951 1218 2009 secundum
1231 1964 1342 2007 carnem
1366 1965 1437 2023 esse,
1463 1951 1491 2006 in
1507 1949 1631 2020 peccatis
1646 1961 1700 2002 non
1715 1959 1789 2002 esse.
1803 1944 1895 2000 Cbri-

1063 2042 1100 2099 sti
1113 2055 1179 2098 vero
1197 2055 1259 2097 esse
1280 2041 1436 2097 secundum
1453 2053 1575 2109 carnem,
1592 2042 1634 2093 est
1650 2037 1680 2092 in
1703 2034 1893 2105 passionibus

1063 2144 1125 2187 esse
1135 2134 1244 2186 naturae
1255 2147 1263 2200 ς
1276 2134 1308 2185 ut
1321 2134 1388 2199 puta
1404 2128 1538 2196 sitiendo,
1556 2126 1720 2196 esuriendo,
1730 2122 1891 2194 fatigando,

1063 2218 1241 2276 dormiendo.
1256 2219 1404 2274 Peccatum
1418 2217 1493 2272 enim
1512 2229 1568 2271 non
1584 2212 1662 2277 lecit,
1678 2226 1729 2268 nec
1741 2212 1829 2267 dolus
1843 2211 1893 2266 in-

1063 2313 1166 2365 ventus
1178 2311 1221 2365 est
1236 2308 1264 2362 in
1290 2321 1339 2363 ore
1357 2308 1420 2377 ejus
1441 2303 1504 2377 (iso.
1528 2302 1603 2376 bill).
1620 2303 1700 2358 Unde
1719 2306 1747 2357 et
1761 2300 1890 2356 dicebat:

1065 2398 1130 2464 Quis
1145 2415 1179 2453 ea
1200 2398 1275 2452 vobis
1289 2401 1385 2465 arguet
1398 2412 1439 2450 me
1462 2396 1495 2449 de
1509 2395 1641 2464 peccato?
1655 2389 1752 2463 (icon.
1768 2391 1845 2463 vni.)
1860 2392 1893 2445 Et

1066 2487 1189 2543 iterum:
1211 2487 1291 2541 Venit
1308 2487 1436 2556 princeps
1456 2484 1553 2538 mundi
1572 2481 1664 2551 hujus,
1685 2485 1710 2535 et
1730 2480 1761 2533 in
1783 2495 1825 2534 me
1839 2495 1892 2533 non

1065 2576 1169 2629 invenit
1191 2571 1634 2645 quidqnomitoon.x1v).lgitur
1656 2582 1710 2625 non
1734 2568 1891 2623 secundum

1066 2677 1178 2720 earnem
1188 2662 1333 2718 Christum
1344 2674 1416 2732 esse,
1433 2661 1541 2730 estjam
1554 2659 1589 2714 ab
1606 2658 1651 2713 his
1663 2656 1799 2713 tristitiis
1815 2655 1891 2711 libe-

1067 2753 1136 2823 rari,
1149 2756 1177 2808 et
1191 2764 1247 2807 non
1258 2750 1366 2821 absque
1379 2764 1464 2806 carne
1474 2763 1545 2805 esse.
1562 2748 1748 2804 Etenimcum
1763 2746 1827 2816 ipsa
1842 2757 1892 2800 ve·

1068 2842 1127 2898 niet
1136 2840 1320 2910 iudicaturus
1335 2839 1430 2895 orbem
1444 2837 1651 2908 impassibilem
1667 2850 1728 2892 eam
1742 2834 1852 2890 habens
1866 2841 1893 2890 et

1067 2927 1331 2998 incorruptibilem:
1351 2928 1381 2982 in
1392 2927 1467 2997 qnod
1483 2930 1511 2981 et
1526 2939 1578 2981 nos
1598 2923 1799 2994 transibimus,
1810 2921 1893 2977 conii-

185 3013 275 3068 1⁵³i³S
292 3013 433 3069 clamans:
454 3017 501 3070 Vae
514 3017 563 3085 aui
576 3015 699 3068 scribam
718 3014 873 3078 malitiam?
887 3011 1012 3066 serihen-
1027 3028 1052 3094 ρ
1067 3021 1168 3088 gurato
1180 3029 1298 3087 corpore
1314 3016 1397 3072 nobis
1411 3015 1510 3070 ellecto
1520 3014 1632 3084 corpori
1655 3011 1801 3068 claritatis
1820 3011 1890 3079 ejus.

185 3105 225 3156 tes
239 3103 320 3165 enim,
339 3103 474 3157 rrectithrm
485 3100 688 3174 scribant(lso.
706 3116 736 3166 x,
749 3117 799 3156 sec.
813 3100 904 3174 LXX).
921 3100 1013 3172 igitur

1067 3107 1203 3162 Praeterea
1213 3104 1338 3176 Cyrillus
1348 3104 1560 3160 Alexandrinus
1570 3099 1894 3173 propugnatorsincera

186 3189 311 3262 maligne
324 3204 357 3245 ac
370 3191 600 3263 tergiversatorie
612 3190 786 3261 apostolicas
797 3193 826 3245 et
840 3193 956 3245 caeteras
970 3201 1013 3243 sa·
1067 3194 1133 3250 fidei
1150 3198 1264 3264 nostras,
1283 3192 1438 3263 explanans
1458 3191 1541 3248 nobis
1557 3179 1638 3247 'inem
1659 3188 1783 3258 dietum,
1798 3185 1893 3243 galim

186 3291 242 3334 crae
253 3278 408 3350 Scripturae
426 3293 508 3336 voces
526 3280 709 3351 accipientes,
723 3277 860 3336 festinant
880 3290 1011 3349 magnum
1068 3285 1289 3354 interpretatur:
1308 3295 1371 3338 nam
1385 3281 1453 3352 quia
1469 3280 1562 3337 iactus
1576 3280 1714 3335 homoest
1725 3277 1893 3349 unigenitus

187 3367 291 3424 salutis
307 3373 410 3425 nostrae
422 3369 589 3440 mysterium
599 3367 827 3439 dispensationis
837 3366 946 3422 Christi
961 3364 1011 3420 Dei
1066 3372 1117 3427 Del
1128 3371 1261 3442 verbum,
1273 3373 1301 3425 et
1312 3369 1393 3425 radix
1412 3368 1524 3441 generis
1535 3367 1669 3438 apparuit
1683 3366 1822 3433 secunda,
1839 3376 1892 3418 non

188 3457 291 3529 nostri,
312 3471 362 3527 per
377 3471 460 3529 quem
475 3458 613 3527 redempti
635 3471 735 3513 sumus
749 3455 785 3511 ab
808 3468 903 3511 errore
916 3453 1014 3509 idolo-
1065 3460 1147 3529 juxta
1170 3460 1288 3528 primam
1306 3473 1368 3529 qum
1391 3461 1434 3514 est
1448 3471 1482 3512 ex
1496 3451 1893 3526 pdam‚sadinm0110ppbus

188 3560 262 3616 rum,
288 3550 455 3615 pervertere,
479 3551 508 3601 et
527 3546 601 3601 inse
622 3545 743 3616 gloriam
767 3541 939 3598 transferre:
964 3540 1011 3596 sed
1069 3545 1333 3616 incomparabiliter
1348 3545 1561 3617 intelligendam
1578 3550 1607 3599 et
1618 3543 1790 3599 existentem
1806 3546 1894 3596 trans·

189 3634 288 3690 nullus
309 3634 352 3688 eis
375 3633 468 3688 credit
485 3632 725 3687 Christianorum.
749 3628 1012 3686 Contltemurenim
1068 3632 1225 3689 formamur
1247 3633 1282 3689 ad
1297 3634 1395 3689 viram,
1420 3635 1480 3688 Non
1502 3633 1578 3688 enim
1595 3645 1695 3687 sumus
1713 3629 1770 3686 sup
1795 3634 1892 3694 morie,

190 3720 328 3790 universi,
354 3718 389 3774 ab
404 3731 500 3775 errore
520 3718 663 3775 idolorum
688 3723 716 3775 et
725 3718 760 3773 ab
781 3718 859 3774 omni
874 3715 1013 3787 religione

190 3808 291 3880 gentili
300 3806 446 3862 Christum
455 3819 552 3862 verum
560 3807 649 3862 Deum
659 3812 789 3864 nostrum
799 3805 827 3861 in
838 3802 1013 3875 proiectione

190 3908 252 3961 sua,
268 3908 324 3965 qua
339 3894 496 3950 secundum
506 3907 619 3950 carnem
632 3894 666 3950 ad
679 3907 731 3951 nos
742 3894 819 3949 venit
830 3907 885 3950 non
898 3892 1013 3962 penitus

1068 3722 1116 3778 sed
1130 3720 1184 3777 sub
1196 3722 1257 3792 ipso
1277 3722 1367 3777 Verbo
1387 3722 1461 3792 quod
1484 3727 1585 3777 cuncta
1602 3719 1743 3775 viviticat:
1760 3724 1789 3774 ει
1814 3730 1894 3772 nemo

1068 3816 1112 3867 est
1125 3811 1260 3882 incarne,
1279 3811 1372 3881 idest,
1387 3811 1417 3865 in
1432 3810 1599 3865 infirmitate
1617 3808 1737 3878 carnali,
1754 3806 1830 3878 qnod
1854 3809 1895 3860 est

1069 3900 1225 3969 corruptio.
1242 3901 1303 3955 Non
1327 3905 1421 3954 autem
1436 3899 1489 3954 boc
1511 3898 1585 3954 dicit
1608 3896 1725 3962 Paulus,
1743 3895 1821 3967 quod
1838 3905 1891 3948 non

189 3982 373 4038 abstraxisse.
399 3984 484 4039 Porro
503 3984 527 4039 si
553 3983 610 4054 ipsi
631 3984 684 4039 boe
704 3983 822 4038 minime
841 3980 1015 4037 confitentur
1069 3988 1109 4043 sit
1122 3988 1151 4042 in
1161 4001 1245 4043 carne
1256 3987 1398 4043 Christus.
1416 3988 1558 4043 Nametsl
1575 3986 1658 4056 dicit,
1670 3987 1811 4042 Neminem
1824 3984 1895 4036 noni-

190 4069 281 4126 luisse
306 4068 422 4141 iactum,
447 4084 497 4126 nec
524 4070 740 4139 contessionem,
763 4084 813 4126 nec
838 4070 1013 4127 vocationem
1068 4093 1128 4131 mus
1143 4077 1420 4139 secundumcamm
1432 4090 1487 4132 110„
1504 4081 1596 4132 gamen
1610 4075 1664 4131 boc
1678 4073 1845 4146 significan
1861 4070 1895 4125 sp.

190 4158 253 4227 eius
266 4157 379 4214 babent.
401 4159 479 4215 Unde
494 4160 630 4216 adversus
643 4174 692 4216 eos
704 4159 857 4232 Apostolus
872 4159 914 4214 ait
925 4176 931 4211 :
944 4157 1016 4223 Quid
1071 4166 1186 4236 quidem
1200 4166 1341 4236 ql0m0p0
1356 4170 1487 4222 mol-tuus
1497 4166 1561 4221 esp?
1576 4165 1628 4220 h00
1642 4163 1719 4219 enim
1734 4161 1834 4218 „amis
1848 4161 1895 4215 pn.

191 4248 263 4302 enim
278 4247 369 4306 libes·
381 4249 455 4316 diwd
464 4265 519 4303 ἢθη
532 4247 711 4320 αθΰφὶδίίἳῌ
722 4248 781 4303 Cot·
792 4247 842 4319 nv.)
855 4247 891 4302 Ᾱῐ
901 4246 925 4302 Si
942 4259 1017 4302 ³⁰⁰0·
1071 4253 1193 4310 firmitas
1216 4260 1267 4310 est.
1285 4255 1358 4326 Ergo
1378 4254 1453 4326 quod
1473 4255 1556 4323 dicit,
1581 4253 1634 4309 hoc
1648 4258 1691 4307 εει
1704 4253 1843 4307 :Factum
1855 4253 1895 4305 est

195 4341 307 4407 perunt,
323 4335 401 4392 illam
413 4337 636 4408 redemptionem
648 4337 779 4393 contlteri
798 4336 965 4407 debuerant,
989 4339 1017 4390 et
1030 4365 1057 4426 D
1070 4356 1136 4399 cam
1146 4342 1279 4413 verbum,
1295 4349 1324 4398 ee
1334 4357 1384 4412 pro
1399 4343 1655 4399 0mnppusn10rtua
1673 4345 1736 4395 esa:
1755 4345 1784 4395 ει
1796 4339 1840 4394 sic
1855 4352 1895 4394 cm

192 4424 498 4499 suscipereimagines,
512 4425 848 4498 quaesuntecciesiustici
860 4425 974 4481 decoris
986 4424 1016 4479 in
1071 4431 1222 4502 gnovimus
1240 4445 1303 4487 eum
1326 4432 1482 4488 secundum
1507 4443 1630 4499 carnem,
1650 4433 1849 4484 verumtamen
1863 4439 1895 4481 ex

191 4516 340 4573 oculorum
356 4523 501 4587 aspectum
529 4517 612 4573 nobis
635 4516 749 4588 edoctae,
767 4521 796 4572 ει
818 4515 1017 4571 enarrationes

191 4605 361 4677 evangelicae
375 4618 425 4675 per
450 4618 498 4661 eas
518 4605 547 4661 in
563 4608 671 4660 mentes
689 4611 802 4661 nostras
816 4609 970 4674 assumptae
987 4603 1016 4659 in

190 4694 488 4750 commemorationem
505 4698 534 4749 et
546 4693 712 4751 relationem
736 4694 905 4767 evangelicae
921 4693 1017 4747 bisto-

191 4781 253 4853 riae,
275 4782 362 4839 sicuti
377 4783 509 4839 crebrius
530 4782 639 4840 dictum
660 4791 713 4840 est.
737 4783 919 4853 thuoniam
943 4781 1021 4859 alias

191 4883 305 4941 quoque
315 4871 487 4941 apostolicas
498 4887 580 4929 voces
598 4877 769 4944 proponunt,
786 4874 930 4930 dicentes:
944 4873 979 4926 Et
993 4875 1017 4926 st

191 4974 351 5015 noveramus
369 4960 505 5016 Christum
525 4963 674 5018 secundum
688 4979 806 5027 carnem,
822 4964 870 5018 sed
879 4965 1017 5032 nuncjom

162 5101 165 5106 .
191 5064 246 5104 non
272 5052 411 5106 novimus:
426 5067 478 5122 per
499 5052 579 5122 tidem
605 5054 676 5107 enim
697 5053 880 5116 ambulamus,
902 5068 956 5106 non
967 5069 1019 5123 per

192 5141 306 5210 spectem
320 5136 433 5210 (litor.
448 5139 545 5213 v):in
566 5142 691 5197 medium
719 5139 896 5211 proleramus
916 5141 1017 5197 barum

193 5228 363 5298 interpretes
373 5234 401 5284 et
412 5230 564 5301 magistros
580 5231 769 5302 magnivocos.
786 5230 908 5285 loannes
921 5231 1018 5301 itaque

193 5318 242 5387 oui
259 5316 420 5389 fulgentius
431 5332 502 5375 auro
516 5325 544 5374 et
554 5319 649 5389 lapide
664 5320 792 5389 possidet
805 5318 1011 5395 magisterium,

194 5408 385 5478 interpretans
400 5407 529 5478 apostoli
542 5409 736 5479 dictumquod
750 5408 809 5464 ait:
826 5411 1019 5478 ltoqnerahoc

191 5515 241 5557 nos
262 5504 395 5558 neminem
418 5501 541 5555 novimus
560 5499 709 5554 secundnm
731 5515 849 5556 comem.
872 5504 908 5559 Et
925 5505 950 5558 si
970 5519 1018 5558 eo-

1072 4521 1125 4576 boe
1134 4521 1192 4589 lam
1209 4534 1263 4576 non
1284 4522 1424 4578 novimus.
1438 4524 1507 4577 Nam
1526 4525 1555 4577 et
1576 4521 1600 4577 si
1616 4527 1659 4576 est
1677 4532 1756 4574 nunc
1771 4519 1801 4575 in
1814 4528 1897 4573 carne

1070 4610 1243 4682 (resurrexit
1255 4611 1331 4667 enim
1346 4612 1431 4668 tertio
1442 4611 1499 4683 die,
1510 4618 1538 4667 et
1549 4609 1716 4667 ascenditin
1726 4608 1836 4681 coelos)
1849 4606 1894 4662 sed

1071 4712 1158 4769 supra
1172 4712 1284 4754 carnem
1301 4698 1484 4772 intelligitur.
1506 4701 1566 4754 Non
1586 4699 1661 4754 enim
1674 4698 1734 4767 jam
1762 4697 1893 4762 moritur,

1073 4803 1163 4860 neque
1177 4789 1264 4847 aliam
1279 4790 1405 4860 aliquam
1418 4788 1515 4844 carnis
1539 4786 1736 4842 infirmitatem
1761 4785 1892 4850 sustinet,

1073 4880 1121 4936 sed
1139 4880 1185 4936 his
1197 4879 1331 4936 omnibus
1345 4884 1389 4934 est
1404 4878 1499 4949 potior
1517 4882 1651 4946 mnquam
1675 4875 1763 4929 Deus.
1788 4871 1894 4928 Videtis

1072 4980 1150 5039 ergo,
1166 4967 1333 5037 adversarii,
1356 4967 1424 5037 quia
1446 4978 1501 5021 non
1517 4963 1610 5021 solum
1629 4961 1804 5033 apostolicas
1818 4971 1896 5014 voces

1074 5057 1246 5128 pervertitis,
1265 5057 1313 5112 sed
1333 5055 1441 5112 sanctis
1462 5054 1595 5111 Patribus
1618 5047 1896 5118 adversamint.1psi

1073 5147 1148 5202 enim
1165 5158 1215 5214 per
1229 5145 1352 5200 antelata
1371 5145 1448 5200 dicta
1459 5144 1606 5199 Christum
1621 5141 1809 5212 passionibus
1824 5140 1899 5196 libe-

1074 5238 1166 5289 ratum
1193 5239 1256 5302 post
1276 5233 1512 5289 resurrectionem
1536 5231 1700 5301 ostendunt,
1723 5235 1753 5285 et
1769 5243 1823 5285 nos
1846 5229 1900 5283 do-

1073 5331 1138 5381 cent
1152 5329 1285 5393 tanquam
1307 5320 1467 5379 conlormes
1484 5322 1597 5378 ellectos
1622 5321 1736 5390 corpori
1757 5317 1901 5376 claritatis

1073 5416 1145 5485 ejus,
1175 5427 1231 5468 non
1264 5413 1420 5468 secundum
1449 5424 1560 5467 carnem
1590 5410 1749 5481 ambulare,
1787 5411 1817 5466 id
1848 5415 1900 5480 est,

1074 5517 1131 5561 non
1147 5501 1249 5560 sectari
1276 5502 1405 5557 carnales
1426 5502 1594 5573 voluptates.
1621 5500 1709 5556 Porro
1734 5514 1785 5557 vos
1809 5503 1904 5560 vesti-
