3876 6090
112 245 152 305 97
475 243 749 304 INTERPRIIIATlO
767 243 891 301 SYNODI
911 243 972 300 VIII
989 241 1190 337 GENIIRALIS.
1204 274 1241 287 -
1259 245 1361 304 ACTIO
1378 248 1423 303 vl.
1744 246 1781 308 ω

111 371 239 428 Ecclesia
251 384 316 428 esse
327 371 499 443 disjunctos.
514 373 675 429 Novissima
690 372 758 428 bora
770 376 865 455 estet
874 368 921 438 iu·
932 368 961 428 A
974 368 1164 436 obsecrantes,
1177 375 1318 442 rogantes,
1336 377 1364 427 et
1379 384 1462 427 omne
1481 370 1629 443 ingenium
1649 388 1779 432 commo-

111 460 167 515 dea
181 473 236 530 pre
249 458 366 517 loribus
380 467 433 530 est,
447 460 572 529 iratres3
587 477 621 520 ue
636 476 865 533 praeoccupemur
884 460 920 516 ab
975 465 1071 516 ventes
1084 460 1117 514 ad
1132 459 1280 529 spiritales
1296 466 1392 529 patres
1405 464 1527 529 nostros,
1545 465 1574 516 ct
1589 461 1776 533 patriarchas,

111 551 177 620 ejus
190 550 315 606 Ecclesia
328 553 511 623 sequestrati,
525 560 552 609 et
573 553 654 624 longe
667 552 702 608 ab
725 550 806 607 illius
827 549 919 622 gloria
976 549 1256 620 utdispensentquid
1266 562 1364 606 eorum
1378 564 1440 620 quae
1452 549 1552 606 insunt
1561 549 1657 607 animo
1668 559 1778 609 vestro:

114 639 312 709 projiciamur.
326 640 408 696 Nibil
417 647 499 711 turpe
509 642 649 699 ducamus
659 641 819 711 passionem
831 640 921 697 mani·
976 642 1086 694 tantum
1097 651 1131 692 ne
1142 642 1350 694 temerecontra
1362 637 1483 694 salutem
1492 644 1612 694 vestram
1624 641 1727 711 agatis,
1736 654 1781 696 ne·

112 725 226 800 instare,
237 733 267 784 et
276 729 385 786 vulnus
392 732 550 799 ostendere,
558 746 590 788 ac
600 732 693 787 locuni
702 730 920 800 poenitentieac
981 741 1036 798 que
1050 726 1238 797 perditionem
1254 732 1375 782 vestram
1389 727 1620 797 amplectamini3
1634 728 1779 786 nonenim

111 816 263 873 medicinae
273 819 432 890 requirere,
444 825 530 890 atque
542 821 619 876 lutra
628 820 736 876 atrium
745 818 918 876 salvantium
978 821 1022 872 est
1033 821 1144 885 tempus
1152 816 1185 871 ad
1199 814 1396 886 paenitentiam
1407 822 1435 872 et
1448 815 1637 887 receptionem
1648 817 1780 888 praesenti

110 905 185 973 beri,
201 919 237 963 ne
251 905 451 965 confusionem
461 909 654 966 obedientiam
665 908 843 981 arbitrando,
857 922 922 965 con·
979 905 1142 975 acceptius:
1158 904 1207 974 qui
1222 917 1344 975 namque
1356 905 1442 970 bodie
1455 904 1545 977 ligare
1557 920 1590 961 ac
1602 906 1712 965 solvere
1724 908 1781 964 Eo-

110 991 754 1069 iusionisaeternaesumamuseuperimentum.
767 997 922 1068 Qualisau·
976 993 1071 1050 clesiae
1086 992 1200 1065 negotia
1216 997 1347 1066 possunt,
1364 1000 1467 1064 praesto
1480 998 1556 1053 sunt.
1573 995 1717 1055 Dimittite
1731 997 1782 1054 im-

109 1088 167 1140 tem
179 1092 209 1142 et
222 1090 268 1141 est
279 1083 423 1159 coniusio,
439 1087 550 1159 iratres,
571 1089 720 1159 procidere
731 1087 799 1159 Deo,
823 1092 851 1142 et
869 1102 922 1142 ve-
977 1089 1099 1153 portuno
1113 1088 1224 1154 tempus
1235 1081 1393 1154 explorare,
1407 1091 1436 1142 et
1447 1099 1542 1143 rerum
1552 1085 1780 1146 immutationem

110 1175 188 1232 niam
200 1182 334 1248 expetere
345 1179 499 1236 :licoenim
513 1178 736 1251 procidunt,qui
750 1176 883 1234 Ecclesiae
893 1181 922 1233 et
976 1180 1219 1248 exspectareque
1229 1175 1288 1234 etsi
1300 1176 1697 1251 bataliquando,nibilvobis
1708 1193 1781 1237 ocn-

111 1265 683 1338 spiritalibusistispatribusprocidunt.
703 1265 922 1337 confusioqui-
977 1262 1056 1320 ieret.
1076 1265 1197 1336 Etenim,
1213 1266 1266 1322 etsi
1282 1267 1340 1323 alia
1364 1273 1476 1337 tempus
1498 1267 1702 1342 immutaverit,
1728 1269 1781 1326 boc

112 1355 176 1411 dem
188 1354 919 1428 reveraost,etmaxinuspudor,inoverolabeum
975 1367 1150 1410 commovere
1164 1367 1217 1410 non
1245 1355 1349 1425 poterit
1361 1372 1369 1426 3
1382 1369 1446 1411 nam
1463 1356 1488 1412 si
1512 1356 1589 1413 actio
1612 1357 1699 1414 unius
1722 1358 1780 1415 viri

108 1443 278 1513 dimicatio,
295 1445 371 1502 nolle
384 1459 618 1516 unumquemque
629 1445 776 1517 proprium
789 1441 919 1501 confiteri
975 1441 1292 1499 vestrinilrationabilc
1302 1443 1493 1514 babens,cum
1504 1450 1685 1502 totacrronea
1694 1456 1779 1520 esset,

112 1538 274 1605 peccatum,
285 1540 315 1591 et
326 1534 477 1592 humiliari
492 1540 607 1605 propter
617 1535 775 1606 Christum,
789 1539 817 1589 et
830 1533 921 1589 lucra·
953 1587 956 1592 ,
976 1534 1087 1586 tantuna
1098 1536 1198 1588 estun
1212 1537 1326 1602 operata
1339 1538 1392 1602 est,
1408 1538 1440 1589 ut
1459 1533 1536 1589 bunc
1550 1533 1599 1589 vix
1612 1548 1645 1591 ac
1659 1534 1781 1594 diiiicile

111 1621 136 1676 ri
149 1628 215 1679 etse
224 1623 376 1681 etmultos.
385 1625 415 1680 Si
426 1630 520 1681 autem
529 1625 647 1682 omnino
658 1625 710 1681 boc
720 1622 917 1681 confusionem
975 1622 1133 1680 dissolvere
1144 1623 1322 1695 quiverimus
1334 1642 1342 1694 3
1353 1625 1505 1694 actionem,
1515 1623 1563 1681 dic
1572 1626 1655 1698 mibi,
1668 1629 1782 1698 etjudl·

110 1710 312 1782 arbitramini,
324 1728 385 1786 ego,
397 1715 445 1771 cui
460 1716 574 1786 imperii
590 1714 771 1786 superposita
785 1721 829 1770 est
840 1728 919 1771 coro·
931 1700 960 1764 B
974 1711 1182 1784 ciumquatuor
1189 1712 1424 1783 patriarchalium
1433 1713 1544 1771 sedium
1553 1714 1781 1786 quisdissolvere

111 1812 155 1870 na,
168 1798 264 1858 iorma
278 1802 361 1858 vobis
374 1802 484 1861 eiliciar
498 1805 585 1875 liujus
595 1805 709 1876 optime
725 1803 913 1861 humilitatis:
974 1802 1102 1874 poterit?
1113 1802 1154 1858 ad
1164 1815 1247 1873 quem
1261 1802 1336 1857 enim
1350 1800 1505 1874 effugietis,
1521 1803 1694 1861 solutionem
1708 1806 1780 1863 obli-

108 1902 170 1961 ego,
182 1890 234 1960 qui
243 1890 789 1965 imperitus,etinsipienssum,bonum
798 1893 915 1949 initium
972 1889 1096 1964 gamenti
1108 1894 1233 1961 petentes
1244 1889 1305 1946 laid
1314 1890 1470 1946 Romanum
1480 1891 1628 1961 presulem
1640 1891 1782 1952 iseddne·

107 1992 154 2035 ero
164 1985 307 2051 uestrum,
322 1981 373 2052 qui
394 1981 538 2050 sapientes
559 1982 630 2040 estis
640 1988 667 2039 et
686 1981 758 2039 clari
773 1982 915 2040 scientia:
971 1985 1113 2036 tenusvos
1125 1979 1333 2035 condemnavit.
1348 1978 1389 2034 bd
1402 1978 1616 2038 antiochenum
1627 1981 1641 2035 ‘i
1653 1981 1701 2038 sed
1716 1996 1781 2039 con·

108 2067 157 2137 qui
172 2069 204 2124 in
221 2069 348 2138 peccatis
361 2069 506 2126 volutatus
519 2085 594 2142 sum,
613 2071 724 2142 primus
736 2073 816 2130 vobis
832 2078 917 2144 typus
971 2073 1124 2126 sentaneus
1134 2069 1260 2124 Romano
1276 2073 1304 2124 et
1323 2081 1467 2125 consonus
1475 2067 1575 2126 ,iactus
1587 2074 1639 2126 est.
1653 2070 1695 2127 dd
1709 2071 1781 2127 llic-

109 2155 184 2225 iam,
198 2158 363 2229 quimnndi
380 2159 461 2229 estis,
473 2165 501 2215 et
514 2159 617 2216 virtuti
630 2175 743 2230 operam
756 2161 848 2218 datis:
865 2177 917 2234 ego
972 2157 1221 2229 rosolymitanum,
1236 2156 1277 2211 vel
1298 2156 1526 2212 Alexandrinum
1537 2157 1551 2211 ‘i
1562 2158 1611 2214 sed
1627 2163 1656 2214 et
1670 2158 1715 2216 illi
1730 2174 1781 2216 ve-

109 2245 221 2314 primus
233 2252 337 2304 memet
354 2263 443 2319 super
457 2251 649 2321 pavimentum
664 2252 796 2323 projicio,
812 2268 918 2323 purpu-
972 2246 1225 2303 straedamnationi
1242 2250 1459 2302 consenserunt.
1470 2243 1568 2302 dtetsi
1582 2248 1716 2305 tbronum
1729 2247 1781 2305 ali-

110 2335 357 2393 rametdiadema
379 2337 596 2410 parvipendens.
620 2341 816 2399 Ascenditead
831 2355 917 2414 genas
973 2336 1087 2408 quando
1119 2333 1470 2404 constantinopolitanum
1499 2342 1602 2393 cuncta
1628 2337 1780 2394 destruens

111 2436 195 2493 neos,
207 2430 238 2480 et
253 2439 302 2494 per
313 2426 415 2485 oculos
441 2443 516 2486 meos
539 2430 674 2498 incedite,
703 2445 753 2487 nec
777 2431 917 2501 reputetis
974 2423 1177 2495 tempusvobis
1187 2423 1374 2495 commiserit,
1387 2429 1415 2479 et
1426 2438 1475 2495 per
1485 2425 1673 2495 vosmetipsos
1683 2440 1782 2483 conve·

110 2525 244 2584 magnum
257 2513 442 2584 imperatoris
452 2518 709 2591 calcarescapulas,
726 2533 816 2592 neque
826 2533 918 2576 verca-
972 2514 1036 2570 nire
1049 2513 1216 2583 volueritis3
1238 2512 1305 2584 quis
1328 2527 1377 2568 vos
1400 2513 1560 2583 sequetur?
1579 2514 1621 2570 vel
1636 2516 1779 2585 quomodo

110 2599 178 2655 mibi
191 2600 318 2670 pedibus
330 2608 446 2677 tangere
456 2608 600 2679 verticem,
609 2608 917 2679 quisupcrimponitur
975 2602 1087 2672 aperire
1097 2602 1209 2671 oculos,
1223 2607 1251 2657 et
1261 2601 1388 2672 aspicere
1399 2603 1560 2673 quempiam
1575 2604 1717 2674 poteritis,
1730 2604 1783 2661 im-

109 2689 192 2746 ³D00
202 2687 313 2748 donata
325 2706 443 2750 corona.
455 2696 558 2753 Omnia
571 2698 630 2768 pati
639 2702 801 2768 promptum
816 2697 914 2768 babeo,
973 2691 1091 2764 pugnati
1102 2689 1523 2747 abomnibussacerdotibusac
1534 2692 1778 2761 patriarchalibus

110 2781 135 2832 el
146 2780 317 2849 promptius
326 2794 480 2855 agereqnae
490 2783 571 2842 vobis
579 2786 696 2858 quidem
706 2785 916 2860 confusionem,
972 2779 1091 2837 sedibus
1100 2779 1114 2833 ‘i
1123 2780 1249 2850 Neergo,
1262 2775 1375 2850 iratres,
1388 2778 1445 2849 ipsi
1455 2793 1506 2835 vos
1518 2779 1705 2852 decipientes,
1716 2787 1783 2839 tem.
1850 2812 1853 2822 ·

111 2867 180 2923 mibi
190 2870 611 2943 autemgloriametmaximam
624 2875 919 2933 claritatemconierre
973 2883 1027 2939 pus
1042 2868 1146 2925 salutis
1158 2873 1257 2924 vestrae
1272 2866 1418 2937 perdatis:
1435 2868 1614 2938 nequeenim
1629 2870 1685 2926 tale
1699 2870 1783 2926 inve-

111 2956 271 3017 rideantur.
287 2961 386 3032 Neque
398 2963 476 3018 enim
490 2962 520 3019 in
534 2964 587 3020 boc
601 2976 698 3021 curam
723 2978 790 3036 gero
815 2965 915 3038 glorie
974 2960 1244 3033 nietisaliquando3
1266 2961 1314 3016 sed
1340 2959 1526 3030 importunas
1547 2963 1745 3021 contentiones
1754 2967 1783 3020 et

111 3059 193 3118 mea3
206 3053 334 3121 tantum,
349 3055 381 3106 nt
394 3050 503 3108 videam
516 3052 761 3125 communionem,
778 3054 918 3110 unitatem
934 3037 960 3102 G
974 3050 1184 3108 obstinationes
1198 3050 1523 3120 deserentes,communi
1532 3051 1785 3110 medelaeoccurrl-

111 3139 238 3194 etonem
257 3137 393 3195 Ecclesiae
415 3137 619 3212 festivitatem3
633 3146 744 3198 tantum
758 3156 793 3198 ne
816 3142 919 3199 anime
974 3145 1012 3212 te,
1023 3145 1050 3196 et
1061 3139 1210 3196 medicine
1220 3138 1378 3194 remedium
1396 3139 1513 3212 sumite,
1524 3153 1557 3195 ac
1567 3140 1708 3197 adhaerete
1718 3141 1784 3212 spi-

112 3224 314 3284 detrimentum
330 3229 433 3299 patiar,
448 3233 477 3285 et
491 3231 616 3302 gaudeat
629 3245 715 3301 super
736 3245 780 3288 me
793 3231 842 3287 ille
855 3245 920 3288 om·
976 3229 1054 3285 ritali
1066 3228 1155 3298 capiti
1165 3233 1270 3298 vestro,
1281 3231 1309 3282 et
1319 3226 1451 3283 Ecclesiae
1463 3228 1514 3283 bei
1525 3230 1784 3287 communicatores

117 3314 193 3371 nium
207 3315 351 3373 inimicus
367 3317 502 3376 diabolus
523 3320 666 3390 captivum
688 3334 813 3377 sumens.
839 3319 918 3389 Quod
976 3322 1065 3374 estote
1077 3336 1084 3375 r
1097 3317 1296 3373 utetcrimine
1307 3315 1465 3385 exuamini,
1479 3321 1508 3372 et
1523 3318 1611 3374 Deum
1624 3319 1783 3388 propitium

113 3403 180 3459 mibi
195 3404 425 3463 desiderandum
438 3413 491 3477 est,
517 3413 629 3464 tantum
649 3409 709 3479 spei
731 3421 798 3464 mee
812 3408 921 3477 lampas
978 3401 1784 3477 babeatis,acEcclcsiamlatidcetis,imperiumquenos

71 3498 75 3513 ·
115 3491 255 3563 insperate
265 3509 323 3551 non
339 3497 550 3569 exstinguatur,
575 3511 624 3567 per
646 3511 730 3569 quam
751 3495 921 3554 festinabam
979 3499 1054 3551 trum
1064 3494 1208 3551 exsultare
1218 3508 1250 3550 ac
1259 3495 1436 3565 spiritaliter
1445 3494 1629 3551 festivitatem
1640 3495 1784 3553 celebrare

111 3582 234 3639 omnium
249 3583 396 3641 illustrari
413 3585 513 3642 laetitia
528 3586 660 3643 simulet
678 3588 798 3660 gaudio.
820 3587 923 3644 Nescio
979 3581 1102 3655 iacietis,
1135 3587 1220 3654 atque
1246 3583 1450 3655 rempublicam
1478 3582 1641 3639 universam
1676 3584 1783 3655 gaudio

112 3671 179 3739 quod
196 3678 261 3728 erat
276 3676 464 3747 satagendum
478 3680 506 3731 et
527 3673 720 3749 eliciendum,
736 3684 764 3733 et
778 3691 833 3734 non
849 3675 922 3742 iecig
981 3676 1104 3732 maximo
1112 3689 1144 3732 ac
1155 3675 1284 3747 tripudio
1293 3676 1427 3746 repleatis
1439 3693 1447 3746 3
1457 3688 1508 3732 nec
1517 3689 1573 3731 non
1583 3676 1649 3732 etin
1659 3690 1785 3734 commu-

114 3759 152 3815 vcl
164 3764 667 3833 quosproponendosadmonitionis
680 3766 924 3837 etdeprevationis
981 3765 1010 3821 ni
1021 3779 1120 3820 omnes
1130 3765 1331 3821 benedicamus
1342 3764 1449 3835 pariter
1462 3764 1583 3821 Domino
1595 3765 1694 3838 glorie
1712 3781 1784 3824 uos-

115 3861 256 3908 sermones
271 3866 331 3909 non
347 3854 503 3924 proposui,
526 3869 575 3911 vos
586 3854 621 3910 de
640 3861 742 3912 caetero
765 3855 921 3924 videbitis;
978 3858 1040 3927 trae,
1049 3860 1077 3910 et
1090 3853 1216 3925 principi
1229 3853 1318 3925 pacis,
1339 3858 1368 3910 et
1379 3853 1491 3911 auctori
1511 3854 1640 3924 dispersa
1661 3869 1784 3928 congre-

114 3941 245 4003 innocens
256 3947 337 4004 enim
351 3962 417 4004 sum
434 3962 450 4004 a
464 3949 628 4020 perditione
641 3956 742 4009 vestra.
757 3950 787 4006 Si
806 3965 871 4007 vero
886 3949 921 4005 ad
977 3944 1068 4017 gand,
1081 3949 1110 3999 et
1121 3942 1191 3999 bene
1218 3943 1375 4013 coaptanti,
1401 3942 1658 3999 intercessionibus
1679 3949 1784 4001 sanctae

115 4045 242 4106 magnum
255 4040 286 4091 et
299 4035 474 4094 horrendum
488 4038 559 4095 illud
574 4038 723 4108 judicium
745 4038 850 4096 iuturae
860 4038 920 4094 diei
976 4032 1104 4091 Dominae
1111 4031 1161 4087 Dei
1171 4030 1333 4104 genitricis,
1341 4031 1598 4088 Deumvidentium
1605 4032 1782 4106 angelorum,

115 4135 156 4180 vos
167 4124 336 4198 remittitis,
350 4127 434 4197 quasi
455 4141 506 4198 pro
526 4127 608 4184 vobis
629 4128 769 4185 rationem
788 4128 920 4200 daturos,
975 4121 1143 4178 elomnium
1158 4125 1334 4178 sanctorum·
1351 4120 1449 4176 Amen·

117 4214 448 4286 noscitequiabenenovi
459 4217 533 4288 quod
546 4217 922 4287 nullusvobisjustitiaeser·
1010 4216 1045 4270 Et
1055 4220 1119 4286 post
1126 4210 1277 4272 lectionem
1288 4212 1651 4271 ascendensibeodorusa
1664 4213 1783 4272 secretis

117 4304 225 4361 mesine
236 4304 287 4360 bic
300 4305 391 4376 adest,
405 4305 465 4362 sive
479 4305 724 4374 illicaderit,nisi
736 4312 874 4378 quantum
889 4308 919 4363 in
974 4303 1149 4361 vicariorum
1162 4301 1286 4360 senioris
1300 4301 1403 4373 Rome,
1434 4301 1521 4373 legit:
1546 4303 1617 4358 Ecce
1640 4304 1782 4374 quomodo

115 4391 159 4448 bac
170 4393 372 4451 controversia
385 4394 530 4452 inventum
541 4395 695 4452 exstiterit.
708 4397 810 4454 Verum
821 4397 846 4454 si
860 4398 920 4454 vul·
935 4396 962 4459 D
975 4394 1176 4451 sanctissimus
1186 4390 1450 4448 ethristiamious
1460 4390 1625 4462 imperator,
1635 4391 1778 4449 divinitus

114 4480 148 4537 tis
157 4486 264 4538 etante
275 4482 350 4540 illud
363 4484 508 4553 judicium
523 4485 706 4542 conscientie
718 4490 818 4542 vestrae
832 4486 919 4542 inter·
973 4482 1031 4540 sibi
1044 4496 1177 4539 concesso
1191 4479 1322 4552 imperio,
1334 4493 1389 4535 non
1399 4479 1461 4536 vult
1473 4479 1566 4550 perire
1578 4492 1662 4535 unam
1674 4494 1779 4538 ovema

115 4571 918 4646 rogarejudicium,discetisanpliusnibil,quamquod
972 4573 1087 4629 Christo
1104 4572 1161 4629 sibi
1188 4572 1218 4627 in
1243 4570 1406 4627 custodiam
1428 4568 1577 4640 creditam,
1604 4567 1779 4627 transierens

114 4655 146 4712 ab
157 4659 284 4730 imperio
300 4664 399 4717 nostro
411 4661 529 4717 dicitur.
542 4664 680 4733 Deponite
696 4663 787 4735 igitur
806 4669 920 4720 conten-
973 4661 1326 4731 onneexsilinm,0mnem
1338 4657 1553 4715 tribulationem
1567 4663 1712 4715 etomnem
1723 4672 1780 4716 an-

113 4745 227 4819 tionem,
240 4746 356 4820 iratres,
377 4753 406 4806 et
420 4751 558 4807 resumite
569 4766 693 4809 amorem
707 4750 914 4809 fraternitatis:
974 4752 1099 4827 gustiam
1118 4751 1147 4806 in
1169 4748 1394 4805 admonitionem
1409 4753 1437 4804 et
1451 4761 1580 4820 precem3
1607 4761 1679 4819 quas
1708 4763 1779 4806 san-

113 4834 200 4909 ingite
222 4839 446 4911 dissensionem,
473 4845 502 4897 ct
525 4841 664 4899 unlmtem
685 4840 892 4912 amplectimini
905 4860 912 4913 3
972 4841 1096 4899 ctissimi
1108 4839 1209 4896 vicarii
1223 4843 1251 4896 et
1264 4837 1360 4894 iideles
1372 4837 1505 4894 Ecclesiae
1517 4837 1568 4894 Dei
1581 4844 1696 4909 propter
1709 4838 1780 4895 Pho

110 4927 205 4986 odium
219 4929 353 5000 avertite,
376 4935 405 4987 ct
427 4930 614 4988 dilectionem
637 4930 665 4986 in
687 4931 756 4988 sinu
777 4930 915 5000 recipite:
973 4931 1047 4988 tium
1069 4930 1228 4986 invasorem
1251 4932 1280 4984 et
1309 4932 1472 4999 tyrannum,
1503 4940 1559 4983 non
1584 4926 1778 4998 suscipientes
1824 4940 1829 4953 ·

112 5024 181 5076 state
191 5033 260 5077 cum
273 5017 488 5090 probabilibus,
497 5023 525 5076 et
532 5019 621 5091 capiti
632 5019 843 5092 conjungimini
857 5038 864 5091 3
879 5034 920 5076 re·
973 5033 1049 5090 eum,
1062 5017 1186 5089 perpessi
1200 5022 1267 5073 sunt
1279 5034 1285 5070 :
1299 5016 1346 5072 sed
1358 5015 1462 5072 invitat
1471 5029 1521 5072 vos
1533 5021 1564 5072 ut
1586 5030 1671 5073 verns
1683 5020 1779 5086 pastor

111 5107 917 5183 cipiteperpatientiamdivinaeconmunionisgratlam,
973 5111 1007 5166 ad
1028 5108 1173 5164 mandram
1197 5104 1414 5162 rationabilium
1438 5105 1545 5178 ovium,
1560 5108 1780 5176 quatenusante

110 5197 508 5256 etnibilobsaeculaviasitis
523 5197 654 5255 solliciti.
668 5197 916 5268 Suntenimapud
973 5194 1417 5267 tribunaleristidignevaleat
1439 5194 1552 5250 dicere:
1580 5195 1657 5258 Ecce,
1685 5195 1778 5257 Pater,

111 5287 422 5358 compatientissimum
431 5286 585 5358 imperIum
601 5292 732 5344 nostrum
754 5287 920 5357 susceptio-
972 5304 1039 5360 quos
1049 5287 1150 5342 dedisti
1159 5288 1235 5349 mim,
1247 5302 1301 5340 non
1307 5286 1419 5357 perdidi
1429 5301 1463 5341 ce
1469 5288 1507 5341 eis
1516 5301 1678 5356 quemquam
1689 5282 1777 5355 (Joan.

113 5390 175 5433 num
185 5378 265 5436 modi
274 5377 547 5450 diversis,perquos
557 5376 784 5448 consolabimur,
793 5376 919 5434 etinces·
972 5378 1065 5452 xvia).
1078 5377 1177 5435 Videte
1190 5383 1325 5448 quantam
1338 5376 1555 5450 benignitatem,
1570 5382 1705 5447 quantam
1721 5374 1779 5429 mi-

113 5472 454 5543 ranter,quaesecundum
461 5470 850 5542 secuiunvobisopportuna
860 5468 919 5527 ine
972 5467 1169 5539 sericordiam‚
1181 5471 1316 5537 quanam
1326 5465 1552 5536 compassionem
1562 5464 1643 5521 vobis
1652 5464 1702 5519 dat
1714 5481 1721 5533 3
1733 5462 1779 5517 de

114 5561 177 5636 rint,
186 5561 343 5634 iaciemus,
353 5559 913 5635 rursusquemultimodedecertabtnus,
973 5556 1168 5619 sideratenim
1190 5568 1240 5613 vos
1258 5556 1293 5612 ad
1316 5555 1413 5613 sinum
1437 5559 1542 5612 sancte
1562 5549 1778 5610 communionis
