3876 6090
177 232 212 292 49
763 225 944 284 nuhsiasu
965 224 1241 286 umhlouulmnnu
1792 228 1828 286 90

178 364 300 436 sbytero,
323 374 420 418 verum
441 360 526 417 etiam
552 373 602 429 per
623 358 752 417 divinam
776 358 975 416 revelationem
987 347 1017 409 Α
1033 361 1154 432 accepit,
1170 361 1291 417 Paulum
1307 338 1407 418 scilcet
1422 359 1660 431 Populoniensem
1677 366 1705 415 et
1720 361 1831 416 Formo

180 454 339 511 instructus
351 468 359 521 ς
372 464 435 521 quae
447 451 490 506 sic
505 455 666 519 temporum
684 448 851 520 qualitatem
863 448 979 504 disere-
1033 464 1098 507 sum
1111 453 1309 522 portuensem,
1320 454 1425 507 sanctae
1437 449 1664 506 conversationis
1673 449 1829 505 antistites.

121 594 125 603 .
178 544 230 613 vit,
247 547 280 598 ut
299 545 440 612 postrema
455 541 485 596 in
502 540 626 610 priorem
647 537 815 595 reioimaret
829 542 934 594 statum
950 543 979 594 et
1033 540 1089 611 Qui
1104 542 1138 597 ad
1158 541 1315 610 principem
1331 541 1536 611 pervenientes,
1553 543 1697 610 totamque
1708 541 1764 608 jam
1780 553 1833 594 me

179 632 319 691 ordinem.
337 632 407 686 Nam
421 633 479 686 tota
495 628 649 699 Dardania,
662 628 819 699 Thessalia,
838 627 935 700 Dacia,
951 633 979 683 et
1035 631 1404 701 moratoruml'ulgarorum
1416 630 1728 700 patriamcujussopra
1739 634 1833 698 partes

181 717 859 791 utraqueEpirus,atquecateraeregionesjuxta
874 719 977 773 istrum
1033 719 1329 791 commemoravimus,
1355 724 1553 791 peragrantes,
1574 723 1677 773 terram
1701 718 1832 773 cordium

182 811 301 867 ilnvium
314 808 387 879 sita,
398 808 651 878 apostolicaesedis
667 811 766 863 vestrae
785 806 978 862 moderamine
1035 809 1142 882 lingum
1157 822 1270 865 vomere
1282 809 1507 879 praescindendo,
1519 813 1547 864 et
1563 807 1720 879 Christum,
1734 808 1835 863 exstir-

182 900 347 970 auliquitus
363 897 505 968 praecipue
518 896 689 969 regebantur
701 901 729 953 et
740 896 976 966 disponebantur.
1035 900 1110 970 palis
1120 913 1248 955 errorum
1258 898 1402 971 vepribus,
1411 898 1596 956 inhominum
1607 902 1699 953 mente
1708 896 1835 967 plantan-

183 988 235 1046 sed
251 992 401 1059 postquam
422 987 608 1056 imperatores
621 987 822 1057 Romanorum,
840 986 889 1057 qui
904 999 980 1042 nunc
1034 990 1081 1060 do,
1095 989 1268 1061 liuentisque
1279 989 1353 1044 sacri
1363 987 1499 1057 baptismi
1511 987 1736 1059 rigandumque
1749 985 1835 1056 impo-

184 1079 346 1136 Graecorum
362 1076 552 1149 appellantur,
569 1076 714 1131 variorum
729 1074 856 1132 lautores
872 1075 915 1131 vel
932 1074 982 1129 in-
1037 1079 1142 1135 sitione
1158 1092 1293 1135 manuum
1311 1091 1428 1134 suarum
1444 1090 1530 1147 super
1546 1076 1640 1145 capita
1653 1075 1793 1141 iidelium,
1808 1079 1834 1130 et

184 1173 313 1233 cantores
321 1165 412 1222 effecti
422 1179 563 1237 errorum,
573 1169 699 1221 sanctam
707 1165 815 1221 Christi
826 1164 981 1221 Ecclesiam
1036 1169 1093 1224 Deo
1108 1168 1201 1224 dicata
1216 1168 1319 1238 templa
1335 1167 1376 1223 vel
1390 1167 1492 1223 altaria
1509 1166 1716 1221 incrementum
1733 1163 1837 1234 periec-

185 1253 982 1324 divcrsishaeresibusscindereminimelormidaverunt,
1038 1257 1129 1314 tionis
1142 1272 1191 1327 per
1205 1261 1334 1313 sanctum
1350 1256 1489 1326 Spiritum
1507 1254 1673 1323 invocando,
1689 1255 1757 1309 dum
1773 1267 1837 1323 apo

187 1346 276 1404 scidit
286 1347 362 1402 Deus
378 1345 531 1415 imperium
545 1358 654 1416 eorum,
673 1349 701 1400 et
715 1345 744 1400 iu
762 1344 899 1401 occiduis
914 1358 984 1414 par-
1039 1344 1837 1417 stolieusillepontiiex,elulitadicatur,coelestishomo

189 1435 269 1493 tibus
284 1435 422 1506 paulatim
438 1447 566 1507 regnare,
582 1448 705 1505 superno
719 1434 887 1491 decernente
899 1433 984 1504 judi·
1037 1439 1066 1493 el
1076 1436 1223 1492 terrestris
1237 1436 1356 1508 angelus
1366 1439 1510 1506 superstes
1524 1434 1640 1490 habitus
1651 1440 1703 1504 est,
1719 1433 1838 1488 minime

185 1525 242 1596 cio,
264 1528 455 1588 cessaverunt,
477 1523 567 1579 donee
589 1524 730 1581 Romanos
752 1523 901 1594 pontillces
921 1521 984 1577 suis
1038 1529 1228 1582 cessaverunt.
1241 1523 1282 1581 hd
1299 1526 1384 1595 cujus
1394 1525 1584 1581 imitationem
1600 1523 1696 1579 eadem
1709 1522 1755 1593 aqi
1770 1528 1840 1576 stre·

187 1612 378 1685 pravitatibus
399 1614 549 1669 incurvare
568 1618 712 1685 conantes,
734 1626 784 1668 nec
799 1611 934 1681 valentes,
950 1625 983 1666 ac
1039 1610 1839 1688 nue,lusuccessorelusalmaeacsummaemagnitudinis

187 1717 236 1775 per
251 1703 304 1759 hoc
318 1702 530 1773 multiplicibus
550 1703 643 1772 poenis
657 1701 822 1775 adicientes,
842 1677 1024 1772 HesperiaeB
1040 1704 1154 1775 praesul,
1168 1704 1335 1760 medullitus
1345 1703 1498 1770 anhelasti,
1509 1703 1575 1759 etin
1590 1703 1840 1758 bisconsumman-

187 1796 353 1864 potestatem
359 1793 417 1862 jam
425 1790 983 1863 prorsusamitterenl,Occidentisetiam
1040 1793 1087 1850 dis
1104 1797 1231 1865 satagere
1248 1806 1303 1848 non
1319 1792 1446 1848 cessasti.
1464 1794 1495 1848 ln
1512 1797 1622 1848 tantum
1639 1796 1732 1845 autem
1749 1789 1841 1857 pietas

188 1880 983 1954 amissoimperio,nihilominusRomanispontideibus,
1043 1885 1171 1939 creverat
1185 1882 1336 1954 principis,
1352 1886 1380 1938 ct
1397 1881 1559 1938 abundabat
1576 1881 1651 1936 circa
1668 1878 1781 1934 beatum
1795 1879 1843 1931 Pe-

189 1971 257 2042 quia
270 1972 328 2041 jam
341 1971 441 2041 jubere
454 1976 609 2042 nequeunt,
624 1971 743 2027 suadere
758 1972 893 2027 nituntur
904 1988 911 2040 3
924 1971 986 2026 suis
1042 1976 1119 2028 trum
1130 1970 1444 2040 venerationisalieetu,
1454 1969 1672 2041 utquadamdie
1683 1981 1768 2022 manu
1780 1982 1842 2036 pro-

190 2059 267 2116 laesis
281 2059 402 2116 favorem
416 2059 550 2116 sensibus
559 2060 840 2116 accommodandum.
853 2059 906 2114 Sed
919 2059 987 2129 quia
1046 2062 1109 2131 pria
1121 2060 1242 2131 capillos
1257 2075 1326 2117 suos
1335 2060 1568 2130 apprehenderet,
1584 2062 1612 2113 et
1627 2056 1843 2126 contemplanti-

191 2148 241 2205 isti
250 2162 314 2205 cum
326 2150 408 2205 Petro
418 2163 504 2219 super
515 2153 622 2218 petram
633 2163 705 2204 vera
715 2147 905 2205 confessionis
916 2153 990 2203 stan·
1044 2150 1099 2207 bns
1110 2150 1233 2219 cunctis,
1247 2164 1277 2205 se
1287 2149 1423 2206 Romanis
1441 2148 1539 2204 missis
1556 2146 1709 2203 tradiderit
1721 2146 1839 2200 dicens:

190 2243 242 2307 tes,
256 2236 419 2308 pestiferam
430 2238 640 2309 suggestionem
653 2237 753 2294 audire
765 2241 893 2308 possunt,
906 2236 991 2293 obtu·
1044 2239 1148 2296 Omnes
1160 2239 1297 2309 primates
1306 2238 1439 2295 elcuneti
1452 2237 1549 2308 populi
1560 2236 1748 2308 vulgarorum
1760 2240 1842 2288 terrae

189 2326 253 2384 dire
262 2340 317 2382 nou
329 2332 460 2399 possunt,
470 2340 534 2383 mox
546 2326 881 2396 illiquoniamalitereos
889 2327 990 2382 laedere
1045 2333 1227 2401 cognoscant,
1247 2328 1282 2383 ab
1298 2327 1436 2384 hodierno
1451 2328 1499 2382 die
1513 2340 1557 2382 mc
1575 2338 1687 2381 servum
1706 2322 1764 2379 iore
1780 2327 1842 2392 post

192 2421 346 2486 nequeunt,
358 2415 642 2485 patriosctanthuos
652 2416 791 2471 terminos
802 2414 989 2478 transierunt,
1045 2419 1132 2474 Deum
1151 2416 1225 2472 beati
1239 2417 1314 2473 Petri
1328 2422 1356 2471 et
1369 2417 1432 2486 ejus
1444 2415 1555 2471 vicarii.

194 2503 599 2577 privilegiasedisapostolicae
610 2509 807 2574 corrumpunt,
819 2508 847 2560 ct
858 2518 927 2574 ponc
935 2518 992 2560 om·
1080 2508 1148 2576 Quae
1166 2506 1256 2562 Gracci
1273 2507 1308 2562 de
1328 2506 1375 2561 die
1394 2506 1423 2561 in
1438 2505 1514 2560 diem
1534 2504 1684 2561 audientes
1703 2501 1843 2568 invident,

193 2593 567 2663 uiajuradisponendarum
582 2592 738 2649 diaeceseon
748 2592 894 2659 auferunt,
906 2597 992 2663 atque
1045 2601 1074 2653 et
1089 2601 1173 2651 unta
1184 2595 1283 2667 gloriae
1293 2595 1381 2666 avidi,
1394 2599 1426 2650 ut
1438 2608 1501 2651 eum
1516 2593 1766 2664 possitaltomana
1780 2591 1845 2645 sede

195 2684 258 2740 suis
277 2682 336 2738 had
355 2681 518 2739 lautoribus
537 2682 738 2738 consentaneis
754 2688 782 2738 et
803 2681 992 2738 sectatoribus
1047 2694 1182 2755 avertere,
1202 2685 1314 2740 diversa
1335 2684 1488 2755 requirunt
1506 2683 1631 2757 ingenia,
1649 2694 1764 2737 munuera
1782 2685 1846 2750 post

195 2771 346 2830 conferunt
362 2771 734 2844 3cumqulbuseliam1'us,
751 2773 825 2842 qnod
838 2771 993 2841 sedesapo-
1047 2789 1166 2832 munera
1181 2788 1330 2831 numerosa
1345 2774 1499 2845 mittentes,
1513 2778 1540 2828 et
1552 2771 1710 2843 sophistica
1723 2770 1748 2824 ei
1765 2783 1848 2840 argu-

194 2860 296 2918 stolica
307 2875 392 2930 super
403 2861 552 2930 praedictas
563 2861 693 2932 regiones
704 2860 815 2931 habuit,
829 2860 897 2932 quia
909 2861 992 2929 juxta
1050 2871 1143 2921 menta
1156 2864 1327 2920 creberrime
1346 2868 1541 2933 proponentes.
1557 2861 1593 2916 ht
1605 2860 1653 2916 ille
1668 2864 1699 2915 ut
1714 2859 1847 2914 columna

196 2964 226 3008 se
236 2951 299 3006 silae
308 2949 488 3020 videbantur,
501 2954 652 3021 usurpant,
663 2954 691 3005 ct
705 2949 995 3019 Constantinopolita-
1050 2953 1328 3025 mansilimmobilis,
1337 2951 1594 3009 doneceorumdem
1601 2951 1762 3006 Graecorum
1774 2946 1850 3002 irau-

196 3053 242 3096 uae
251 3039 367 3096 dioecesi
380 3039 512 3109 nequiter
521 3038 753 3115 applicaut3cum
764 3039 865 3095 beatus
875 3052 945 3108 papa
957 3038 995 3093 vi·
1008 3046 1035 3111 G
1048 3043 1084 3099 de
1098 3043 1286 3114 deciperetur,
1303 3042 1490 3098 scribentium
1509 3040 1546 3107 ei,
1565 3044 1650 3110 atque
1666 3037 1826 3093 dicentium
1840 3053 1845 3064 ·

195 3127 631 3186 deaturdicerelnnooentiusad
642 3126 835 3184 Alexandrum
846 3127 996 3185 Antioche·
1052 3126 1850 3202 quoddepatriaillautrumRomanoanConslantinopo

196 3230 265 3274 num
277 3217 352 3273 iuter
363 3215 420 3271 alia
431 3216 643 3273 scribens:Non
655 3230 721 3288 ergo
732 3217 824 3273 visum
836 3222 878 3272 est
893 3217 927 3272 ad
941 3229 997 3272 mo.
1051 3219 1141 3278 litano
1157 3220 1285 3292 pontillci
1301 3219 1386 3275 subdi
1400 3218 1510 3287 debeat,
1524 3219 1599 3272 inter
1613 3216 1736 3271 vicarios
1751 3215 1850 3269 homa-

197 3306 338 3362 bilitatem
346 3305 547 3361 necessitatum
555 3306 830 3376 mundanarum,l)ei
842 3305 995 3362 Ecclesiam
1052 3322 1113 3379 nos,
1126 3309 1374 3378 patriarchamque
1384 3306 1526 3378 Ignatium
1536 3303 1784 3373 Constantinopoli
1793 3303 1851 3357 dis

197 3395 377 3466 commutari,
388 3395 996 3466 honoresauldirisionesperpeti,quaspro
1051 3392 1851 3469 ceptalioiuisselcanoniceventilata3etconjunctisllo-

197 3485 260 3543 suis
271 3481 645 3540 causisiaciendasduuerit
655 3484 823 3553 imperator3
833 3483 881 3538 sed
893 3483 996 3537 hisnec
1052 3487 1144 3542 man-is
1155 3484 1284 3539 Orientis
1294 3482 1404 3538 sedium
1421 3483 1475 3537 loci
1490 3487 1647 3538 servatores
1658 3481 1852 3551 judicaverint

199 3574 255 3644 ipsi
263 3573 315 3629 diu
327 3571 473 3641 fruuntur,
480 3571 623 3641 siquidem
630 3572 688 3639 jam
701 3574 853 3627 memorata
864 3570 998 3642 Vulgare
1051 3575 1240 3644 vulgarorum
1254 3571 1401 3628 dioeccsim
1412 3570 1476 3626 urbi
1494 3570 1553 3628 iore
1568 3571 1787 3641 subjiciendam,
1803 3570 1850 3624 cui

199 3677 262 3720 rum
276 3675 345 3732 gens
360 3660 492 3729 protinus
510 3658 607 3728 irruit,
621 3663 650 3712 ot
663 3657 795 3713 universa
811 3658 888 3713 circa
905 3646 998 3713 Danu·
1051 3667 1116 3718 ante
1123 3660 1470 3733 vulgarorumadvenlum
1478 3659 1666 3716 subdebatur:
1676 3674 1740 3715 cum
1750 3659 1852 3714 aliasit

199 3751 279 3807 bium
294 3750 433 3817 occupat:
451 3747 550 3817 sicque
565 3746 656 3802 Graeci
673 3746 827 3818 principes,
844 3746 918 3817 quod
935 3746 995 3802 sedi
1015 3755 1019 3763 '
1052 3748 1853 3821 inmundanisneqotiis,aliainecclesiasticis'disposttio

201 3836 369 3906 subripiunt
382 3834 556 3905 apostoliea,
574 3835 603 3891 in
618 3834 739 3905 duplum
750 3836 958 3906 quodammodo
970 3840 998 3891 et
1050 3836 1854 3912 luris3etquamvisregioillaGraecisiueritantcasubdi-

202 3925 358 3984 secundum
369 3924 458 3996 legem
469 3924 663 3980 resarcinant:
676 3937 740 3980 nam
751 3938 815 3980 cum
824 3925 889 3993 jure
899 3925 1000 3981 dioeco-
1054 3929 1213 4002 ta,nullum
1224 3936 1315 3985 tamen
1327 3929 1664 3999 incasibijusvindicare
1676 3927 1856 4000 legitimcpo.

202 4029 265 4072 seos
275 4013 512 4083 usurpataeeliam
524 4026 586 4083 sua,
598 4013 678 4069 idest
688 4013 803 4084 imperii
817 4014 927 4084 proprii
941 4029 1001 4084 par·
1056 4024 1183 4088 luerunt,
1197 4032 1281 4089 quam
1292 4018 1381 4075 armis
1391 4019 1459 4074 olim
1471 4019 1604 4075 amissam
1617 4032 1666 4087 per
1676 4022 1718 4073 tot
1729 4022 1854 4085 tempora

202 4110 258 4162 tem
271 4103 421 4174 potestatis
435 4102 580 4158 amittunt.
596 4105 700 4159 Verum
717 4103 830 4159 taudem
844 4102 1001 4175 aliquando
1056 4107 1189 4165 bellando
1200 4107 1325 4177 recipere
1335 4122 1391 4163 nou
1404 4107 1570 4164 valuerant:
1585 4106 1714 4178 quamvis
1724 4110 1752 4160 et
1764 4105 1855 4174 prius·

203 4195 301 4251 volens
310 4191 584 4263 omnipotensileus,
596 4192 646 4263 qui
658 4191 727 4249 oiim
739 4191 906 4248 illioslsrael
917 4193 1002 4248 etiam
1058 4208 1143 4272 quana
1154 4192 1355 4251 Graecisiueril
1365 4194 1490 4266 subdita,
1503 4194 1621 4251 Romani
1632 4195 1704 4250 hanc
1715 4193 1857 4263 possedis-

206 4288 269 4355 post
277 4281 433 4354 trigintaet
442 4280 765 4352 quadringentosannos
772 4280 807 4336 ab
816 4281 1002 4354 affligentium
1059 4298 1088 4340 se
1100 4288 1254 4354 patescant,
1267 4281 1403 4338 necillam
1414 4283 1516 4351 Graeci,
1529 4286 1561 4339 ut
1571 4295 1657 4352 supra
1667 4285 1854 4336 monstratum

207 4371 350 4442 pressuris
364 4370 482 4441 eripuit,
494 4369 694 4441 salubremque
706 4370 866 4426 doctrinam
877 4370 1002 4442 edocuit,
1016 4356 1044 4419 D
1059 4371 1453 4443 esttenuissememorentur,
1462 4368 1858 4438 nisidumsceptrisilomani-

208 4463 259 4519 has
273 4461 358 4517 etiam
375 4459 505 4532 regiones
515 4473 580 4515 cum
592 4460 697 4529 populo
708 4474 759 4516 suo
770 4459 803 4515 ad
817 4464 924 4516 rectum
938 4460 1003 4516 lidei
1058 4461 1280 4532 eispotirentur.
1292 4456 1701 4530 QuamquametsihuicGraeci
1712 4455 1858 4525 principes

203 4550 352 4607 tramitem
368 4560 538 4620 aquamque
553 4548 679 4618 iustiliae
695 4561 823 4604 normam
840 4549 1003 4621 perducere,
1060 4549 1182 4621 regioni,
1194 4552 1332 4619 quantum
1344 4548 1378 4603 ad
1392 4545 1594 4617 rempublicam
1605 4544 1718 4614 attinet,
1730 4543 1860 4598 domina-

208 4638 428 4710 inspiravitjam
439 4641 594 4693 memorato
604 4636 730 4707 principi
744 4636 944 4710 Varlgarorum,
957 4653 1007 4708 per
1061 4639 1160 4710 tisint,
1172 4642 1228 4693 non
1237 4643 1329 4693 tantvm
1344 4635 1529 4706 praejurdicare
1539 4633 1714 4704 possuntDei
1727 4633 1860 4687 Ecclesia

209 4728 311 4784 merita
326 4726 412 4798 Petri,
428 4726 512 4796 cujus
531 4725 560 4781 in
578 4729 657 4782 arcto
672 4725 747 4782 situs
769 4725 1005 4783 interventionem
1059 4728 1203 4799 juri,qnae
1214 4722 1860 4798 quantumlibetillicumdiversisnationibus

209 4814 900 4886 sibiapuchumadesseprecatusest,sicquedc
912 4830 1009 4872 uume-
1062 4818 1269 4887 coniiictanles,
1293 4816 1353 4871 sive
1371 4814 1451 4881 victi,
1468 4814 1527 4870 sive
1544 4814 1667 4868 victores
1686 4812 1858 4878 exstiterint,

211 4907 286 4963 rosis
295 4904 396 4961 cuneis
407 4904 533 4960 hostium
545 4903 744 4975 triumphavit,
757 4905 870 4961 mittere
880 4906 1008 4972 Romam,
1064 4921 1120 4964 nou
1136 4906 1215 4962 novit
1230 4904 1287 4960 nisi
1303 4904 1469 4960 charitatem
1484 4907 1513 4958 et
1527 4915 1632 4972 paoem.
1650 4902 1728 4958 Unde
1743 4900 1859 4970 quidam

208 4999 237 5051 et
247 5007 263 5049 a
273 4993 340 5050 sede
353 4992 511 5063 apostolica
523 4992 589 5049 ildei
605 4996 633 5049 et
649 5006 725 5049 sanae
736 4993 903 5050 traditionis
915 5000 1011 5064 postu·
1065 4995 1266 5067 magistrorum
1279 4994 1342 5063 eius
1353 4992 1491 5048 exclamat
1502 5010 1511 5045 .·
1521 4991 1552 5046 Si
1561 4994 1623 5061 quis
1634 4991 1742 5045 vidctm
1754 4994 1861 5043 coarten-

213 5081 783 5152 laredoctriuas3quodpiuspincepsnon
794 5083 1010 5154 segnisexsecu·
1064 5087 1148 5139 ticam
1167 5098 1233 5145 esse,
1250 5083 1394 5136 aestatem
1412 5081 1631 5135 consuetudinem
1649 5094 1703 5133 noa
1719 5078 1857 5138 habemus,

213 5176 260 5229 tor
277 5170 380 5238 olfecit,
401 5175 430 5226 et
449 5171 566 5226 mittens
584 5171 618 5227 ad
637 5170 823 5241 apostolicam
845 5172 939 5228 sedem
958 5173 1005 5229 cui
1063 5189 1149 5242 neque
1162 5172 1282 5225 Ecehsio
1298 5172 1348 5224 εει·
1359 5166 1383 5240 (l
1393 5168 1452 5223 Gor.
1470 5182 1499 5223 nr
1514 5169 1540 5242 );
1555 5168 1621 5224 licet
1636 5166 1689 5222 hoe
1709 5167 1803 5235 ipsum
1823 5179 1859 5221 an

213 5261 344 5318 decessor
352 5264 443 5316 vester
452 5263 519 5316 tunc
529 5273 599 5330 papa
608 5260 729 5332 egregiae
739 5260 902 5317 sanctitatis
912 5262 1009 5331 praesi·
1064 5259 1119 5315 loci
1137 5262 1294 5315 servatores
1309 5257 1436 5313 Orientis
1454 5257 1640 5328 decreverint,
1661 5256 1751 5311 nullis
1773 5257 1860 5311 certis

215 5350 301 5407 debat
312 5348 457 5421 Nicolaus,
473 5352 501 5404 et
514 5361 570 5406 non
587 5348 680 5406 solum
696 5349 828 5422 dogmata
842 5349 1008 5407 orthodoxae
1064 5347 1338 5418 probetnrindlciis.
1350 5346 1485 5416 Quamvis
1495 5345 1695 5403 enimliomaui
1706 5345 1861 5400 lociserva-

217 5440 294 5510 iidei,
308 5452 405 5495 verum
419 5438 506 5494 etiam
519 5443 623 5494 sancta
637 5438 703 5494 vitae
717 5437 902 5508 disciplinam
916 5439 951 5495 ad
965 5453 1008 5510 ea,
1064 5442 1141 5495 tores
1150 5441 1179 5493 et
1189 5436 1376 5509 vulgarorum
1389 5437 1470 5494 missi
1482 5449 1547 5492 cum
1558 5436 1739 5506 imperatore,
1752 5449 1803 5490 seu
1814 5449 1861 5503 pa-

218 5528 363 5602 quinetad
375 5532 527 5599 utrumque
535 5527 841 5585 idoneosinstitutores
848 5529 977 5598 expetiit,
983 5534 1012 5585 et
1065 5525 1201 5598 triarcha,
1218 5539 1328 5583 necnon
1338 5531 1366 5583 et
1380 5524 1508 5583 Orientis
1520 5524 1577 5581 loci
1593 5523 1788 5580 servatoribus
1797 5536 1862 5579 con-
