3876 6090
113 268 185 330 ⁴325
792 266 894 325 uiuum
911 266 958 325 044
975 265 1148 326 commu.
1746 260 1816 326 4320

113 396 268 469 incipitur
279 393 343 451 Kal.
353 394 429 465 sept.
440 392 598 465 Septimum
608 392 723 467 signum
735 391 941 464 lucipitlerae
951 392 982 455 A
994 389 1146 461 complent
1166 390 1196 448 Sl
1212 390 1293 454 enlm
1304 393 1347 447 ter
1365 391 1483 448 duxeris
1496 387 1531 448 60
1545 394 1623 462 0004,
1643 388 1697 447 000
1712 394 1756 446 004
1768 386 1816 444 040

113 500 151 543 xv
176 484 239 541 Kal.
264 483 362 542 Octob.
385 484 519 541 Octavum
541 483 656 555 signum
677 482 795 553 Scorpio
816 494 852 536 nr
876 479 937 537 Kal.
994 475 1038 548 30,
1064 479 1115 550 004
1136 477 1248 537 iaciunt
1270 480 1329 537 duo
1353 481 1444 552 sigua.
1472 482 1598 539 Tricenae
1618 484 1695 539 enim
1721 489 1815 554 000400

115 575 230 647 incipit.
244 575 357 630 Nonum
371 570 793 644 signumSagittariusxvllal.
807 567 937 625 Decemb.
995 580 1083 623 unum
1108 567 1223 641 signnm
1249 567 1368 626 iaciunt.
1394 572 1462 626 ltem
1485 570 1553 627 luna
1573 570 1591 628 6
1612 572 1636 628 si
1660 574 1705 631 ris
1728 574 1813 644 scire,

113 662 228 734 incipit.
251 663 396 718 Decimum
424 661 538 733 signum
567 661 651 732 capri
680 673 717 716 xv
737 658 798 714 Kal.
821 660 935 714 400000.
994 659 1132 725 quantum
1151 670 1167 712 a
1191 657 1250 714 0040
1273 658 1369 727 distet,
1395 659 1557 731 multiplica
1576 660 1593 718 6
1612 670 1722 739 000400,
1743 667 1817 724 dunt

114 752 271 823 incipiunt.
289 751 477 808 Undecimum
493 751 609 823 signnm
623 749 744 821 Aquarii
767 748 873 818 incipit
888 759 936 802 xm
991 740 1036 799 44.
1055 745 1112 800 Hos
1132 746 1238 814 partire
1258 760 1307 816 per
1327 746 1432 817 decies,
1453 748 1581 806 04044004
1602 758 1680 823 sunt,
1701 754 1816 812 000004

114 839 178 896 4404.
193 839 273 896 Febr.
286 838 493 896 Duodecimum
509 840 623 911 signum
635 838 761 894 Piscium
775 835 938 905 incipitur
991 833 1050 890 duo
1072 834 1164 906 signa,
1193 840 1339 892 remanent
1362 833 1387 892 4.
1411 836 1572 909 440444044οο
1596 844 1648 912 400,
1675 841 1749 899 4004
1770 841 1813 900 44.

114 928 178 985 Kal.
194 930 276 985 44004.
291 928 391 984 Decem
407 928 483 984 bora
502 931 530 984 et
548 926 644 998 000040,
666 940 729 997 quae
745 923 938 996 0400000440
991 921 1109 980 Duobus
1123 937 1190 996 ergo
1205 925 1308 996 signis,
1324 923 1401 983 0444
1417 926 1548 996 00044000
1563 927 1664 986 40006
1679 944 1814 1002 sempera

113 1017 209 1088 signis
227 1016 363 1088 singulis,
383 1015 543 1086 computari
563 1015 759 1086 negliguntur,
780 1011 828 1068 sed
844 1016 937 1067 tamen
992 1010 1052 1067 sole
1066 1010 1163 1069 distat.
1182 1014 1248 1068 ltem
1265 1012 1332 1070 luna
1352 1014 1472 1085 septima
1492 1015 1685 1088 004440440οἹ
1703 1025 1814 1093 000400,

112 1106 274 1176 computari
285 1111 313 1161 04
324 1105 474 1160 memorari
484 1103 596 1162 debent.
608 1100 823 1159 Tricenisenim
834 1098 938 1156 diebus
993 1097 1118 1155 000448.
1129 1102 1190 1157 Duc
1202 1106 1252 1172 ter,
1268 1099 1393 1159 600484.
1408 1103 1525 1161 Duobus
1535 1106 1638 1180 signis,
1652 1105 1724 1164 0444
1737 1115 1816 1180 00040

112 1202 142 1252 04
162 1193 195 1252 40
215 1195 295 1252 00040
315 1200 343 1250 04
363 1194 450 1251 semis
470 1193 523 1249 boc
544 1197 587 1250 est
605 1190 641 1249 40
665 1189 817 1247 momentis
841 1188 883 1246 sol
906 1189 937 1244 in
992 1188 1070 1243 tertii
1096 1189 1177 1261 signa
1196 1193 1206 1214 ’
1226 1189 1294 1246 4000
1315 1204 1332 1246 0
1353 1192 1413 1248 0040
1434 1193 1594 1266 elongatur.
1616 1197 1683 1252 Item
1710 1197 1815 1254 40008

113 1297 289 1355 unoquoque
299 1283 382 1355 signo
394 1288 530 1340 moratur.
541 1277 819 1354 Singulissignis30
830 1281 935 1349 partes,
991 1276 1153 1347 multiplica
1165 1276 1184 1334 8
1197 1286 1307 1352 quater,
1323 1280 1396 1338 liunt
1407 1279 1450 1338 34.
1465 1284 1516 1338 4440
1527 1284 1624 1341 (400440
1636 1290 1680 1341 400
1693 1285 1765 1343 liunt
1779 1285 1815 1345 96

113 1377 202 1429 lernae
216 1386 281 1429 vero
295 1372 414 1429 decades
428 1373 614 1442 deputantur,
629 1375 658 1426 04
671 1368 785 1440 singula
805 1367 887 1439 signa
902 1362 936 1421 40
990 1366 1085 1423 404000
1099 1367 1203 1440 040040,
1219 1372 1248 1424 04
1262 1368 1279 1426 6
1291 1370 1423 1440 00044000
1437 1370 1535 1429 40008
1549 1373 1727 1446 0400004000
1743 1377 1811 1435 0040.

113 1466 237 1532 0000400
258 1459 370 1532 000004,
394 1460 469 1516 idest
487 1460 560 1516 duas
582 1459 667 1516 boras
686 1455 705 1514 5
722 1458 812 1513 Emm.
835 1453 935 1525 puncti
989 1456 1037 1512 Sic
1057 1457 1126 1514 luna
1147 1471 1221 1514 nona
1243 1458 1268 1515 si
1288 1459 1414 1517 volueris
1435 1462 1510 1518 00400
1530 1468 1667 1533 quantum
1689 1465 1813 1524 distata

113 1549 145 1605 ln
159 1549 228 1606 luna
242 1561 328 1606 unam
340 1548 438 1605 horam
453 1547 574 1605 iaciunt.
589 1547 702 1619 Singuli
719 1545 811 1618 igitur
826 1555 935 1599 menses
990 1545 1067 1602 sole:
1085 1545 1276 1618 (0044400009
1293 1554 1417 1619 0004000
1431 1551 1518 1620 vices,
1537 1550 1665 1609 000436.
1680 1554 1741 1611 4400
1757 1558 1809 1625 400,

111 1651 166 1695 000
190 1637 273 1710 04000
295 1636 399 1693 liabent
413 1654 420 1691 :
436 1636 547 1707 Aprilis
568 1635 683 1707 signum
701 1633 820 1704 Arietis,
842 1629 936 1687 440400
990 1633 1062 1692 6004
1079 1632 1131 1692 408
1150 1636 1245 1692 404000
1259 1637 1363 1709 040040,
1382 1642 1411 1695 04
1426 1634 1459 1695 44
1476 1639 1609 1710 00044000
1623 1640 1691 1698 4000
1710 1656 1814 1700 nonaa

110 1727 211 1798 Tauri,
223 1726 328 1783 Junius
341 1725 538 1797 Geminorum,
549 1725 646 1781 tulius
659 1723 771 1795 cancri,
787 1722 935 1794 Augustus
950 1720 1048 1782 Bsole
1062 1723 1222 1796 elongatur.
1240 1727 1307 1781 ltem
1328 1725 1396 1783 luna
1412 1723 1445 1783 40
1467 1727 1630 1800 multiplica
1646 1727 1679 1787 40
1700 1736 1817 1808 000400,

111 1816 226 1885 Leonis,
242 1813 403 1886 September
417 1813 557 1886 virginis,
571 1813 693 1870 0040000
705 1811 808 1882 Libra,
820 1810 936 1866 Novem·
990 1809 1023 1868 40
1045 1811 1118 1868 dunt
1138 1809 1172 1869 40
1191 1814 1317 1884 0000440,
1341 1814 1394 1871 000
1415 1821 1457 1872 004
1475 1815 1493 1872 8
1512 1819 1592 1876 boris
1611 1820 1680 1878 luna
1702 1825 1813 1884 decima

112 1902 164 1960 ber
196 1903 373 1975 Scorpionis,
403 1902 555 1959 December
588 1900 748 1974 Sagittarii,
779 1897 935 1954 Ianuarius
988 1901 1269 1974 elongaturasole;
1287 1899 1319 1958 40
1339 1915 1406 1975 0000
1428 1906 1538 1977 000044,
1560 1909 1634 1965 46004
1653 1912 1718 1968 duae
1737 1914 1813 1973 borae

110 1991 290 2062 capricorni,
309 1991 484 2048 Februarius
503 1991 636 2063 Aquarii,
656 1988 778 2046 llartius
796 1986 934 2057 Piscium,
991 2003 1079 2047 unum
1094 1988 1209 2062 signum
1231 1988 1351 2063 iaciunt,
1376 1998 1404 2048 et
1423 1989 1457 2049 40
1476 1997 1586 2068 000044,
1603 1998 1657 2055 000
1671 2005 1715 2058 004
1736 2001 1811 2075 44,4

111 2079 192 2137 04004
205 2080 323 2151 quidam
337 2085 463 2138 veterum
478 2080 564 2137 etiam
579 2078 710 2136 versibus
725 2075 890 2148 explicavit.
989 2078 1073 2150 signa
1086 2078 1238 2150 complent,
1261 2084 1289 2135 et
1306 2079 1346 2136 440
1368 2080 1437 2138 luna
1460 2079 1502 2154 40,
1521 2081 1646 2158 4040040
1666 2103 1809 2162 sempera

111 2190 151 2245 p,
169 2203 253 2244 ,pm
271 2188 336 2243 000,
351 2193 377 2244 ,p
394 2174 475 2252 pm,
495 2188 566 2242 idest
585 2189 615 2241 0,,
631 2202 685 2257 qu,
701 2181 937 2255 ,mogum-2301
990 2167 1050 2222 sole
1068 2168 1167 2224 distat.
1190 2169 1269 2225 Luna
1289 2181 1356 2240 0000
1376 2164 1410 2225 46
1427 2170 1453 2226 04
1470 2172 1515 2228 040
1534 2174 1619 2247 scire,
1639 2185 1778 2248 quantum
1795 2196 1812 2241 a

364 2266 389 2315 et
403 2262 434 2314 in
448 2274 500 2329 quo
515 2261 592 2326 signo
609 2258 684 2312 tuno.
990 2255 1050 2310 sole
1066 2255 1163 2326 distet,
1184 2260 1212 2310 et
1230 2261 1300 2326 quot
1318 2256 1400 2328 signa
1418 2263 1487 2315 sunt
1507 2260 1581 2318 40400
1597 2265 1695 2338 solem,
1714 2273 1742 2326 04
1760 2270 1811 2328 40.

147 2346 207 2404 CX.
224 2347 254 2404 Si
269 2347 315 2404 ris
334 2347 417 2417 scire,
440 2346 469 2402 in
490 2359 546 2416 quo
568 2345 650 2417 signo
673 2344 740 2400 luna
755 2347 808 2415 est,
823 2344 937 2414 040004
991 2357 1067 2415 nam,
1082 2345 1197 2416 quando
1218 2345 1411 2416 plenilunium
1433 2354 1486 2420 est,
1503 2350 1666 2423 multiplica
1681 2351 1715 2413 45
1729 2357 1810 2430 0004

112 2435 208 2509 signa,
221 2440 292 2508 0004
304 2439 478 2507 0004000004
491 2433 566 2489 40400
578 2432 704 2489 00400004
717 2432 814 2488 lunam
828 2432 856 2487 in
870 2443 937 2487 una·
991 2433 1076 2504 04000,
1100 2431 1231 2490 000460.
1254 2435 1306 2492 Tot
1321 2436 1421 2505 puncti
1444 2444 1513 2494 sunt
1528 2440 1558 2495 in
1576 2441 1650 2500 4000
1666 2440 1709 2517 40,
1725 2452 1753 2503 04
1768 2452 1811 2506 404

113 2537 229 2596 quaque
246 2525 305 2594 die,
326 2536 406 2580 sume
425 2521 533 2593 lunam,
554 2534 640 2592 quam
660 2520 798 2586 volueris,
817 2525 850 2576 ut
869 2524 937 2590 puta
992 2522 1107 2595 punctis
1121 2522 1208 2593 lueet,
1223 2523 1276 2580 000
1288 2530 1332 2580 004
1346 2521 1380 2581 44
1394 2526 1484 2599 00040,
1496 2533 1575 2586 04404
1590 2534 1716 2606 0000440,
1730 2541 1758 2593 04
1772 2541 1815 2596 404

116 2613 247 2685 primam.
267 2611 428 2683 multiplica
449 2624 537 2667 unum
557 2623 606 2680 000
621 2605 638 2665 4
657 2608 730 2666 0004
750 2605 777 2664 l.
794 2610 826 2664 ln
841 2604 858 2663 4
871 2618 945 2692 ergo⁸
993 2611 1073 2667 horis
1084 2610 1175 2667 distat
1187 2610 1254 2667 luna
1267 2613 1492 2688 decimaquinta,
1509 2617 1561 2673 000
1576 2625 1619 2676 004
1631 2620 1649 2678 6
1662 2622 1773 2698 04004ος
1788 2627 1815 2684 04

116 2702 233 2774 punctis
247 2702 315 2757 luna
328 2700 420 2771 prima
432 2698 753 2769 semperaaoledistat.
766 2697 939 2767 Ducquater
993 2699 1070 2755 enim
1089 2698 1123 2757 60
1143 2701 1302 2771 perdecem
1319 2705 1443 2773 partitus
1461 2704 1560 2778 luerit,
1577 2709 1630 2767 hoc
1644 2718 1688 2768 est
1701 2712 1718 2770 6
1732 2715 1817 2788 04000

116 2797 169 2862 400,
189 2790 263 2847 4004
285 2786 327 2845 44.
351 2787 506 2844 Duodecim
528 2800 595 2860 ergo
616 2786 747 2857 00044000
769 2786 884 2843 000004
906 2780 940 2840 44
995 2787 1116 2860 4040000,
1144 2789 1214 2861 0040
1236 2787 1269 2847 40
1293 2793 1392 2861 000044
1422 2807 1532 2866 semper
1555 2798 1670 2870 signum
1694 2800 1816 2861 faciunt,

115 2879 220 2938 diebus
241 2878 309 2935 4000
331 2877 423 2949 prima
439 2889 576 2947 sempera
591 2875 651 2932 0040
665 2876 825 2947 elongatur.
848 2875 940 2943 Prop-
993 2876 1146 2948 sexaginta
1164 2891 1231 2950 ergo
1252 2880 1346 2937 sexies
1368 2881 1434 2939 deni
1457 2890 1534 2960 0004,
1558 2887 1612 2944 000
1632 2888 1707 2947 0046
1725 2892 1818 2964 04000.

116 2974 193 3026 40000
207 2974 301 3024 autem
321 2969 532 3038 quotacumque
552 2964 621 3020 luna
636 2963 724 3022 400044
739 2960 820 3036 0004
836 2960 941 3017 (00444-
995 2967 1063 3021 ltem
1083 2963 1118 3021 60
1132 2968 1175 3021 400
1190 2967 1377 3037 multiplicati
1398 2971 1529 3032 0004400
1548 2979 1692 3051 sexageni,
1711 2981 1822 3040 honest

117 3058 253 3130 plicatur,
277 3052 384 3128 00404
407 3054 523 3126 0000440
548 3067 658 3125 semper
681 3052 785 3109 0000044
806 3050 979 3126 splendore
995 3052 1012 3110 6
1026 3053 1142 3125 triceni,
1164 3055 1213 3126 qui
1237 3055 1390 3126 000004004
1411 3057 1428 3115 6
1449 3061 1542 3133 signa.
1562 3065 1616 3121 Sex
1638 3079 1705 3139 0000
1726 3069 1822 3141 040040

117 3145 194 3204 lnnae
216 3143 479 3214 recedentoasole,
494 3146 522 3198 04
537 3139 553 3198 4
568 3142 684 3213 0000440
707 3140 842 3212 splendor
865 3140 941 3196 lunae
996 3155 1116 3216 semper,
1142 3142 1217 3199 idest
1236 3144 1360 3201 dimidio
1379 3147 1489 3218 000000
1511 3152 1637 3210 00400440
1660 3154 1729 3212 4000
1752 3154 1786 3214 46
1804 3171 1822 3214 0

116 3233 258 3291 decrescit
268 3246 379 3303 semper
392 3231 470 3288 omni
486 3231 533 3287 die
546 3234 610 3301 0004
624 3229 818 3300 plenilunium
832 3229 942 3299 00000·
996 3232 1056 3289 0040
1065 3231 1251 3288 discernitur.
1265 3233 1393 3305 lienique
1404 3236 1501 3295 orbem
1514 3239 1599 3312 4000,
1614 3243 1749 3314 00044000
1759 3245 1825 3317 040-

117 3321 286 3395 0400000440
308 3322 343 3378 ad
368 3320 456 3378 solem
481 3332 572 3391 usque
595 3319 629 3375 ad
652 3318 859 3387 ascensionem,
879 3312 943 3372 044
998 3321 1137 3378 missimus
1148 3324 1202 3392 est,
1216 3326 1315 3378 eontra
1326 3322 1414 3380 solem
1426 3328 1522 3384 cernis
1533 3331 1708 3405 oppositum,
1722 3334 1825 3391 hnmi-

118 3411 236 3484 pnnclis
250 3423 361 3481 semper
375 3409 443 3465 luna
457 3421 587 3465 crescens
606 3407 685 3463 omni
699 3406 747 3463 die
761 3404 913 3478 elougatur
926 3416 944 3461 a
998 3409 1054 3466 lem
1068 3408 1202 3467 videlicet
1217 3410 1276 3468 sole
1291 3410 1422 3486 sublimi,
1438 3419 1466 3471 04
1480 3417 1633 3476 sublimem
1648 3420 1746 3479 lunam
1762 3423 1823 3481 sole

117 3501 180 3557 sole
195 3514 285 3572 usque
303 3499 338 3555 ad
360 3498 564 3570 plenilunium.
585 3497 633 3553 Sic
651 3496 737 3552 etiam
757 3495 827 3551 luna
843 3495 945 3551 decre·
1000 3499 1115 3556 humili.
1127 3498 1331 3557 Soleaestivnm
1345 3506 1620 3582 tenentecirculum,
1632 3510 1685 3567 000
1696 3517 1740 3568 004
1752 3526 1826 3570 con·

118 3602 212 3661 scens,
229 3585 378 3659 40000440
396 3588 474 3643 omni
493 3586 542 3642 die
561 3585 774 3656 adpropinquat
789 3584 824 3640 ad
844 3584 944 3641 solem.
1000 3588 1070 3644 linia
1084 3588 1204 3645 solstitii
1219 3590 1312 3646 aestiri
1326 3591 1408 3663 plena
1421 3593 1490 3652 luna
1503 3602 1578 3654 40004
1593 3598 1750 3658 brumalem
1762 3603 1826 3661 oir-

118 3678 281 3748 l’ropterea,
301 3678 378 3733 04004
398 3676 540 3745 diximus,
564 3688 750 3747 quacumque
770 3674 839 3731 luna
858 3673 946 3730 400044
1000 3677 1108 3748 culum,
1124 3677 1178 3735 boc
1192 3685 1235 3736 est
1248 3679 1371 3737 condnia
1393 3683 1532 3755 hyemalis
1546 3688 1677 3747 solstitii.
1693 3693 1758 3750 Sole
1771 3696 1827 3755 de-

118 3780 171 3838 per
192 3763 209 3820 4
230 3765 449 3836 multiplicatur.
474 3768 508 3821 Et
531 3766 594 3821 ideo
617 3770 713 3835 000400
736 3763 786 3820 4440
807 3776 946 3820 numerus
1000 3780 1070 3824 vexo
1090 3772 1119 3824 et
1141 3767 1298 3825 inclinante
1318 3770 1347 3826 in
1370 3770 1527 3831 brumalem
1549 3777 1702 3854 circulum,
1726 3783 1824 3844 lunam

117 3855 324 3928 quaternarius
335 3863 563 3926 quotuscumque
575 3853 664 3910 400044
677 3859 720 3909 400
731 3853 861 3924 ducitur,
875 3852 946 3923 quia
1000 3855 1111 3927 plenam
1133 3857 1283 3914 solstitiali
1305 3859 1415 3917 circulo
1431 3864 1565 3921 scandere
1580 3880 1636 3925 nox
1656 3868 1826 3944 longissima

119 3952 179 4003 tres
201 3951 295 4016 000400
316 3951 384 4000 0004
405 3946 435 4000 40
456 3957 629 4015 000000000
650 3949 765 4012 000040,
781 3946 809 3998 04
829 3943 869 3997 440
886 3936 946 3998 404
1001 3945 1105 4015 prodit.
1117 3945 1187 4000 Cum
1205 3946 1247 4002 sol
1260 3961 1348 4004 unum
1366 3951 1572 4022 aequinoctium
1585 3963 1670 4031 tenet,
1685 3960 1714 4017 in
1727 3962 1825 4032 pleni-

121 4036 238 4109 punctis
257 4041 300 4092 400
313 4035 411 4093 ductis
431 4032 573 4105 44000400
592 4037 669 4090 0004.
685 4034 744 4088 404
760 4046 792 4088 00
807 4032 944 4102 amplius,
1001 4032 1083 4089 lunio
1096 4032 1218 4089 alterum
1234 4036 1441 4106 aequinoctium
1464 4041 1532 4099 luna
1547 4050 1649 4102 serrat.
1665 4049 1712 4106 Sol
1728 4053 1824 4122 00004-

121 4128 230 4185 000004
245 4124 278 4183 43
293 4126 425 4197 00044000
437 4123 517 4195 Quod
533 4123 609 4180 enim
626 4123 694 4179 luna
715 4123 809 4179 currit
826 4123 855 4178 in
870 4135 947 4178 uno·
1002 4121 1092 4177 noelli
1102 4127 1298 4193 transgressus
1309 4124 1518 4197 longitudinem
1530 4134 1827 4208 noctissuperatluna

120 4229 236 4288 quoque
258 4216 305 4272 die
328 4228 377 4287 per
398 4211 414 4269 4
436 4216 558 4285 0000400
581 4212 653 4269 illud
676 4211 801 4283 spatium
820 4210 896 4282 coeli,
919 4215 947 4267 04
1003 4223 1052 4281 per
1063 4209 1256 4281 plenilunium
1268 4217 1355 4269 totam
1366 4221 1476 4272 noctem
1488 4220 1713 4298 inaquinoctio,
1725 4235 1828 4300 etpost

73 4292 79 4300 ’
121 4306 269 4377 temporis,
293 4319 350 4362 non
370 4309 462 4375 004004
482 4303 523 4359 004
544 4315 659 4359 0000000
679 4302 786 4373 minus,
808 4313 892 4372 quam
914 4296 948 4355 44
1001 4299 1202 4372 000400044000
1223 4299 1380 4375 4040040040
1399 4303 1473 4362 idest
1491 4313 1582 4365 totum
1596 4315 1733 4388 spatium,
1750 4318 1826 4387 quod

120 4394 166 4451 vel
183 4393 370 4465 4300044000.
388 4394 441 4450 000
459 4391 629 4449 0044440000.
651 4393 718 4447 ltem
734 4391 803 4447 luna
822 4391 946 4448 secunda
961 4400 988 4462 1]
1003 4387 1047 4444 sol
1064 4402 1113 4460 per
1126 4389 1203 4445 diem
1218 4403 1388 4461 percurrens
1406 4392 1582 4470 inlustravit,
1603 4400 1741 4459 similiter
1755 4404 1825 4462 luna

122 4483 287 4556 multiplica
300 4482 319 4540 4
333 4489 443 4555 000400,
468 4479 582 4538 00048.
597 4482 649 4537 Tot
671 4481 771 4551 puncti
787 4484 856 4536 sunt
871 4480 948 4538 inter
1003 4483 1063 4535 4040
1082 4483 1164 4534 00040
1179 4480 1354 4551 peragrando
1370 4481 1526 4541 illuminat.
1542 4487 1695 4561 llucusqne
1708 4491 1744 4548 de
1756 4490 1826 4551 luna

120 4571 211 4629 solem
234 4578 262 4628 04
285 4571 394 4639 lunam,
423 4570 476 4627 hoc
498 4574 542 4626 est
565 4583 621 4627 una
644 4569 723 4640 bora,
747 4572 776 4624 et
796 4565 814 4624 3
834 4569 944 4638 000044.
1000 4571 1144 4624 crescente
1158 4567 1288 4626 diximus
1303 4583 1353 4641 000
1367 4578 1438 4643 0004
1454 4579 1583 4646 punctos,
1606 4576 1700 4651 boras,
1717 4586 1822 4657 000400,

120 4661 242 4732 Quando
260 4659 329 4718 luna
346 4659 472 4716 secunda
489 4665 542 4730 est,
559 4656 649 4715 0008
668 4663 720 4730 400,
739 4659 813 4714 0004
830 4655 874 4714 44.
893 4659 946 4714 Tot
999 4661 1027 4712 04
1038 4657 1120 4730 04000
1129 4657 1370 4744 04000040000040
1382 4676 1472 4733 00000
1483 4664 1517 4719 ad
1529 4664 1826 4742 pleniluninm3nunc

121 4756 218 4822 partes
238 4755 307 4806 sunt
326 4748 401 4804 inter
422 4748 510 4804 solem
525 4752 553 4803 et
569 4747 676 4818 lunam,
693 4746 807 4817 qnando
822 4746 946 4804 secunda
1000 4748 1086 4803 etlam
1105 4746 1263 4818 rideamus,
1282 4750 1423 4819 quomodo
1443 4751 1512 4809 luna
1529 4754 1696 4816 decrescens
1716 4761 1825 4833 adpro·

120 4845 176 4896 est.
187 4841 255 4894 ltem
267 4838 352 4895 400440
365 4838 434 4895 4000
446 4837 610 4908 multiplica
626 4841 667 4892 ter
678 4845 797 4906 quater:
814 4833 847 4893 44
861 4836 943 4894 0004.
1002 4836 1122 4908 0400004
1133 4835 1168 4893 06
1179 4835 1268 4892 solem
1281 4838 1358 4893 omni
1371 4839 1428 4894 dle.
1442 4840 1555 4912 AEquali
1569 4858 1687 4906 numero
1700 4857 1826 4921 puncto-

120 4929 183 4984 Duc
194 4932 247 5000 400,
262 4928 335 4985 liunt
347 4926 392 4984 36.
406 4929 466 4984 Uno
478 4941 546 4999 ergo
558 4927 651 4999 signo,
665 4930 692 4982 04
706 4925 724 4981 6
736 4925 867 4996 00044000
878 4925 946 4983 4000
1002 4941 1076 4996 rum,
1093 4932 1120 4982 et
1135 4926 1269 4983 horarum
1284 4932 1312 4982 04
1325 4928 1461 5001 partium,
1475 4937 1504 4987 et
1518 4933 1665 5006 signorum
1683 4956 1774 5014 usque
1788 4945 1823 5003 ad

121 5015 142 5075 3
160 5016 311 5088 elongatur
324 5031 341 5074 a
355 5017 424 5074 sole.
441 5017 488 5073 Sic
503 5016 572 5074 luna
587 5013 604 5072 4
620 5015 791 5086 0044404400,
811 5011 844 5071 46
862 5015 946 5072 0004.
1002 5015 1197 5072 accensionem
1220 5013 1369 5073 4030040.
1391 5017 1472 5076 Sicut
1485 5034 1553 5094 0000
1573 5024 1643 5085 4000
1663 5044 1793 5090 crescens
1808 5031 1824 5090 4

121 5108 183 5164 Duc
200 5112 254 5177 ter,
274 5105 347 5163 liunt
366 5104 409 5163 l8.
429 5107 490 5162 Uno
511 5107 604 5178 slgno,
626 5110 653 5161 et
676 5103 709 5160 48
728 5105 860 5176 00044000
878 5105 947 5162 4000
1003 5104 1213 5175 00οο4400004
1235 5106 1283 5162 die
1297 5106 1477 5180 elongatura
1497 5111 1565 5184 sole,
1589 5116 1632 5174 sic
1645 5120 1732 5178 etiam
1752 5121 1820 5178 luna

121 5199 226 5267 000040
240 5194 495 5267 04000040000040.
508 5198 575 5252 ltem
587 5195 654 5251 luna
664 5193 682 5252 5
692 5195 855 5265 multiplica
867 5197 949 5267 quin·
1002 5194 1167 5250 decrescens
1182 5191 1198 5249 4
1213 5196 1329 5266 0000440
1343 5198 1421 5253 omni
1436 5199 1484 5255 die
1498 5201 1709 5281 adpropinquat
1722 5212 1756 5268 ad
1771 5224 1822 5268 so-

121 5297 179 5356 que
196 5289 308 5357 000400,
325 5286 399 5342 0004
416 5283 462 5343 40.
481 5287 533 5342 Tot
549 5286 648 5355 puncti
668 5287 736 5340 0004
751 5285 827 5341 40400
846 5286 945 5360 solem,
1003 5281 1057 5339 lem
1069 5300 1075 5338 :
1088 5286 1117 5338 04
1128 5289 1267 5354 quantum
1279 5282 1587 5348 l5lunadlstatasole
1597 5297 1759 5369 recedendo,
1773 5298 1822 5357 id-

121 5377 151 5431 04
165 5372 275 5446 40000,
288 5375 403 5447 000000
417 5375 485 5432 4000
498 5375 599 5447 004040
611 5380 664 5445 004,
676 5374 729 5431 000
741 5380 785 5430 004
796 5375 854 5431 (400
865 5375 948 5446 04000
1001 5379 1045 5430 004
1058 5370 1076 5429 5
1090 5372 1192 5444 signis,
1207 5379 1235 5429 et
1251 5371 1284 5429 l8
1300 5375 1440 5449 partibus,
1458 5378 1511 5436 boc
1530 5382 1624 5452 000440
1639 5381 1706 5440 4000
1723 5385 1756 5444 46
1769 5390 1821 5447 (44-

124 5463 257 5537 4040000;
274 5460 308 5521 40
322 5465 400 5521 enim
415 5465 514 5535 puncti
529 5465 559 5521 in
574 5463 653 5536 4000,
668 5462 721 5520 000
735 5468 778 5519 004
792 5463 857 5521 duae
872 5463 949 5523 borae
1002 5469 1058 5522 stat
1068 5477 1084 5520 0
1096 5463 1156 5520 0040
1166 5464 1433 5540 adpropinquando,
1446 5469 1499 5527 hoe
1510 5477 1553 5527 est
1563 5469 1582 5526 5
1593 5470 1696 5546 040040,
1711 5473 1744 5535 48
1754 5492 1824 5551 par.

124 5566 214 5611 unum
230 5555 346 5628 signum
363 5554 475 5612 iaciunt
487 5572 495 5626 3
508 5552 543 5612 40
555 5558 650 5611 00400
671 5552 770 5625 000044
787 5553 846 5612 600
864 5554 948 5628 04000
1003 5554 1091 5612 44000.
1107 5554 1142 5612 Et
1160 5561 1299 5626 quantum
1321 5557 1390 5617 luna
1410 5555 1444 5616 43
1462 5560 1613 5632 elongatur
1631 5564 1723 5625 00040
1743 5584 1825 5631 0000-
