3876 6090
112 214 162 274 691
728 204 907 262 auhsthsn
928 199 1196 256 Btbblotlluuhhtt
1763 197 1817 255 692

111 336 175 406 boe,
193 337 221 392 ld
239 336 333 407 ipsum
348 334 515 390 confirmat:
533 332 698 388 Anastasius
715 334 789 387 Rom.
809 330 935 384 Ecclesiae
948 327 977 387 A
991 327 1091 383 ronias
1106 327 1155 396 qui
1170 326 1294 381 scribere
1304 324 1415 393 debuit,
1428 324 1459 380 Si
1468 324 1554 378 omnis
1568 325 1621 377 naci
1636 324 1757 392 eorporis
1774 338 1818 375 nr·

113 408 332 464 bibliothecarius
351 406 494 461 transtulit
508 406 589 458 etiarn
605 404 638 457 tle
651 403 741 457 Graeco
761 404 791 455 in
806 403 935 455 Latinum
989 405 1044 457 tus.
1056 398 1099 454 uti
1113 397 1301 468 iegiturapud
1314 397 1386 467 nos.)
1395 397 1528 452 Eamdem
1539 395 1574 450 de
1586 394 1819 449 istishcttsscn-

109 481 265 550 passionem
277 478 365 532 sancti
380 477 452 530 Petri
463 475 650 530 Alcmana-rint
664 474 869 541 archiepiscopi.
887 471 936 525 i'e·
990 470 1108 525 tentiam
1123 468 1318 537 praesetulerat
1330 468 1471 523 baronius
1484 466 1514 521 23
1525 466 1626 521 huual.
1642 466 1676 520 ad
1690 478 1737 520 an.
1753 462 1817 531 3l0,

114 555 272 607 23323333
283 546 449 603 exdirersis
460 560 522 615 quae
535 545 675 600 habentur
686 544 776 599 saneti
787 543 863 598 Petri
876 555 937 610 pas-
991 540 1040 610 qui
1056 546 1084 594 et
1100 540 1172 608 ipsis
1187 539 1221 594 ad
1233 539 1436 594 contexendam
1451 538 1526 593 Petri
1538 537 1693 592 Historiam
1709 535 1820 591 naviter

115 619 257 689 sionibus,
276 630 426 689 quamnam
441 615 613 672 Anastasius
628 613 820 683 transtulerit,
836 613 937 681 33323-
991 625 1062 666 3333
1074 615 1126 665 est.
1146 612 1202 679 Ego
1217 610 1307 679 igitur
1319 609 1490 666 auctoritate
1501 607 1618 664 Baronii
1633 606 1735 675 iretus,
1751 622 1821 676 prae·

114 695 195 747 32323
209 689 435 761 cognoscendum
450 692 502 743 est.
519 686 630 742 Etenim
645 686 750 740 surius
761 685 796 739 ad
811 683 887 739 diem
901 680 937 737 96
991 686 1125 750 ternaque
1143 680 1270 736 bonitate
1285 688 1387 750 captus
1403 679 1539 735 hetorum
1557 679 1670 747 horum,
1691 677 1768 747 quia
1789 679 1818 733 in

113 758 281 817 Novembris
296 758 424 830 quadam
439 756 569 813 breviora
584 756 652 811 heta
669 756 780 824 recitat,
796 766 886 836 eaque
901 753 935 808 ab
991 756 1154 878 pervetusto
1174 751 1273 806 codice
1294 752 1386 821 reperi
1411 751 1548 806 Vaticano
1566 747 1630 810 2202.
1654 749 1819 819 passionem

113 830 265 887 Anastasio
277 842 338 885 esse
350 828 509 884 arbitratus
523 832 575 893 est,
591 831 738 897 propterea
751 826 827 896 quod
843 838 872 879 m
884 838 937 879 co-
1012 822 1252 878 aneceleberrimi
1262 822 1462 878 Alexandrina
1472 821 1556 877 urbis
1565 821 1692 890 episcopi
1702 826 1731 876 32
1740 834 1821 876 mar-

114 900 230 957 dicibus
252 900 358 972 legerat
378 898 526 970 prologum
546 899 581 953 ad
602 904 758 967 martyrum
777 909 936 950 3333323222
991 893 1065 965 tyris
1079 893 1209 949 exhibeo.

115 971 286 1042 passionem,
302 971 385 1039 cujus
402 982 488 1039 supra
503 967 703 1030 meminimus;
719 967 817 1036 itaque
833 966 935 1021 iisdem
1027 965 1131 1019 Praeter
1143 963 1569 1030 haeesineeraetlinastasiaua,
1581 962 1736 1032 dequibus
1748 961 1822 1018 bao-

115 1041 209 1097 rerbis
221 1040 425 1097 utiturSurius
436 1038 542 1108 qulbus
552 1039 722 1093 Anastasius
733 1038 762 1092 in
775 1037 854 1091 dieto
868 1050 937 1104 pro-
991 1040 1075 1091 tenus
1089 1035 1162 1105 dixi,
1181 1035 1260 1105 heta,
1275 1036 1374 1090 Latina
1387 1034 1445 1090 3223
1461 1034 1585 1106 legebam
1602 1034 1631 1088 23
1642 1033 1743 1089 codice
1756 1032 1818 1087 i'at.

115 1111 190 1183 logo,
207 1124 305 1180 nempe
316 1112 451 1180 praecipui
465 1109 582 1163 doctoris
597 1114 622 1163 et
633 1110 764 1176 martyris
778 1108 852 1161 Petri
864 1106 935 1160 Ale«
990 1103 1053 1175 699,
1069 1119 1148 1176 reque
1164 1104 1251 1161 terme
1267 1106 1404 1176 antiqu03
1420 1104 1478 1161 haec
1494 1112 1586 1159 tamen
1603 1104 1654 1159 illa
1670 1105 1735 1174 ipsa
1752 1110 1822 1160 sunt

113 1183 261 1236 eandrmae
274 1182 350 1236 urbis
365 1182 482 1250 episcopt
495 1177 547 1249 (vei
557 1180 734 1263 patriarcba,
749 1182 781 1233 32
793 1178 896 1233 Surius
910 1182 938 1232 et
993 1191 1055 1302 puae
1069 1176 1256 1233 combefisius
1274 1177 1304 1232 in
1320 1177 1402 1231 lectis
1417 1175 1584 1245 triumphis
1606 1180 1776 1245 martyrum.
1793 1190 1819 1244 p.

114 1252 311 1309 nodositates
332 1247 642 1320 inaeSuecorumnii,l
659 1247 937 1319 lautsunttamen
1009 1245 1044 1302 89
1068 1260 1158 1317 sena,
1183 1248 1278 1304 Graece
1301 1247 1394 1303 edidit
1415 1247 1570 1303 Latinitate
1595 1260 1667 1302 nova
1688 1245 1819 1317 donavit,

115 1267 938 1391 sententiaemuliieertoargumentoinnixae,transeunic-
992 1318 1061 1388 quia
1088 1323 1207 1374 veterem
1234 1317 1343 1373 codicis
1367 1317 1496 1373 23223332
1520 1321 1628 1372 textum
1654 1315 1817 1388 ignorabat.

114 1391 157 1448 rit
176 1392 316 1448 baronius
336 1392 365 1446 23
389 1390 625 1447 adnotationibus
644 1391 678 1446 ad
702 1389 936 1460 martyrologium
991 1389 1058 1444 Tria
1077 1395 1145 1444 sunt
1163 1389 1253 1461 igitur
1268 1389 1358 1444 sancti
1378 1389 1452 1444 Petri
1473 1388 1660 1443 Alexandrini
1683 1387 1821 1457 martyris

114 1462 191 1518 dicta
210 1463 266 1519 die.
287 1463 335 1518 Sic
355 1463 431 1518 enim
451 1463 511 1517 ait:
530 1482 543 1513 c
564 1461 705 1517 Habemus
726 1461 782 1516 alia
809 1461 935 1530 ejusdem
991 1460 1077 1528 hcta3
1093 1457 1116 1514 l.
1134 1460 1248 1515 Sincera
1263 1468 1359 1514 nostra
1371 1464 1399 1514 32
1414 1459 1543 1515 333233
1559 1459 1678 1528 optima,
1696 1458 1821 1514 Baronio

114 1533 188 1589 Petri
204 1533 273 1589 heta
289 1532 417 1603 pleniora
433 1534 462 1588 23
477 1536 532 1588 vet.
548 1534 610 1589 cod.
629 1546 694 1604 ms,
717 1546 780 1602 quae
799 1531 935 1602 quoniam
989 1530 1104 1600 judiam
1115 1528 1141 1585 9.
1155 1530 1286 1586 breviora
1297 1531 1347 1586 illa
1358 1530 1457 1586 latina
1467 1530 1541 1599 apud
1550 1530 1667 1586 Surium
1678 1547 1685 1596 3
1697 1527 1724 1584 3.
1737 1529 1822 1586 Gree-

113 1604 447 1673 aeouratiusconscripta
457 1610 625 1674 noscuntur,
635 1602 796 1671 Anastasio,
807 1614 937 1657 333333-
991 1615 1023 1657 ca
1038 1601 1254 1672 combefisiana,
1296 1607 1418 1657 desunt
1434 1602 1531 1657 eadem
1547 1601 1646 1656 232233
1662 1600 1692 1656 23
1707 1600 1819 1670 codice,

114 1674 214 1745 233223,
229 1675 325 1744 potins
337 1674 489 1730 tribuenda
501 1674 645 1730 videntur.
662 1676 711 1729 Est
728 1673 844 1728 illorum
857 1686 936 1728 exor-
991 1678 1023 1727 ut
1038 1672 1176 1740 diximus,
1195 1674 1256 1728 vat
1273 1617 1335 1727 lta.
1353 1674 1410 1728 Nos
1422 1686 1487 1729 vero
1503 1671 1595 1743 prima
1610 1676 1638 1726 et
1651 1672 1821 1741 prestantia

113 1744 213 1803 dium:
230 1744 261 1801 Si
275 1761 365 1801 omnes
382 1747 436 1801 mei
448 1759 580 1800 sensus.»
599 1744 718 1817 (labitur
733 1744 871 1800 memoria
886 1742 937 1798 Ba·
990 1747 1076 1815 atque
1091 1743 1200 1800 inedita
1215 1742 1413 1801 recitabimus.

756 1897 1175 1938 *Μ’-η

644 2042 1027 2149 {Nulrluttt
1082 2044 1290 2148 Aura,

148 2375 350 2434 Siomnesmei
362 2373 938 2446 corporisartusrerterenturintingens,
954 2368 1075 2442 Bdens,
1096 2372 1132 2429 ab
1149 2373 1225 2430 omni
1246 2376 1322 2431 clero
1341 2380 1369 2431 ct
1384 2375 1548 2432 Christiana
1566 2375 1648 2446 plebe
1668 2375 1823 2432 ordinatus

115 2477 269 2535 omnesque
281 2464 471 2521 membrorum
482 2476 632 2534 compages
643 2461 813 2518 articulatas
824 2461 940 2517 ederent
995 2465 1038 2516 est
1049 2461 1187 2530 pontilex,
1198 2464 1435 2520 sextusdecimus
1446 2465 1583 2521 sciliceta
1594 2467 1688 2520 blarco
1700 2478 1823 2536 evange-

115 2566 207 2623 roces,
221 2552 288 2622 quis
300 2550 342 2606 rel
358 2551 464 2622 333223,
480 2556 639 2621 quantusve
655 2548 743 2605 tuerit
756 2548 940 2605 beatissimus
996 2546 1063 2603 lista
1078 2549 1223 2621 simulque
1240 2552 1455 2623 archiepiscopo
1470 2554 1596 2623 ejusdem
1612 2551 1751 2608 civitatis.
1771 2552 1822 2608 2223

115 2641 198 2696 Pater
210 2643 306 2696 noster
319 2640 420 2695 Petrus
438 2638 638 2695 hleuudrinae
655 2637 733 2694 sedis
751 2637 941 2707 archiepisco·
996 2635 1072 2691 enim
1093 2636 1171 2692 reiut
1187 2639 1300 2695 Luciier
1318 2641 1393 2696 inter
1411 2646 1488 2696 astra
1503 2654 1688 2713 consurgens,
1704 2645 1822 2696 333323-

117 2742 181 2798 pus,
210 2727 368 2796 exprimere
394 2726 558 2783 nullatenus
582 2724 750 2782 sufficerem.
780 2725 940 2781 Praesertim
997 2739 1061 2780 rum
1077 2726 1169 2782 radiis
1183 2729 1321 2784 virtutum
1338 2729 1474 2801 emicans,
1494 2744 1587 2786 arcem
1604 2730 1670 2785 ildei
1687 2729 1823 2802 magnill-

117 2817 224 2886 quaata
238 2818 424 2884 tyrannorum
438 2813 576 2884 pericula,
594 2818 773 2884 quantosque
788 2813 941 2885 gentilium
996 2814 1162 2870 centissime
1182 2816 1367 2887 gubernabat.
1391 2821 1422 2874 23
1443 2819 1603 2888 Scriptnris
1624 2832 1691 2874 vero
1712 2818 1822 2874 divinis

116 2900 941 3001 atquehaerettcmumsubteritconuictus,papyrtsomnia
998 2902 1823 2978 priorumnulliusinlerior,adEcclesiaeutilitatematque

118 2990 239 3061 tradere,
251 2988 295 3045 vel
309 2988 430 3045 maxime
444 2989 634 3060 incongruum
648 2990 793 3060 ducamus,
810 3003 845 3045 nc
860 2989 943 3045 taro-
999 2990 1217 3048 instructionem
1225 2993 1533 3063 nobiliterinsistebau
1545 2995 1698 3066 prudentia
1707 3009 1821 3067 quoquc

118 3077 161 3135 ris
172 3077 254 3133 illius
265 3077 465 3149 panegyricum
478 3077 676 3133 commendare
688 3077 784 3148 potius
794 3078 943 3134 videamur
997 3079 1166 3150 singularis,
1178 3086 1205 3136 et
1218 3081 1248 3136 23
1261 3082 1395 3138 omnibus
1410 3082 1560 3155 perlectus,
1577 3097 1641 3138 vere
1651 3083 1786 3139 sacerdos
1795 3089 1822 3138 et

12 3156 18 3165 ’
118 3179 204 3238 quam
222 3162 397 3236 passionum,
419 3166 504 3235 cujus
528 3166 665 3235 preclaro
681 3166 787 3222 annisu
805 3165 941 3236 populum
998 3167 1092 3224 hostia
1107 3168 1156 3224 Dei
1173 3182 1239 3241 erga
1254 3184 1365 3227 omnem
1386 3171 1539 3228 sacerdotii
1559 3184 1656 3228 curam
1672 3171 1777 3228 diebus
1790 3185 1823 3227 33

117 3253 360 3327 Deoacquisitum
373 3253 483 3310 salvum
497 3251 589 3309 lacere
599 3253 874 3311 virilitereucurrit.
886 3254 945 3310 Ve-
998 3256 1132 3312 noctibus
1152 3257 1308 3329 vigilanten
1323 3260 1491 3317 desudabat.

120 3348 278 3400 rumtamen
290 3342 400 3414 quiaad
413 3342 522 3399 intimae
533 3343 761 3400 conversationis
771 3358 803 3400 ac
815 3343 944 3399 mirificae
1034 3344 1086 3399 Sed
1098 3345 1167 3416 quia
1177 3359 1288 3417 semper
1298 3347 1357 3403 zelo
1369 3349 1531 3418 paercutitur
1541 3349 1646 3418 virtus,
1657 3348 1824 3421 feriuntque

119 3432 184 3502 elus
195 3431 320 3488 33223323
331 3432 474 3488 narranda
488 3431 629 3501 preconia
644 3431 717 3487 ratio
731 3431 903 3501 succumbit,
918 3435 946 3487 et
999 3446 1126 3489 summos
1139 3431 1254 3505 fulgura
1270 3441 1390 3507 montes,
1406 3438 1575 3495 aemulorum
1593 3439 1741 3495 hincinde
1755 3438 1826 3495 mul·

120 3518 886 3588 sermosufficerenullateuusvalet,ideocommodum
897 3532 949 3574 aes·
1001 3518 1825 3598 2223223333223332333332223233.032332323233333332

120 3608 257 3665 timemus
274 3621 307 3663 33
326 3606 506 3664 solummodo
525 3605 696 3661 describere.
718 3606 825 3677 quibus
844 3606 946 3676 utique
1000 3614 1125 3678 tempore
1140 3608 1206 3664 vitae
1228 3625 1286 3666 suae
1297 3612 1327 3668 23
1351 3615 1547 3683 perseeutione
1565 3616 1653 3688 degit.
1673 3615 1828 3672 ordinarit

121 3695 156 3752 ad
177 3695 361 3765 pontldcatus
380 3695 490 3764 apicem
511 3693 711 3749 conscendisse
732 3695 884 3762 pandatur,
907 3701 944 3765 et,
960 3682 985 3745 C
1002 3696 1332 3771 intereaquinquaginta
1344 3707 1371 3756 et
1383 3703 1510 3774 quinque
1521 3704 1681 3774 episcopos.
1693 3704 1828 3760 223232233

121 3782 191 3839 Ario
201 3796 217 3838 3
228 3781 370 3838 catholiea
382 3781 494 3836 unitate
507 3780 637 3852 praeciso,
654 3780 870 3851 martyrialibus
880 3781 949 3837 lau·
1002 3783 1137 3855 denique,
1148 3787 1264 3843 nomine
1274 3792 1301 3844 et
1313 3795 1404 3845 mente
1416 3791 1600 3863 nigerrimus,
1612 3794 1687 3862 apud
1698 3795 1828 3864 Lycope-

123 3869 181 3926 reis
194 3869 234 3925 sit
247 3873 411 3925 coronatus.
433 3869 514 3923 Hunc
529 3871 621 3923 tamen
639 3867 798 3939 gloriosum
818 3869 899 3925 tinem
915 3883 948 3925 ac
1004 3872 1123 3929 2223333
1137 3875 1450 3936 urbemsehismatieus
1464 3878 1829 3952 iactusestpraesu13mul-

124 3955 269 4028 magnihci
288 3955 456 4011 certaminis
475 3955 634 4024 speculum,
654 3969 745 4026 operae
767 3957 889 4027 pretium
905 3959 949 4015 eis
1003 3965 1032 4016 ta
1056 3963 1172 4032 quidem
1194 3965 1292 4021 contra
1311 3981 1453 4024 canonum
1469 3982 1556 4039 agens
1576 3970 1714 4041 regulam,
1738 3983 1829 4040 supe-

123 4042 253 4100 suhioere
273 4043 368 4113 credo,
385 4042 436 4113 qui
453 4049 577 4098 nostram
592 4044 745 4101 attendunt
758 4045 947 4118 devotionem,
1004 4063 1129 4122 ransque
1139 4052 1226 4108 etiam
1237 4060 1420 4112 cruentorum
1432 4057 1558 4113 miiitum
1569 4056 1722 4131 feritatem,
1735 4059 1786 4129 qui
1799 4059 1829 4113 23

124 4144 158 4188 33
170 4131 233 4187 3233
244 4130 385 4186 mendacii
398 4128 464 4186 luco
473 4131 628 4188 veridicam
641 4146 696 4188 non
707 4134 867 4205 ambigunt,
880 4148 951 4191 nar-
1004 4139 1119 4194 Domini
1130 4141 1263 4209 passione
1273 4143 1357 4199 veriti
1369 4150 1436 4199 sunt
1446 4146 1623 4202 bominicam
1636 4147 1769 4203 scindere
1780 4152 1831 4203 tu-

1006 4227 1098 4282 nicam
1111 4246 1118 4297 3
1132 4230 1201 4285 adeo
1215 4229 1319 4286 laxatis
1335 4230 1454 4288 insaniae
1470 4235 1637 4304 raptabatur
1649 4235 1781 4304 habenis,
1799 4240 1831 4291 ut

127 4306 294 4364 inchoantes
312 4306 464 4363 exordium
485 4307 580 4377 ipsius
599 4309 761 4380 flagitemus
780 4310 949 4384 emtionem,
1005 4315 1173 4371 catholicam
1185 4317 1320 4374 scindens
1330 4319 1497 4393 Ecclesiam,
1512 4336 1567 4378 non
1583 4323 1677 4380 solum
1691 4338 1741 4393 per
1752 4324 1830 4380 civi-

127 4403 161 4455 32
175 4410 227 4453 333
241 4409 303 4454 eam
319 4402 419 4453 nostro
434 4397 508 4467 styla
522 4397 743 4467 cooperatricem
760 4397 863 4454 habere
877 4413 952 4471 gau-
1005 4406 1077 4457 tates
1089 4403 1211 4474 AEgypti,
1228 4406 1275 4460 sed
1291 4405 1376 4461 etiam
1393 4422 1443 4477 per
1457 4409 1542 4464 villas
1556 4411 1627 4480 ejus,
1641 4425 1709 4466 suos
1721 4424 1831 4482 sequa-

125 4485 253 4544 deamus.
1005 4503 1053 4546 ces
1071 4490 1217 4546 ordinaret
1236 4493 1395 4566 episcopos,
1415 4501 1442 4551 ct
1459 4496 1534 4552 nihil
1556 4498 1582 4553 32
1599 4512 1675 4554 eura
1693 4500 1729 4555 de
1749 4501 1830 4555 Petro

161 4573 334 4630 Alexandria
346 4573 437 4645 igitur
450 4570 522 4628 urbs
534 4571 659 4641 copiose
672 4574 883 4645 magnitudinis
897 4581 950 4648 est,
1006 4582 1077 4644 erat,
1094 4577 1151 4633 imo
1163 4590 1213 4633 nec
1224 4578 1383 4637 decbrtsto
1394 4583 1445 4653 qui
1454 4589 1514 4640 erat
1525 4584 1555 4640 in
1566 4586 1658 4642 Petro.
1670 4588 1744 4643 iluic
1756 4601 1832 4657 pra-

129 4675 192 4732 quae
211 4661 479 4733 nonAEgyptiorum
498 4660 687 4733 solummodo,
705 4663 752 4718 sed
771 4664 856 4720 etiam
876 4667 954 4722 The·
1008 4665 1083 4721 23233
1117 4664 1204 4721 Arius
1221 4666 1332 4723 'adbuc
1367 4668 1461 4726 laicus
1495 4673 1667 4742 adherebat,
1709 4676 1829 4731 necdum

129 4747 254 4804 baeorum
273 4754 359 4818 atque
378 4746 547 4817 Libycarum
570 4748 644 4805 haud
665 4750 762 4818 procul
781 4751 817 4806 ab
835 4752 953 4825 AEgypta
1007 4753 1134 4809 clericali
1146 4759 1262 4811 tonsura
1275 4761 1400 4828 3323233,
1414 4763 1531 4831 eratque
1545 4760 1721 4833 illiejusque
1730 4763 1829 4819 (23332

130 4832 325 4903 principatum
347 4838 433 4890 23332.
456 4835 617 4892 salutifera
639 4843 733 4894 33233
755 4840 821 4896 2333
844 4841 951 4899 Christi
1006 4842 1158 4898 admodum
1175 4843 1299 4914 charus,
1316 4859 1366 4901 nec
1384 4848 1542 4905 immerito:
1561 4864 1643 4907 3333
1657 4852 1777 4921 332332,
1800 4856 1831 4908 32

129 4920 245 4979 nemim
254 4921 344 4978 nostri
358 4921 566 4983 incarnationis
575 4925 764 4990 ducentorum
774 4931 917 5002 octoginta
925 4938 953 4988 32
965 4923 993 4984 D
1007 4930 1049 4986 322
1062 4931 1219 5002 Scriptura,
1232 4932 1328 4988 323223
1338 4933 1395 4990 sibi
1406 4936 1515 5008 diligit.
1527 4938 1577 4994 2223
1588 4944 1682 4995 33233
1691 4940 1830 5012 cognitis,

131 5007 260 5079 quinque
271 5021 409 5066 annorum
423 5011 553 5069 circulus
564 5014 740 5086 volvebatur,
755 5031 820 5074 cum
834 5032 954 5075 venera-
1006 5019 1053 5075 vir
1070 5019 1184 5076 Domini
1205 5035 1324 5079 moerore
1343 5023 1489 5082 coniectus
1510 5027 1582 5083 hanc
1600 5030 1830 5098 persecutionem

130 5095 202 5153 bilis
213 5095 341 5153 Theonas
352 5099 479 5168 eiusdem
494 5101 623 5158 civitatis
637 5117 707 5174 papa
723 5106 844 5162 aethereo
856 5108 953 5165 volatu
1007 5107 1102 5163 aiebat
1113 5109 1235 5178 pejorem
1249 5124 1310 5168 csse
1323 5113 1428 5182 priore.
1442 5114 1477 5170 Et
1488 5114 1555 5170 22332
1568 5115 1742 5187 quibusdam
1757 5118 1830 5173 late-

132 5182 260 5242 coelestia
272 5197 357 5258 regna
366 5189 532 5245 conscendit
546 5201 569 5243 e.
580 5190 633 5247 Cui
646 5191 769 5261 proiecto
780 5199 954 5252 memoratus
1008 5196 1243 5269 brisabseonsus,
1255 5204 1346 5257 tamen
1359 5215 1409 5271 pro
1419 5202 1532 5258 viribus
1540 5202 1753 5262 exhortatorios
1762 5205 1831 5262 ubi·-

132 5270 235 5329 Petrus
245 5273 280 5330 ad
297 5274 486 5332 ministranda
501 5277 633 5335 Ecclesiae
646 5280 839 5352 gubernacula
852 5296 955 5339 succe-
1008 5285 1670 5363 quedirigensapiccs,predicansqueEcelesiae
1677 5295 1829 5365 unitatem,

67 5380 70 5389 '
168 5378 278 5447 ⁸‘hpud
290 5379 407 5462 22333222
424 5380 609 5456 Chronieum,
627 5384 656 5441 in
675 5389 796 5456 utraque
811 5400 872 5444 mea
888 5389 956 5444 edi·
1008 5403 1065 5459 non
1073 5390 1180 5466 obitus,
1189 5392 1237 5450 secl
1248 5393 1364 5460 initium
1373 5396 1555 5470 episcopatus
1565 5397 1687 5455 Theona
1696 5398 1830 5457 sciemur.

134 5447 214 5529 lione
225 5449 429 5508 Mediolanensi
441 5464 474 5508 ac
487 5454 622 5526 Romana,
635 5455 670 5511 ad
684 5456 760 5512 hunc
773 5456 831 5513 tere
845 5472 953 5522 333323
