3876 6090
735 178 914 239 ANasltsn
938 174 1209 235 annuntiasset

191 310 328 369 11111111.
344 310 380 366 at
392 315 456 382 post
472 311 631 381 pouaillmn
653 329 661 365 :
684 310 863 366 convincunt
888 320 941 362 au·
957 299 986 360 Α
998 315 1056 374 eos,
1071 303 1121 374 qui
1135 301 1275 374 Pyrrhum
1289 301 1522 372 reprobaverunt,
1536 299 1772 372 anathematizat,
1788 315 1828 358 se

198 399 320 472 seipsos,
346 400 420 471 quod
445 398 494 456 isti
519 400 600 456 ualde
619 399 768 455 manifeste
792 395 943 453 fortissimi
998 391 1061 447 dem
1073 391 1236 460 itomanam,
1252 390 1280 446 id
1296 394 1339 446 est
1351 388 1521 446 catholicam
1533 388 1692 445 Ecclesiam
1704 389 1829 446 1111111-

177 503 192 546 1
206 488 337 552 fecerint,
350 493 379 546 et
391 489 557 545 nullatenus
573 489 631 545 ille.
647 491 744 559 Neque
758 487 834 543 euim
850 484 946 556 quud·
990 480 1115 538 Ι11111111
1129 499 1135 536 :
1150 480 1251 536 omitto
1261 479 1337 535 enim
1348 478 1453 541 dicere,
1464 477 1641 548 qulautique
1651 482 1680 533 et
1687 477 1827 549 seipsum,

169 576 780 651 111111111111111111111111,11111111
802 574 860 631 alia
883 573 946 628 cir·
1001 570 1051 640 qui
1067 569 1135 625 talis
1147 572 1199 638 est,
1216 567 1242 624 si
1257 568 1398 624 duntaxat
1412 565 1612 623 sediliumanae
1621 565 1828 635 communicat,

162 665 293 725 uulatus.
308 667 373 723 Post
388 667 480 721 brevio
491 685 497 722 ι
510 668 549 722 De
564 666 672 738 quibus
690 665 825 722 omuibus
847 661 944 719 miseri
1000 657 1206 730 catholicaeque
1216 656 1266 713 Dei
1276 655 1416 712 Ecclesiae.
1431 654 1555 711 Obsecro
1566 654 1668 728 igitur,
1679 653 1829 710 benedicte

156 755 461 827 csensusapostclicae
479 753 547 811 faeti
561 759 630 812 sunt
646 755 734 825 sedis,
749 759 777 810 et
800 753 875 825 quod
903 754 946 806 est
999 747 1115 804 domine
1141 746 1191 808 ml,
1208 745 1361 817 praecipere
1375 744 1519 814 omnibus,
1536 757 1571 799 ue
1597 743 1740 815 Pyrrhum
1760 757 1830 799 san-

148 859 192 917 11,
205 844 263 902 imo
276 849 309 902 ut
321 845 413 917 magis
424 844 539 915 proprie
550 844 690 914 dicamus,
705 843 828 900 lamento
838 840 946 913 dignis
1000 836 1162 893 ctissimum
1175 834 1219 891 uel
1232 834 1388 890 almificum
1405 833 1562 889 nominent.
1575 833 1673 903 Neque
1683 831 1762 888 enim
1775 831 1829 887 tale

141 947 236 1005 mum,
259 938 357 1005 utpote
386 932 502 990 illorum
527 933 782 990 demonstrativum
806 930 944 1000 audaciae,
1002 925 1070 998 quid
1085 938 1165 982 saera
1179 923 1276 997 regula
1297 936 1362 979 eum
1384 922 1479 981 111111
1506 921 1659 993 permittit,
1680 920 1704 977 Α
1727 927 1829 976 cuncta

134 1035 170 1081 ,11
180 1022 318 1080 aduersus
331 1022 421 1093 ipsam
434 1022 619 1092 apostolicam
635 1021 729 1078 sedem
756 1018 871 1075 mentiri
901 1022 947 1073 te-
1001 1015 1077 1072 enim
1097 1013 1201 1071 cecidit
1221 1012 1384 1082 sanctitate,
1407 1011 1457 1083 qul
1481 1011 1617 1067 nimirum
1642 1009 1678 1066 ab
1703 1010 1828 1066 Ecclesia

128 1124 195 1171 uere
209 1111 342 1184 pigritati
356 1114 444 1167 sunt:
460 1111 508 1167 sed
520 1111 603 1182 quasi
619 1109 700 1166 illius
714 1108 805 1165 effecti
817 1106 946 1177 consilii,
1001 1104 1143 1162 catholica
1158 1109 1259 1176 sponte
1274 1101 1410 1174 prosiliit.
1426 1102 1488 1158 Nun
1501 1101 1577 1158 euim
1591 1099 1688 1158 fasest
1699 1100 1784 1157 illum
1797 1115 1828 1156 11

120 1198 252 1260 11111111
279 1199 401 1272 quodam
426 1198 462 1255 ab
484 1212 517 1256 ea
546 1205 657 1270 recepto
677 1198 800 1266 decreto,
831 1197 861 1252 iu
885 1195 947 1251 suis
1003 1208 1174 1265 quacunque
1187 1193 1270 1249 laude
1280 1190 1489 1264 cognominari,
1502 1191 1552 1262 qui
1565 1190 1704 1260 jamulim
1718 1188 1831 1246 damna·

118 1287 946 1360 mutextisproimpiaecthesiactionibussecummagnum
1003 1276 1828 1353 tusest,etablectusabapostolicasedeNumanaeurbis,

122 1376 280 1436 1111111111
294 1382 476 1448 acceperuut,
489 1391 548 1433 suae
572 1375 804 1448 praesumptionis
826 1378 949 1430 attesta-
1003 1372 1038 1429 ob
1053 1367 1830 1441 11111111111111111111111.1111111111111111111

121 1467 228 1525 tionem
243 1466 278 1523 ad
291 1465 366 1523 alios
379 1465 515 1522 facientes
525 1466 581 1522 riri
596 1466 625 1521 in
638 1479 724 1522 eausa
737 1463 852 1535 pictatis
863 1464 949 1520 maxi·
1002 1477 1157 1520 conversus
1169 1463 1203 1519 ad
1220 1463 1321 1533 ipsam,
1349 1460 1406 1516 imu
1430 1459 1463 1515 ad
1485 1458 1638 1515 Dominum
1664 1459 1755 1514 Deum
1778 1471 1830 1514 nu-

119 1568 193 1613 mam
215 1553 410 1612 eminentiam.
441 1554 512 1625 Quis
539 1554 681 1625 11111111
706 1552 897 1610 famosissime
920 1556 949 1608 et
1003 1556 1093 1607 strum
1111 1565 1160 1622 per
1175 1551 1250 1622 piam
1263 1547 1472 1606 confessionem
1483 1550 1511 1602 et
1534 1545 1724 1603 orthodoxam
1738 1545 1829 1617 fldem,

119 1642 406 1716 quallssopnrontus
422 1643 481 1698 baec
492 1648 520 1698 et
531 1648 588 1699 tam
605 1643 741 1699 atrociter
762 1647 791 1697 11
817 1656 866 1712 per
880 1647 949 1697 tan·
965 1621 989 1682 Β
1003 1654 1059 1713 qua
1077 1640 1332 1697 sanctificationem
1349 1637 1479 1708 recipiat,
1503 1640 1692 1707 sanctumque
1705 1635 1832 1694 vocabu-

120 1737 181 1790 tuur
195 1733 333 1803 temporis
344 1730 436 1789 lacere
449 1732 496 1788 bis
507 1731 673 1802 falsiloquis
695 1729 862 1801 persuasit?
885 1743 948 1801 quae
1003 1730 1072 1786 lum.
1090 1729 1187 1802 ltaque
1199 1728 1296 1784 sinuit
1309 1726 1464 1783 boeretieus
1479 1737 1570 1796 neque
1581 1737 1654 1794 esse,
1671 1738 1766 1796 neque
1777 1738 1832 1781 au-

121 1821 174 1879 111
186 1834 243 1879 111
259 1821 370 1893 rogavit
385 1820 538 1877 Ecclesia?
553 1820 620 1892 quis
641 1820 706 1890 pius
728 1824 756 1875 et
771 1819 948 1875 orthodoxus
1002 1819 1073 1888 diri,
1090 1832 1146 1875 non
1163 1810 1328 1874 istiaut'illi
1342 1813 1513 1883 satisfaciat,
1531 1813 1711 1883 superdeum
1727 1814 1832 1884 quippe

121 1922 178 1967 uon
193 1907 370 1981 supplicarit
384 1909 515 1978 antistes,
531 1920 642 1964 cessare
658 1909 725 1965 illos
735 1921 751 1964 1
763 1907 879 1977 propria
893 1907 948 1963 lum
1004 1908 1057 1965 boc
1072 1913 1100 1964 et
1113 1906 1312 1964 irrationabile
1323 1909 1387 1974 est,
1403 1904 1470 1974 quia
1481 1903 1558 1959 sicut
1575 1916 1633 1959 uno
1650 1908 1753 1959 contra
1769 1917 1830 1960 eum

121 1999 179 2058 resi
192 1997 342 2056 1111111111
356 2002 384 2053 11
403 1996 596 2055 obtestando?
609 1997 756 2069 Siquidem
781 1996 949 2055 ultimasua
1005 1998 1197 2056 scandalizato
1212 2009 1311 2054 omnes
1335 1992 1521 2051 scandalizati
1541 1997 1620 2062 sunt,
1650 1991 1694 2048 ita
1721 2006 1833 2064 quoquc

121 2086 286 2160 exspirabat
298 2100 377 2144 sacer
390 2087 541 2157 Arcadius,
556 2087 726 2158 etsplritum
738 2088 794 2143 beo
808 2086 946 2157 trudebat,
1006 2102 1063 2144 unu
1078 2085 1235 2153 satisfacto,
1251 2098 1350 2141 omnes
1365 2081 1556 2154 proculdubio
1570 2079 1729 2137 satisduut.
1746 2082 1830 2138 Festi·

121 2177 170 2239 sed
184 2191 235 2235 uec
246 2190 338 2248 usque
350 2176 385 2233 ad
404 2176 502 2233 boram
518 2176 598 2233 illam
621 2190 670 2233 eos
691 2189 791 2249 rogare
816 2176 948 2232 cessavit.
1005 2182 1052 2233 net
1066 2190 1116 2247 pro
1130 2174 1266 2233 omuibus
1280 2174 1340 2231 sedi
1356 2174 1488 2230 lfomana
1499 2170 1674 2227 satisfacere.
1691 2171 1833 2229 Haceuim

120 2269 229 2338 Etpost
249 2282 340 2336 pauco
356 2284 362 2322 :
379 2264 454 2336 Quid
479 2269 574 2321 111111
602 2269 630 2321 11
655 2265 774 2322 divinus
794 2264 949 2337 llonurius,
1005 2264 1162 2335 satisfacta,
1176 2263 1366 2321 communiter
1382 2262 1490 2333 ubique
1504 2275 1602 2318 omnes
1620 2261 1702 2331 pium
1719 2259 1884 2317 buncet...

122 2354 193 2428 quid
206 2368 272 2411 vero
285 2359 314 2410 et
336 2359 398 2425 post
413 2353 496 2411 illum
515 2353 668 2410 severinus
689 2352 880 2426 senequuid
897 2355 952 2411 de·
1005 2355 1196 2413 orthodoxum
1212 2352 1418 2424 praedicabunt.
1435 2353 1504 2407 Nam
1523 2350 1630 2407 frustra
1653 2349 1908 2407 solummcdm·

126 2443 216 2516 utque
227 2447 256 2499 et
268 2443 303 2514 lo,
320 2443 370 2515 qui
387 2441 542 2514 posthunc
559 2442 681 2511 exstitit,
709 2455 788 2499 sacer
801 2443 923 2499 loannes
936 2442 951 2497 f
1007 2443 1146 2516 loquitur,
1160 2443 1209 2515 qui
1223 2442 1294 2497 mibi
1304 2438 1910 2510 similessuadendosacsubriptendo=

56 2589 61 2605 ,
123 2532 211 2591 Purra
224 2532 250 2589 ts
265 2531 315 2603 qui
328 2545 404 2589 nune
420 2531 553 2602 praesidet
566 2531 751 2589 beatissimus
764 2532 952 2602 papaomisit
1007 2536 1099 2604 putat,
1114 2536 1142 2588 et
1158 2545 1213 2588 nou
1226 2529 1368 2588 satisfacit
1381 2534 1410 2585 et
1427 2529 1562 2600 implorat
1576 2528 1771 2586 sanctissimae
1788 2529 1826 2585 lto
1905 2557 1912 2568 ·

125 2620 285 2694 quidquam
300 2620 507 2691 supplicationi
522 2619 717 2677 conveniensi
738 2622 836 2678 Nonne
849 2621 953 2678 Oriens
1008 2635 1156 2680 manorum
1171 2620 1305 2677 Ecclesiae
1319 2619 1518 2676 beatissimum
1535 2632 1648 2690 papam,
1669 2618 1698 2673 id
1715 2623 1761 2674 est
1776 2631 1912 2689 apo-

122 2713 202 2768 tutus
212 2715 242 2766 et
252 2709 392 2766 Occidens
404 2708 553 2779 lacrymas,
571 2708 704 2782 lamenta,
727 2709 949 2783 obsecrationes,
1007 2711 1138 2770 stolfeam
1156 2712 1336 2781 sedemque
1351 2707 1386 2764 ab
1400 2709 1462 2779 ipso
1483 2707 1632 2764 incarnato
1653 2707 1706 2764 Dei
1734 2706 1825 2764 l'erbo
1903 2747 1909 2776 ,

122 2799 337 2871 deprecationes
349 2811 383 2854 ex
395 2811 486 2870 aequo,
503 2803 560 2854 tam
573 2799 632 2855 Deo
647 2799 851 2869 perorationes
866 2813 951 2871 quam
1007 2800 1099 2858 sedet
1112 2798 1246 2856 omuibus
1265 2796 1375 2854 sanctis
1396 2796 1522 2868 synodis,
1552 2796 1712 2853 secuudum
1743 2809 1908 2852 suero-5

123 2884 872 2960 11111111111111111111111115111111111111
897 2889 954 2947 bo·
1007 2904 1131 2949 canones
1163 2896 1192 2947 11
1223 2889 1372 2957 terminos,
1394 2888 1592 2946 universarum
1614 2901 1679 2958 quas
1716 2887 1748 2944 in
1782 2892 1905 2944 tot-u

124 2989 189 3035 rum
212 2975 339 3048 profecto
351 2975 499 3033 beatorum
514 2976 643 3034 virorum
665 2977 748 3033 tinem
774 2978 902 3048 admisit,
925 2946 992 3035 etG
1008 2985 1149 3039 terrarum
1165 2979 1322 3049 orbesunt,
1339 2981 1502 3034 sanctarum
1522 2976 1571 3032 bei
1596 2976 1793 3033 Ecclesiarum
1810 2977 1899 3032 1-1

123 3077 217 3137 proea
233 3063 438 3122 vicissitudine
454 3065 598 3123 insaecula
619 3066 806 3123 conservavit.
834 3067 880 3123 llli
895 3081 954 3124 au-
1007 3069 1143 3128 omnibus
1157 3072 1185 3125 et
1205 3066 1362 3138 peremnia
1378 3065 1505 3137 percepit
1519 3071 1547 3121 et
1570 3062 1657 3121 babet
1670 3065 1851 3137 imperiunu
1884 3106 1891 3135 ,

98 3188 103 3202 ι
124 3159 181 3212 1111
193 3152 309 3211 Domini
332 3159 545 3211 contemnentes
569 3155 712 3225 inducias,
728 3154 763 3212 ad
786 3156 953 3215 111111111-
1007 3158 1209 3216 auctoritatem
1222 3162 1251 3212 et
1269 3160 1434 3226 potestatem
1462 3153 1572 3226 ligandi
1593 3153 1682 3225 aique
1696 3154 1883 3212 soluendi.

124 3256 189 3301 nem
201 3243 254 3302 bos
268 3241 391 3316 benigne
401 3242 592 3316 cohortantes,
610 3248 639 3300 et
660 3244 762 3301 luorum
773 3245 953 3318 egregiorum
1007 3247 1077 3306 cum
1092 3247 1145 3304 lroc
1158 3246 1233 3303 euim
1248 3244 1320 3316 ligat
1331 3248 1359 3300 et
1370 3243 1456 3301 soluit
1469 3244 1555 3300 etiam
1570 3243 1598 3299 in
1613 3243 1688 3301 coelo
1704 3245 1876 3315 l'erburn,

124 3329 198 3389 facta
211 3343 262 3402 per
274 3334 316 3388 tut
335 3334 461 3402 tempora
477 3330 689 3403 supplicatione
715 3336 870 3405 torpentes,
895 3347 955 3390 suae
1008 3336 1084 3408 quod
1100 3331 1430 3391 eoelestibusvirtutibus
1441 3330 1631 3402 principatur.
1640 3331 1671 3388 si
1680 3333 1871 3390 enimalios

124 3433 304 3493 nequaquam
331 3420 408 3492 passi
437 3425 506 3477 suut
529 3421 671 3478 coelestem
702 3420 786 3477 fidem
811 3420 953 3492 praeferre.
1009 3423 1123 3496 quidem
1135 3419 1355 3478 satisfaciendos
1366 3419 1457 3492 ducit,
1475 3425 1503 3476 et
1517 3419 1719 3478 beatissimum
1743 3422 1862 3478 Numa-

122 3511 188 3567 Pust
203 3511 321 3581 otique:
337 3511 459 3568 birinus
480 3522 547 3581 ergo
574 3523 750 3583 magnusque
775 3510 955 3582 Sophronias
1009 3525 1077 3569 num
1098 3524 1197 3582 papam
1223 3523 1403 3580 nequaquam
1426 3508 1570 3580 implorat,
1587 3509 1688 3566 simile
1703 3510 1852 3582 quiddam

125 3597 410 3658 tunealexaudrtam
425 3597 553 3667 veniens,
570 3611 635 3654 mox
655 3611 690 3654 ex
714 3598 806 3669 prima
833 3598 955 3656 lectione
1008 3600 1116 3673 agitet,
1133 3600 1183 3672 qui
1202 3597 1275 3655 forte
1301 3597 1453 3655 homicidii
1476 3598 1518 3654 111
1541 3590 1665 3656 alferius
1690 3600 1844 3670 cedualam

125 3686 252 3761 (dederat
263 3685 340 3742 enim
355 3685 954 3758 11111111110111111111111111111111111
1009 3688 1144 3746 criminis
1158 3688 1352 3760 redarguitur,
1369 3692 1397 3743 11
1418 3687 1559 3744 insontem
1575 3687 1623 3743 sed
1649 3701 1707 3745 non
1728 3689 1767 3755 ei,
1788 3688 1836 3761 qui

126 3788 226 3834 uorem
240 3773 400 3844 impietatis
414 3772 551 3846 capitula)
564 3773 685 3846 lugubre
700 3775 836 3847 quiddam
851 3781 880 3832 et
905 3777 955 3833 fn-
1009 3777 1165 3834 secundum
1181 3776 1257 3849 leges
1267 3775 1416 3845 judicandi
1427 3776 1493 3845 jura
1506 3775 1630 3832 sortitus
1638 3780 1694 3846 est,
1705 3775 1831 3833 exhibere

126 3877 195 3937 gens
205 3861 388 3934 vociferatus,
402 3862 650 3920 fontesemittebat
660 3864 859 3940 lacrymarum,
870 3866 953 3923 illum
1008 3866 1125 3923 festinat
1139 3885 1145 3922 ε
1158 3865 1206 3922 sed
1223 3869 1333 3921 tantum
1349 3864 1495 3921 inutiliter
1507 3870 1534 3921 et
1548 3864 1612 3921 sine
1627 3865 1711 3922 lucro
1725 3865 1824 3937 1111111

126 3951 235 4010 fervide
249 3950 410 4021 obsecrans,
425 3950 603 4024 supplicans,
617 3952 812 4026 expostulans,
825 3955 854 4011 in
869 3954 955 4026 pavl—
1009 3954 1130 4025 priuatis
1143 3952 1492 4011 bominibusmunditiam
1504 3959 1665 4010 monstrare
1677 3955 1724 4011 sui
1735 3951 1812 4024 satagi

127 4044 221 4096 mento
232 4038 467 4114 lpsiusrestigiis
484 4040 662 4114 provolutus,
679 4056 736 4114 quo
751 4043 826 4099 nibil
850 4045 953 4101 borum
1007 4049 1099 4116 actus,
1113 4044 1164 4116 qui
1177 4043 1284 4110 nullam
1301 4041 1424 4098 babeant
1437 4056 1467 4098 se
1480 4040 1640 4100 soluendis
1656 4044 1775 4099 11111111
1786 4043 1820 4111 pt·

126 4143 212 4200 super
232 4128 379 4186 ambonem
396 4134 495 4188 cuutra
522 4129 691 4187 catholicam
721 4131 774 4187 bei
798 4132 953 4190 Ecclesiam
1009 4138 1147 4190 testatem.
1162 4120 1350 4203 Quapropter,
1369 4130 1516 4188 benedicte
1532 4131 1571 4187 rui
1593 4132 1720 4204 domiue,
1743 4131 1816 4188 adbuc

125 4218 304 4291 predicaret,
321 4219 427 4293 quippe
442 4233 507 4277 cum
531 4219 590 4276 11111
609 4219 723 4290 liquido
750 4220 832 4291 impii
860 4228 956 4280 essent
1010 4223 1101 4294 magis
1121 4221 1240 4278 extende
1253 4219 1482 4291 preceptionem,
1511 4235 1573 4291 quae
1598 4220 1669 4277 bene
1691 4220 1815 4290 subisti

124 4306 300 4380 Apollinarii
319 4310 460 4382 dogmata.
475 4310 511 4363 Et
528 4309 614 4379 poulo
630 4313 694 4378 post
720 4325 727 4362 ι
756 4309 864 4367 taliter
886 4312 953 4382 1111,
970 4311 1167 4378 Dsecundum
1180 4310 1318 4381 placitum
1333 4309 1383 4364 Dei
1396 4309 1457 4364 visa
1472 4308 1563 4366 fuisse
1574 4308 1814 4381 digressumque

125 4398 228 4455 omibi
242 4412 299 4469 prae
314 4398 450 4456 omnibus
465 4396 646 4454 reverendam
665 4402 761 4468 caput,
786 4399 885 4457 divina
897 4402 955 4459 Deo
1011 4400 1119 4458 nemini
1131 4399 1278 4455 licentiam
1288 4398 1391 4455 babeat
1402 4398 1456 4454 iste
1465 4398 1624 4469 quidquam
1633 4399 1713 4472 loqui
1722 4404 1748 4456 et
1758 4393 1814 4454 ullu

128 4485 239 4556 perosis
257 4485 508 4552 insultationibus,
533 4489 562 4541 et
588 4484 709 4559 invicem
733 4487 856 4544 scenicis
880 4503 956 4561 quo-
1010 4489 1060 4561 qui
1073 4487 1217 4561 dogmatis
1230 4501 1326 4544 causa.
1340 4487 1392 4543 Sed
1407 4486 1520 4558 liquido
1538 4487 1645 4544 discite
1663 4488 1812 4546 voluntatem

127 4573 278 4631 dammodo
293 4572 482 4631 illusionibus
497 4571 669 4644 lacerabant,
685 4579 714 4631 et
726 4576 954 4635 sacratissimum
1010 4578 1098 4648 hujus
1116 4576 1313 4633 abundantius
1332 4576 1546 4648 investigantes,
1571 4576 1598 4633 si
1620 4577 1691 4633 uelit
1713 4578 1812 4634 annueri

125 4659 318 4730 sophronium
349 4666 406 4718 1111
437 4660 643 4718 miserabiliter
663 4662 829 4734 lamentum,
855 4670 955 4738 utpote
1010 4668 1125 4738 penitus
1137 4665 1319 4722 ueritatizet
1338 4665 1364 4721 si
1379 4666 1430 4722 boc
1445 4679 1528 4737 agere
1540 4666 1697 4739 studuerit,
1711 4653 1809 4723 eradii

126 4749 330 4807 contritionem
347 4749 586 4820 morecujusdam
600 4751 880 4810 secundiltteremtae
903 4768 956 4812 ca·
1010 4757 1166 4814 1111111111
1178 4755 1317 4812 rationem
1333 4755 1483 4825 accelerat,
1507 4755 1667 4812 hermuini
1693 4759 1800 4817 eumiil

126 4835 401 4897 tbolicaedefeutem
423 4839 566 4897 Ecclesia.
594 4844 763 4912 tantumque
788 4842 953 4900 divinorum
1009 4846 1166 4919 gestionem
1177 4843 1721 4902 conuenienterfaeereadbeatissimum
1734 4848 1793 4916 pali

127 4924 239 4998 lapsum
252 4925 323 4985 bene
336 4927 418 4985 ualde
436 4933 464 4986 et
488 4929 764 5000 compatientissime
787 4931 952 5003 dogmatum
1008 4936 1167 4992 Romanum
1183 4953 1189 4989 ι
1208 4938 1349 5006 quatenus
1366 4933 1409 4990 sic
1434 4947 1483 5004 per
1505 4932 1588 4990 illius
1611 4933 1737 4991 diuinam
1761 4940 1786 5003 pr

95 5087 97 5092 .
126 5013 332 5087 deplorantem,
349 5016 758 5076 nullatenusconsolatlsuut.
775 5019 955 5091 Etpastnon·
1007 5023 1178 5095 ceptionem,
1203 5021 1375 5095 regulariter
1398 5036 1460 5093 quae
1485 5021 1562 5078 cirea
1593 5022 1689 5094 ipsum
1714 5021 1773 5078 suut

126 5104 205 5159 1111111
220 5121 229 5159 =
243 5103 274 5161 Si
287 5104 364 5161 euim
376 5106 500 5162 Numana
516 5105 597 5162 sedes
613 5118 670 5162 non
693 5106 786 5163 solum
801 5109 952 5181 reprobum
1006 5111 1208 5168 decentissime
1224 5111 1386 5167 moderetur
1411 5110 1445 5167 ad
1470 5109 1591 5182 gloriam
1610 5111 1662 5168 Dei
1684 5116 1712 5168 et
1732 5119 1771 5167 ret

125 5193 277 5267 Pyrrhum,
290 5193 339 5251 sed
354 5198 382 5251 et
395 5194 467 5250 male
480 5194 648 5251 sentientem
661 5199 689 5252 et
702 5196 774 5253 male
792 5198 951 5257 credentem
1007 5201 1119 5258 laudem
1135 5199 1337 5272 sublimitatis,

125 5294 183 5341 uun
198 5284 299 5356 nescit,
315 5282 497 5356 perspicuum
510 5282 636 5356 profectu
645 5288 698 5358 est,
714 5286 783 5358 quia
796 5288 890 5347 omnis
900 5290 951 5363 qui

774 5464 1193 5508 *Nu-¹·-
