3876 6090
104 268 157 330 δδί
432 264 685 338 contueretur,
705 297 742 309 -
757 268 885 326 DlSPUT.
907 267 1009 324 luvelt
1027 266 1054 322 S.
1076 267 1203 323 llrtxlll.
1224 266 1267 323 ET
1286 265 1409 323 THEOD.
1756 263 1813 326 tlt

133 411 250 486 ,rpem
278 409 320 469 gg
340 409 385 469 ,pq
412 409 533 491 ἀρρρη,
558 413 668 472 apog,
694 408 744 471 05,
771 410 863 470 yffi,
884 409 920 472 qq
948 389 1096 463 Auentes,
1112 395 1303 463 repugnantes
1317 404 1365 447 eas
1378 390 1493 447 inlertis
1510 396 1625 462 propter
1640 396 1813 451 numeruml

133 485 196 567 οδνς
210 499 318 578 φύσεσιν
333 495 571 578 έπιρημιζύμενοςὸ
586 498 690 579 ἀριθμὸς
705 499 734 558 οδ
747 501 848 581 διαιρεῖ,
859 499 917 557 ἀλλ’

133 584 177 643 ert
202 585 335 655 θελήστων
358 585 404 646 καί
429 587 559 668 ἐνεργειῶν
585 584 746 664 λεγόμενος,
773 585 918 666 διαιρέσεως

133 671 189 752 ἔχει
210 672 337 751 δυνάμινς
359 675 469 734 ΘΕΟΔ.
487 672 612 740 Ποίντως·
637 675 682 734 καί
705 678 728 733 oi
749 672 863 753 Πατίρις
877 673 920 734 tut

133 760 266 833 θελήσειεν
279 763 326 823 καί
345 766 476 844 ίνιργιεῶν
495 768 542 823 οὐκ
555 753 636 838 ε’ίπον,
653 763 784 846 ρεύγοντες
797 762 844 834 τὴν
855 761 920 822 διαί·

133 871 214 930 ρεστν,
225 851 286 909 ἀλλ’
300 850 382 923 ἀλλην
395 853 439 912 καί
452 851 544 923 ἀλλην,
560 853 604 911 καί
617 852 686 912 θιίαν
698 854 741 911 καί
750 850 916 931 ἀνθρωπίνην,

133 936 178 994 καὶ
192 937 287 1010 διπλῆν
299 938 345 998 καί
357 939 460 1012 διττίμ·
473 939 517 999 καί
529 942 566 1005 ὡς
578 929 651 999 ι’ίπαν
664 939 745 1018 λέγω,
755 939 798 998 καί
807 942 841 1005 ὡς
852 937 919 1019 cipri·

134 1023 290 1104 muys

176 1201 270 1260 lini.
287 1200 338 1262 Διά
358 1203 402 1263 τὸν
417 1203 521 1286 Κύριον.
546 1203 608 1265 ’Eds
626 1204 665 1272 τίς
685 1228 726 1265 σοι
746 1202 816 1283 είπη,
837 1203 918 1275 ἀλλην

136 1288 180 1347 καί
203 1290 298 1363 ἀλλην,
320 1290 403 1359 πύστις
424 1297 510 1364 νοεῒςς
528 1289 578 1363 Ἢ,
603 1293 672 1352 θείαν
690 1293 735 1352 καί
757 1291 915 1372 ἀνθρωπίνην,

135 1373 308 1449 τοοάςνοεῖςς
321 1375 360 1438 Ἣ
371 1379 463 1451 διπλῆν
471 1381 515 1441 καί
523 1378 618 1451 διττὴν,
628 1378 710 1446 πόσος
719 1385 794 1447 νοεῖςς
805 1380 914 1438 elios.

138 1454 207 1523 olea
218 1469 276 1533 πῶς
289 1470 352 1542 νοῶ,
369 1464 414 1527 δύο
426 1464 453 1525 δὲ
466 1471 496 1526 οὔ
508 1467 587 1546 λέγω.
602 1466 671 1527 'sert
681 1467 797 1549 στραφεὶς
812 1465 916 1531 edwi<

137 1550 230 1611 ΠΑΞ.
248 1552 311 1634 πρὸς
326 1551 386 1620 τοῦς
409 1552 546 1634 ἄρχοντας,
572 1544 642 1612 εἷπε·
667 1553 717 1614 Διά
739 1555 784 1614 τὸν
806 1553 915 1633 Κύριον·

137 1636 181 1697 lin
193 1640 325 1712 ἀκούσητε
339 1640 399 1718 μίαν
410 1641 454 1700 καί
470 1642 541 1720 μίαν,
556 1641 574 1715 ἢ
587 1641 668 1714 ἀλλην
682 1644 725 1703 καὶ
742 1642 833 1716 ἀλλην,
852 1641 919 1712 ἣδίε

988 480 1090 535 Tuscu.
1103 482 1173 536 Non.
1191 480 1263 537 lien.
1278 481 1389 551 Ergone
1403 480 1516 536 naturis
1528 480 1695 552 designatus
1710 495 1814 539 uume-

990 585 1041 627 rus
1055 584 1112 626 nun
1126 569 1242 642 dividit,
1257 570 1317 639 sed,
1333 584 1398 627 cum
1415 569 1444 625 in
1463 567 1661 627 voluntatibus
1675 575 1703 627 et
1717 585 1814 641 opera·

991 659 1119 717 tionibus
1133 659 1253 731 dicitur,
1268 659 1426 717 divisionis
1441 657 1525 715 habet
1540 659 1695 716 virtutem?
1709 661 1811 717 Tuscu.

989 748 1094 818 Utique
1109 748 1140 805 in
1156 749 1202 804 lnis
1214 749 1386 805 divisionem
1402 748 1496 818 lustret,
1509 753 1538 804 et
1552 748 1649 805 Patres
1662 762 1813 806 numerum

990 835 1814 911 luvoluntatilrusetoperatiouibusnoudixere,fugientes

988 923 1160 981 divisionem
1173 942 1181 993 ς
1198 926 1246 982 sed
1261 926 1379 982 alteram
1397 931 1426 982 et
1439 926 1568 997 alteram,
1584 933 1671 998 atque
1685 926 1814 983 divinam

988 1013 1813 1089 ethumanam,duplam,duplicem,et,utdixeruutdico,

989 1106 1028 1172 et,
1045 1112 1077 1156 ut
1090 1100 1159 1158 iussi
1175 1108 1245 1158 sunt
1259 1101 1358 1159 iateor.

1025 1191 1099 1245 Mur.
1115 1191 1233 1260 Propter
1250 1192 1403 1249 Dominum
1416 1193 1422 1248 l
1436 1193 1462 1249 si
1478 1193 1631 1265 quisquam
1650 1194 1703 1251 tibi
1719 1193 1815 1251 dixeri

989 1276 1107 1334 alteram
1122 1284 1150 1335 et
1163 1279 1291 1338 alteram.
1309 1288 1379 1352 quot
1395 1282 1560 1355 intelligis?
1573 1283 1616 1339 vel
1631 1283 1749 1354 duplam
1763 1290 1815 1341 aut

989 1366 1144 1439 duplicem,
1156 1377 1227 1439 quot
1241 1369 1407 1442 intelligis?
1420 1372 1522 1427 Tuscu.
1535 1373 1606 1428 Novi
1623 1372 1748 1443 qualiter
1763 1373 1813 1429 in-

990 1454 1131 1527 telligam:
1144 1456 1320 1514 duasautem
1329 1472 1385 1514 non
1396 1459 1472 1515 dico.
1486 1460 1564 1517 Tunc
1574 1474 1729 1518 conversus
1742 1459 1815 1517 abba

988 1544 1063 1599 Mar.
1079 1545 1115 1601 ad
1132 1546 1287 1618 principes,
1303 1547 1397 1604 dixit:
1409 1550 1529 1619 Propter
1541 1550 1695 1605 Dominum
1706 1550 1712 1604 l
1725 1550 1755 1606 Si
1768 1562 1817 1607 au·

989 1632 1105 1690 dieritis
1124 1648 1208 1690 unam
1227 1641 1255 1692 et
1275 1650 1370 1703 unam,
1386 1641 1415 1693 et
1434 1637 1520 1693 allam
1539 1651 1572 1693 ac
1586 1638 1684 1710 aliam,
1704 1644 1755 1695 aut
1769 1638 1816 1695 his

137 1726 196 1797 δύο,
208 1725 228 1798 ἣ
240 1728 408 1804 δίςπεντο,τί
416 1736 532 1796 νοοῦντες
546 1735 599 1796 τοῖς
613 1728 731 1810 λέγουσιν
743 1731 917 1809 ἀποκρίνεσθε;
949 1719 974 1779 Β
989 1721 1071 1793 duas,
1081 1727 1131 1780 atti
1142 1723 1187 1780 bis
1199 1725 1339 1796 quinque,
1351 1726 1421 1797 qnid
1435 1726 1629 1800 intelligentes
1643 1728 1690 1784 his
1701 1728 1751 1800 qui
1762 1728 1817 1785 hoe

137 1814 191 1874 liat
202 1804 277 1874 εἶπαν
290 1840 297 1855 ·
323 1814 427 1889 Ἐπειδὴ
440 1815 552 1897 ὥρκισας
563 1822 645 1894 ἡμᾶς,
658 1817 689 1877 τί
700 1819 771 1896 μίαν,
787 1817 831 1876 δύο
844 1824 916 1876 νοοῦ·

138 1924 200 1979 μιν·
225 1902 271 1964 καί
286 1902 369 1978 ἀλλην
382 1906 426 1965 καί
439 1906 532 1976 ἀλλην,
547 1904 593 1964 δύο
605 1912 733 1983 νοοῦμεν·
748 1905 792 1965 καί
812 1906 848 1972 δίς
861 1903 916 1976 δύο,

136 1987 256 2069 τέσσαρα
266 1997 390 2069 νοοῦμεν·
405 1993 501 2072 ὁμοίως
516 1992 561 2051 καὶ
574 1994 610 2059 δίς
624 1991 710 2070 πέντε,
722 1990 784 2051 δέκα
797 1998 918 2070 νοοῦμεν.

135 2077 194 2139 Καὶ
214 2076 303 2162 ὥσπερ
324 2082 445 2147 αἰδεσθςίς
461 2080 572 2142 Odon.
595 2078 642 2152 mlv
656 2082 790 2162 ἀπόκρισιν
805 2080 916 2149 ἐκείνοιν,

137 2155 195 2225 clm
206 2189 214 2206 ·
227 2166 270 2228 Τδ
283 2164 322 2245 μὴ
345 2167 477 2250 εἰρημένον
490 2172 543 2235 τοῖς
557 2167 700 2250 Πατροίσιν,
723 2172 752 2228 ού
769 2166 850 2246 λέγω.
867 2166 918 2226 Καὶ

135 2252 228 2314 λαὸύεν
238 2254 354 2324 metuet
365 2256 446 2324 ἀὸὅάς
456 2258 546 2317 ΜΑΞ.
556 2256 602 2330 τὴν
612 2256 700 2337 βίῦλον
709 2261 761 2317 τῶν
772 2255 919 2338 πιπραγμέ·

136 2366 188 2402 νων
201 2348 250 2417 r-'r‘g
262 2343 337 2423 ἁγίας
350 2346 524 2417 ἀποστολικῆς
539 2345 655 2416 συνόδου,
672 2344 747 2413 ἔδειξε
760 2343 818 2411 τούς
832 2345 918 2423 ἁγίους

137 2430 261 2514 Πατίρας
272 2431 318 2500 τὰς
332 2435 378 2492 δύο
398 2433 511 2506 θελήσεις
525 2434 569 2493 καί
591 2433 717 2514 ἐνεργείας
737 2439 785 2492 τοῦ
800 2433 919 2512 Σωτῆρος

138 2521 215 2595 ὑμῶν
239 2521 285 2582 καί
306 2520 378 2581 Θεοῦ
395 2522 481 2592 Ἰησοῦ
503 2522 618 2601 Χριστοῦ
639 2521 773 2601 διαρρήδην
786 2517 917 2598 λέγοντας.

142 2602 197 2665 Ἢν
208 2606 298 2668 λαάύεν
316 2607 405 2689 eletos
423 2611 475 2668 τῶν
493 2606 678 2688 πεπραγμένων
691 2607 717 2676 ἐξ
729 2612 807 2669 αὐτοῦ
824 2605 920 2668 Θεοδύ·

140 2717 195 2762 στος
219 2700 236 2755 δ
257 2693 365 2769 ύπατος,
390 2695 486 2776 ἀνέγνω
508 2696 552 2756 καί
575 2696 650 2762 αὐτὸς
673 2693 758 2762 πάσας
771 2695 804 2754 re
816 2697 919 2777 χρήσεις

140 2782 338 2865 τιῦνΠατέρων.
354 2784 410 2844 Καί
419 2782 479 2844 τότε
497 2783 640 2866 ἀποκριθεὶς
654 2785 764 2844 elion.
782 2785 919 2850 ἐπίσκοπος

141 2860 228 2931 εἶπεν·
253 2873 286 2933 Ὁ
300 2872 367 2940 oete
391 2863 467 2946 οἶδεν,
491 2876 513 2932 εί
530 2869 567 2949 μὴ
589 2875 761 2953 προσωπικιῦς
783 2870 817 2932 τά
835 2869 919 2931 ἀναθέ-

142 2983 212 3038 pantu
224 2959 310 3021 ἔθεκεν
322 2967 340 3034 ἡ
354 2959 457 3028 σύνοδος
470 2959 547 3033 αῦτη,
569 2962 655 3019 πλεῖον
673 2960 766 3026 παντὸς
788 2957 919 3042 ἀνθρώπου

989 1812 1133 1870 discerent
1147 1816 1380 1885 responderetis?
1393 1818 1429 1873 Et
1442 1817 1598 1874 dixerunt:
1614 1818 1756 1889 Quoniam
1770 1819 1819 1874 ad-

987 1901 1092 1971 jurasti
1106 1917 1167 1974 uos,
1184 1917 1269 1960 uuam
1285 1910 1312 1961 et
1328 1918 1423 1976 unum,
1435 1905 1508 1962 duas
1519 1905 1721 1979 intelligimus,
1735 1910 1763 1962 et
1778 1906 1818 1962 al·

990 1995 1078 2046 teram
1094 1996 1121 2047 et
1135 1992 1263 2065 alteram,
1274 1993 1347 2050 duas
1357 1993 1559 2066 intelligimus,
1569 2001 1598 2050 et
1608 1994 1654 2051 bis
1666 1995 1739 2051 duas
1750 2007 1818 2066 qua·

990 2084 1056 2135 tuor
1064 2078 1270 2152 intelligimus:
1280 2081 1452 2139 similiteret
1459 2081 1505 2139 bis
1514 2082 1653 2154 quinque,
1662 2084 1768 2140 decem.
1783 2083 1817 2138 Et

991 2167 1197 2238 quodammodo
1208 2169 1348 2226 reveritus
1361 2171 1463 2226 Tuscu.
1479 2171 1693 2241 responsionem
1704 2184 1815 2241 eorum,
1888 2166 1891 2173 '

989 2256 1046 2313 ait:
1063 2256 1143 2327 Quod
1163 2265 1278 2316 nonest
1295 2272 1312 2315 a
1327 2259 1462 2317 Patribus
1475 2259 1599 2326 dietum,
1616 2273 1672 2317 non
1686 2261 1762 2317 dlco.
1782 2262 1817 2318 ut
1919 2306 1925 2317 .

989 2353 1104 2417 acceptu
1127 2348 1261 2418 protinus
1274 2347 1346 2404 abba
1361 2349 1434 2405 llam
1452 2348 1528 2407 libro
1542 2355 1687 2421 gestorum
1712 2355 1817 2406 sanctur

990 2448 1023 2491 ac
1045 2435 1209 2505 apostolicae
1229 2436 1330 2506 synodi
1354 2437 1496 2508 Romanae,
1520 2438 1689 2495 monstravit
1703 2442 1818 2494 sanctos

990 2523 1087 2579 Patres
1099 2523 1174 2580 duas
1187 2524 1349 2581 voluntates
1362 2531 1392 2581 et
1405 2526 1586 2595 operationes
1600 2524 1757 2582 silvatoris
1769 2539 1817 2582 uo

990 2612 1044 2668 stri
1057 2616 1085 2668 et
1098 2613 1149 2667 Dei
1161 2614 1226 2669 lesu
1240 2612 1348 2669 Christi
1364 2619 1461 2684 aperte
1478 2614 1615 2670 direntes.
1632 2615 1720 2683 Quem
1733 2626 1818 2670 acce-

991 2705 1071 2772 ptum
1093 2696 1129 2756 alr
1143 2714 1176 2757 eo
1190 2701 1368 2759 Theodosius
1392 2702 1493 2758 consul
1514 2702 1593 2774 legit,
1610 2703 1703 2759 sedet
1721 2701 1818 2758 omnia

992 2795 1155 2846 sanctorum
1168 2790 1334 2846 testimonia
1350 2791 1476 2846 l’atrum.
1492 2792 1627 2863 Tuncque
1643 2792 1817 2861 respondens

990 2881 1092 2934 Tuscu.
1107 2878 1371 2948 episcopusdixit:
1388 2880 1464 2935 Deus
1476 2879 1542 2945 scit,
1560 2879 1617 2936 nisi
1632 2880 1700 2950 quia
1716 2893 1818 2950 perso-

992 2967 1096 3024 naliter
1108 2967 1288 3023 anathemata
1304 2967 1402 3037 posuit
1420 2968 1547 3038 synodus
1563 2968 1632 3039 hec,
1648 2969 1714 3039 plus
1733 2981 1819 3040 quam

142 3046 271 3128 ἐδεχόμην
283 3049 370 3122 αὖε-ην.
390 3050 464 3108 Ἀλλ’
474 3046 516 3107 lvo
530 3045 793 3129 μὴχρονοιριθῶμεν,
803 3049 917 3119 ἐνταῦθα,
950 3050 975 3114 C
992 3055 1086 3113 omnis
1106 3055 1189 3112 nomo
1212 3055 1381 3126 recepissem
1401 3055 1490 3111 illam.
1518 3057 1570 3113 Sed
1593 3070 1628 3113 ne
1652 3070 1746 3112 moras
1770 3056 1818 3112 llic

143 3132 168 3195 εί
177 3160 203 3195 τι
215 3129 290 3196 εἶπαν
310 3141 334 3197 οί
354 3135 478 3218 Πατέρες,
502 3135 584 3216 λέγω,
607 3136 653 3195 καί
676 3136 807 3218 ἐγγράφοις
828 3134 919 3201 εὐθέως

143 3224 220 3298 ποιῶ,
244 3224 291 3284 δύο
315 3223 413 3306 ρύσιις,
436 3225 479 3285 καί
503 3223 547 3283 δύο
569 3224 702 3303 θελήματα
727 3224 771 3283 καί
791 3224 836 3282 δύο
855 3227 920 3304 ἐνερ-

144 3309 234 3466 m
249 3311 295 3371 καί
304 3309 400 3371 εἴσελθε
412 3312 467 3390 μεθ’
482 3315 557 3390 ἡμῶν
569 3311 743 3389 κοινωνήσων,
758 3311 801 3371 καὶ
810 3309 919 3389 γενέσθω

183 3488 276 3549 HAS.
285 3486 471 3568 Δέοποτοι,ἒγὼ
480 3492 509 3550 ού
518 3489 609 3567 τολμῶ
617 3486 732 3558 δέξασθαι
739 3486 920 3568 συγκατάθεσιν

145 3577 201 3659 παρ’
215 3580 291 3656 ἀμῶν
311 3575 435 3660 έγγραρον
455 3578 514 3659 περὶ
531 3578 649 3636 τοιούτου
671 3575 831 3657 πράγματος,
845 3574 920 3655 ψιλὸς

146 3662 266 3746 ίπάρχων
287 3664 415 3745 μοναχύς·
438 3666 496 3723 ἀλλ’
512 3663 556 3724 {dv
576 3661 708 3732 κατένυξεν
730 3668 824 3742 ίιμάςδ
841 3661 918 3734 Θεὸς,

145 3749 188 3820 τίς
201 3756 254 3813 τῶν
265 3753 346 3832 ἁγίων
355 3752 481 3834 Πατέρων
494 3752 608 3822 δέξασθαι
621 3748 716 3834 ρωνάς,
726 3750 810 3817 καθὼς
821 3753 922 3809 ἀπαιτεῖ

146 3839 267 3915 omniq
282 3841 345 3925 πρὸς
358 3841 403 3901 τὸν
422 3839 528 3919 Ῥώμης
542 3840 602 3923 περί
612 3838 704 3900 τούτου
714 3839 846 3922 ἐγγροίρως
856 3843 921 3899 ἀπο-

145 3929 280 3990 στείλω-ει·
296 3931 375 4009 ἤγουν
388 3935 402 3989 ὁ
416 3927 544 4010 βασιλεὺς,
570 3928 614 3988 καί
627 3933 641 3987 δ
654 3928 816 4009 πατριάρχης
840 3922 885 3988 καί
903 3930 921 3999 ἡ

145 4017 201 4077 κατ’
220 4017 300 4079 adrev
317 4016 430 4084 σύνοδος.
456 4013 525 4095 Ἐγὼ
540 4015 588 4097 γάρ
602 4012 659 4075 οῦδὲ
671 4013 769 4076 τούτων
782 4013 922 4094 γινομένων

145 4108 268 4175 κοινωνῶ,
289 4102 481 4186 ἀναρερομένων
498 4106 550 4164 τῶν
563 4101 810 4181 ἀναθεματισθέντων
825 4104 866 4163 ἐπὶ
878 4106 924 4175 τῆς

145 4192 215 4273 ἅγίος
227 4195 369 4275 ἀναφορᾶς.
382 4191 522 4270 Φοῦοῦμαι
533 4188 582 4271 γάρ
593 4190 625 4250 τὸ
638 4189 787 4272 κατάκριμα
800 4197 845 4251 τοῦ
859 4193 923 4250 ἀνα-

145 4277 265 4357 θίμπτος.
280 4280 391 4341 ΘΕΟΔ.
407 4281 441 4341 ‘0
454 4277 522 4345 Θεδς
537 4269 613 4347 οἶδεν,
629 4280 658 4337 οὗ
678 4276 865 4357 καταγινώσκω
876 4302 924 4339 σου

992 3142 1141 3200 iaciamus.
1158 3143 1306 3213 Quidquid
1316 3143 1453 3200 dixerunt
1466 3145 1647 3213 Patresdico‚
1663 3149 1690 3201 et
1706 3144 1736 3199 ln
1749 3143 1818 3200 scri·

992 3233 1051 3304 ptis
1065 3232 1203 3288 continuo
1213 3229 1287 3285 inuio
1296 3231 1369 3286 duas
1380 3239 1506 3300 naturus,
1520 3239 1548 3288 et
1560 3232 1633 3288 duas
1648 3232 1818 3300 voluntates,

990 3327 1018 3378 et
1037 3320 1111 3376 duas
1124 3320 1318 3390 operationes:
1345 3324 1373 3373 et
1389 3320 1548 3392 ingredere,
1571 3320 1720 3376 nobiscum
1736 3332 1818 3376 cum-

992 3409 1115 3479 munica,
1128 3414 1157 3465 et
1171 3408 1220 3465 liat
1235 3410 1341 3466 unitas.

1025 3501 1099 3555 llum
1116 3499 1245 3570 Domine,
1259 3512 1315 3556 non
1334 3499 1425 3555 audeo
1446 3513 1497 3571 ego
1518 3497 1665 3568 suscipere
1687 3510 1813 3554 consen-

991 3603 1054 3646 sum
1069 3602 1086 3645 ο
1101 3588 1182 3647 vobis
1197 3589 1227 3645 in
1242 3588 1361 3660 scriptis
1374 3601 1460 3658 super
1475 3586 1673 3657 hujuscemodi
1690 3599 1731 3659 re,
1746 3599 1812 3643 cum

991 3677 1047 3735 sim
1062 3679 1219 3735 monachus
1239 3692 1339 3748 purus.
1360 3677 1412 3734 Sed
1429 3681 1578 3748 postquam
1592 3678 1670 3732 Deus
1684 3676 1718 3732 ad
1732 3688 1815 3731 com-

992 3767 1175 3838 punctionem
1190 3766 1394 3835 vnsexcitevit,
1410 3765 1461 3820 ¹in
1476 3764 1594 3835 scriptis
1604 3762 1812 3834 transmittite,

993 3855 1077 3912 idest
1090 3855 1254 3926 imperator,
1270 3862 1298 3912 et
1308 3854 1469 3925 patriarcha
1479 3853 1662 3924 synodusque
1673 3853 1813 3923 ipsorum.

991 3945 1049 4016 Ego
1063 3943 1140 4000 enim
1155 3956 1205 4000 nec
1217 3944 1263 4000 luis
1275 3943 1399 4014 peractis
1408 3943 1599 4011 communico,
1612 3941 1682 3998 dum
1695 3941 1817 3997 recitan-

994 4036 1042 4089 tur
1056 4032 1286 4089 anathematizati
1302 4032 1377 4088 inter
1387 4037 1511 4088 sanctam
1528 4029 1717 4087 oblationem:
1730 4030 1816 4085 timeo

993 4121 1069 4177 enim
1098 4122 1360 4178 condemnationem
1387 4119 1588 4177 anathematis.
1617 4122 1719 4175 Tnuou.
1742 4121 1818 4175 Deus

994 4210 1082 4281 novit,
1097 4224 1152 4266 non
1168 4210 1342 4281 reprehendo
1355 4215 1382 4264 te
1396 4209 1464 4279 quia
1480 4208 1574 4279 times,
1585 4222 1637 4265 nec
1647 4208 1724 4265 alius
1741 4207 1818 4279 quis-

994 4313 1088 4371 quam.
1105 4300 1156 4356 Sed
1172 4300 1208 4355 da
1224 4297 1307 4355 nobis
1320 4296 1475 4354 corrsilium
1486 4303 1602 4367 propter
1611 4297 1774 4367 Dominum,
1792 4296 1817 4351 si

146 4366 318 4448 quempivoo·
335 4368 394 4427 ἀλλ’
410 4365 468 4427 Οὔτε
480 4365 617 4433 d'nldrrre.
640 4363 723 4425 'Am
735 4366 847 4444 δίκθμῗν
861 4372 924 4447 eco-
954 4395 1036 4465 Dest
1048 4388 1101 4444 hoc
1116 4387 1253 4457 possibile
1268 4387 1339 4443 lleri.
1357 4387 1430 4441 llum
1455 4384 1534 4453 Quod
1551 4385 1706 4442 consilium
1727 4383 1818 4439 nabeo

145 4454 192 4525 λθν
211 4455 254 4516 διδ
266 4457 312 4518 τδν
331 4455 437 4538 Κύριον,
455 4454 497 4515 ter
516 4457 571 4514 ἐστι
584 4461 663 4514 τοῦτο
676 4454 782 4514 δυνατὸν
797 4455 920 4535 γενέσθαι.

147 4541 237 4603 ME.
262 4544 347 4605 Ποίαν
370 4541 465 4624 βουλὴν
489 4543 544 4624 ίχω
564 4545 623 4622 ύμῖν
643 4543 701 4623 περὶ
713 4541 804 4603 τούτου
824 4544 924 4620 δοῦναι;

151 4624 289 4712 Ὺτοάγετε,
305 4632 477 4713 ψηλαφήσατε
486 4632 529 4691 ἐάν
537 4656 563 4690 τι
573 4638 690 4692 τοιοῦτον
701 4629 791 4711 γέγονέ
799 4656 873 4711 ποτε,
881 4635 926 4695 καί

152 4721 212 4799 perd
224 4723 334 4784 θάνοιτον
347 4722 462 4795 ἀπελύθη
475 4724 514 4790 τίς
534 4730 582 4783 τοῦ
594 4723 653 4805 περί
664 4721 711 4794 τὴν
729 4723 815 4784 πίστιν
828 4726 926 4804 ἐγκλή-

153 4834 240 4887 ματος,
256 4811 363 4875 καὶτοῦ
378 4810 545 4890 ἐξενεχθέντος
558 4813 616 4872 κατ’
634 4815 713 4872 αὐτοῦ
722 4812 923 4895 κατακρίμοιτος.

153 4898 200 4958 liei
219 4896 388 4969 καταδέξηται
407 4902 421 4957 ὁ
439 4896 556 4977 βασιλεὺς
580 4900 624 4959 καί
638 4905 652 4959 ὁ
666 4899 826 4982 πατριάρχης
845 4900 927 4980 μιμή-

153 4994 237 5048 σασθαι
249 4995 299 5049 τοῦ
312 4990 382 5049 Θεοῦ
395 4987 441 5059 τὴν
460 4989 662 5067 σογκοιτοίὸοισιν.
679 4992 732 5051 Καί
744 4992 899 5066 ποιήσωσιν,
912 4996 927 5052 δ

155 5072 193 5151 μίν
214 5075 333 5136 κέλευσεν
359 5076 572 5156 παρακλητικὴν,
598 5084 612 5138 δ
634 5077 661 5138 δέ
683 5078 816 5150 συνοδικὴν
842 5079 928 5153 δέησιν

154 5163 209 5243 τρδς
221 5164 267 5225 τδν
286 5165 374 5223 ποίπαν
390 5163 517 5243 Ῥώμης·
536 5166 590 5226 ild
614 5166 716 5234 ποίντως
730 5165 800 5248 εἴπερ
818 5168 927 5250 εύριθείῃ

155 5271 238 5330 apoto<
254 5252 479 5328 έκκλησιαστικὸς,
491 5260 569 5312 τοῦτο
586 5253 730 5337 ἐπιτρέπων
743 5254 783 5313 διά
795 5254 842 5328 τὴν
855 5254 928 5336 ὀρθὴν

157 5340 285 5419 ὁμολογίαν
298 5344 345 5413 τῆς
353 5340 475 5418 πίστεως,
486 5341 671 5420 σομύιῦοίζεται
679 5347 738 5423 ύμῖν
752 5345 810 5426 περί
822 5343 925 5404 τούτου.

993 4491 1080 4548 super
1090 4477 1143 4532 hoc
1152 4477 1220 4532 dure
1230 4475 1329 4532 vohis?
1339 4478 1388 4542 lte,
1402 4473 1632 4545 perscrutamini,
1642 4473 1667 4529 si
1681 4471 1737 4528 tale
1747 4471 1816 4542 quid

993 4564 1149 4636 aliquando
1164 4563 1269 4621 laetum
1289 4565 1338 4636 sit,
1363 4569 1473 4634 etpost
1495 4566 1613 4622 mortem
1639 4561 1754 4618 solutus
1777 4559 1818 4616 sit

994 4653 1138 4724 quispiam
1148 4666 1165 4708 a
1176 4653 1298 4709 crimine
1309 4653 1384 4723 quod
1396 4653 1426 4708 in
1437 4651 1502 4709 lidei
1514 4663 1600 4708 causa
1611 4649 1766 4721 contraxit,
1777 4654 1818 4705 at·

994 4757 1049 4816 que
1061 4743 1096 4799 ab
1112 4742 1191 4798 illata
1206 4747 1305 4798 contra
1316 4755 1346 4797 se
1360 4742 1476 4814 querela
1490 4754 1541 4798 seu
1561 4740 1767 4813 damnatione;
1791 4742 1821 4795 et

994 4833 1173 4891 consentiant
1188 4832 1381 4901 imperaturae
1391 4830 1553 4900 patriarcha
1564 4830 1673 4886 imitari
1685 4830 1734 4885 Dei
1748 4843 1821 4886 con-

994 4917 1820 4991 descensionem,iaciatqueimperatorquidemjussiouem

995 5011 1176 5084 rogatoriam,
1193 5009 1354 5080 patriarcha
1375 5021 1441 5066 vero
1455 5006 1620 5079 synodicam
1635 5007 1822 5078 deprecatio-

995 5115 1059 5159 nem
1075 5100 1109 5156 ad
1135 5112 1234 5171 papam
1254 5098 1430 5154 Romanum:
1447 5101 1476 5154 et
1499 5095 1625 5167 proiecto
1638 5096 1665 5153 si
1688 5101 1819 5167 repertus

996 5189 1085 5247 fuerit
1105 5203 1165 5245 mos
1188 5186 1286 5260 procul
1301 5186 1391 5245 dubio
1409 5184 1624 5243 ecclesiasticus
1638 5185 1693 5241 troc
1717 5182 1823 5255 prasci-

997 5279 1088 5349 piens,
1106 5278 1142 5334 ob
1166 5281 1270 5334 rectam
1284 5275 1494 5335 contessionem
1511 5275 1660 5334 conveniet
1675 5271 1820 5328 vobiscum

997 5382 1083 5440 super
1098 5369 1160 5425 hoc.

181 5487 317 5543 lusereex
345 5484 454 5554 Graeco,
472 5486 503 5537 ul
524 5485 680 5537 cunctorum
706 5481 818 5534 Petrum
843 5492 917 5534 occas
936 5477 1101 5547 acciperetis,
1128 5476 1200 5530 sicut
1221 5476 1309 5543 posuit
1332 5474 1427 5541 reputa
1454 5473 1590 5530 Ecclesiae,
1610 5468 1647 5522 ud
1672 5467 1821 5521 llornurtttm

163 5560 303 5630 miwopum
314 5557 348 5612 de
362 5572 394 5613 en
409 5558 438 5610 in
450 5556 569 5624 seraptis,
583 5559 637 5610 etc.
652 5554 732 5610 Stnu.
