3876 6090
113 203 169 263 9⁴5

729 186 905 261 xuisrttsn
930 203 1200 262 ammorhaeum:
1246 232 1250 242 ·

1768 199 1823 260 ald

113 344 210 387 rorum
235 335 328 401 grates
354 326 506 384 referimus
527 330 583 385 heo
606 335 702 384 nostro
722 327 846 383 Christo.
872 316 1051 387 Eu-Aratt
1078 334 1107 383 et
1133 329 1230 384 iconas
1265 330 1367 385 missas
1395 329 1429 384 ad
1459 329 1592 384 civitates
1620 327 1662 383 vel
1690 324 1824 399 regiones
1865 328 1867 332 '

114 420 243 490 thymius
264 417 464 474 sanctissimus
484 418 636 488 episcopus
653 418 751 473 Sardis
770 417 846 472 ‹lixit
863 417 937 471 :Be-

115 510 246 565 nedictus
265 510 339 563 Deus
359 508 408 577 qui
426 508 520 563 univit
534 522 598 562 eum
614 507 762 563 catholicae
783 505 934 562 Ecclesiae!

149 600 183 654 Et
198 599 339 654 adductus
357 602 401 652 cst
414 597 592 653 Theodosius
611 597 764 666 episcopus
784 594 934 665 hmmorii,

112 692 141 746 et
154 688 231 747 dixit
247 705 253 741 :

147 774 339 832 sacratissimi
355 776 451 830 etheo
467 773 651 831 honorabiles
668 773 790 844 domini,
804 777 832 829 et
843 774 938 829 omnis

112 879 194 924 sacra
215 865 342 935 synodus
364 865 432 934 haee,
449 869 477 919 et
495 878 546 935 ego
568 868 698 934 peccator
712 870 741 919 et
763 862 938 918 miserabilis

112 960 199 1025 atque
211 954 355 1023 seductus,
371 953 421 1023 qui
436 951 525 1008 multa
542 952 615 1007 mala
631 951 745 1007 locutus
760 965 823 1006 sum
839 956 938 1006 contra

112 1041 289 1099 venerabiles
306 1042 413 1112 iconas,
434 1042 530 1112 agnita
550 1041 669 1095 veritate
690 1039 839 1110 recognovi
860 1044 939 1094 atre·

113 1131 251 1203 prehendi
276 1130 533 1200 memetipsum3et
552 1128 800 1194 anathematizavi,
819 1132 847 1182 et
866 1140 939 1182 aaa·

114 1220 266 1276 thematizo
288 1233 351 1290 qua:
374 1219 445 1274 male
466 1218 552 1273 docui
573 1222 601 1272 et
624 1216 738 1272 loeutus
757 1230 820 1272 sum
842 1215 871 1270 in
885 1215 939 1270 hoc

114 1310 238 1366 mundo:
255 1314 283 1364 et
301 1307 428 1377 obsecro,
443 1314 471 1362 et
491 1320 558 1378 rogo
583 1313 708 1362 sanctam
728 1305 867 1376 synodum
888 1318 941 1360 ve-

113 1403 213 1468 stram,
225 1401 258 1452 ut
271 1411 336 1452 cum
352 1396 487 1451 omnibus
498 1395 674 1452 Christianis
690 1394 838 1464 recipiatis
852 1397 881 1449 et
896 1406 939 1448 me

114 1485 265 1558 indignum
285 1498 396 1540 servum
412 1490 546 1540 vestrum.

147 1573 282 1628 Tarasius
304 1573 506 1628 sanctissimus
524 1577 553 1628 et
567 1572 754 1628 beatissimus
776 1570 939 1642 patriarcha

990 416 1068 473 obvii
1081 417 1186 473 adeunt
1200 417 1296 487 populi
1314 433 1377 473 cum
1394 418 1486 473 cercis
1497 424 1525 474 et
1538 418 1675 487 incensis,
1690 430 1746 472 non
1757 430 1822 471 ocra

992 506 1133 579 perfusam
1157 506 1295 577 tabulam,
1322 508 1369 563 sad
1397 507 1596 576 imperatorem
1621 506 1821 576 honorantcs3

992 600 1099 667 quanto
1112 597 1326 667 magisoportet
1340 596 1369 651 in
1382 595 1514 651 ecclesiis
1526 594 1633 650 Christi
1647 594 1763 650 Domini
1776 608 1824 651 no

992 685 1045 741 stri
1062 686 1172 741 iconam
1182 685 1299 755 depingi
1314 684 1470 740 salvatoris
1481 685 1531 739 Dei
1544 684 1645 754 nostri,
1661 688 1690 739 et
1707 683 1825 739 inteme-

993 778 1060 830 ratae
1069 774 1248 843 hlatrisejus,
1259 773 1447 844 omniumque
1460 777 1624 828 sanctorum
1633 776 1662 827 et
1671 771 1821 827 beatorum

992 863 1118 926 Patrum,
1130 862 1326 918 studiosorum
1339 862 1466 918 virorum
1474 861 1490 915 ‘i
1499 860 1744 931 Quemadmodum
1755 865 1783 916 et
1791 861 1821 916 S.

993 951 1182 1007 Basiliusait:
1194 953 1262 1006 Nam
1271 958 1391 1021 etopera
1403 965 1503 1022 magna
1511 950 1651 1007 bellorum
1665 949 1824 1020 scriptores
1839 1018 1843 1024 ι

993 1048 1021 1097 ει
1034 1043 1157 1111 pictores
1168 1040 1336 1112 designant3
1349 1040 1393 1095 illi
1405 1040 1520 1110 quidem
1532 1053 1661 1095 sermone
1674 1043 1821 1110 ornantes,

994 1131 1044 1187 isti
1060 1143 1125 1185 vero
1145 1128 1253 1185 tabulis
1272 1133 1479 1198 exarartos3et
1494 1128 1599 1185 multos
1617 1128 1653 1183 ad
1674 1125 1823 1184 tortitudi-

994 1233 1056 1275 nem
1072 1222 1225 1274 erexerunt
1241 1217 1366 1288 utrique.
1383 1218 1417 1272 Et
1433 1231 1535 1272 rursus
1551 1217 1611 1286 ipse
1628 1216 1712 1272 idem.
1727 1217 1823 1285 Quan-

994 1312 1054 1363 tum
1070 1307 1206 1362 laborasti
1222 1302 1387 1380 [laborares]
1403 1306 1503 1376 utique
1518 1305 1614 1376 bomo,
1630 1310 1661 1360 ut
1675 1305 1823 1360 invenires

995 1409 1083 1453 unum
1094 1410 1128 1450 ex
1140 1395 1248 1451 sanctis
1262 1393 1456 1451 obsecrantem
1470 1393 1688 1449 DominumiEt
1701 1394 1823 1465 Chryso

994 1489 1103 1541 stamus
1122 1485 1212 1540 dicit:
1225 1485 1391 1541 Sanctorum
1408 1484 1485 1538 enim
1500 1483 1592 1554 gratia
1609 1497 1664 1538 non
1680 1483 1823 1538 reciditur

995 1580 1095 1645 morte,
1115 1587 1171 1629 non
1192 1572 1319 1630 hebescit
1337 1572 1439 1642 obitu:
1456 1572 1503 1627 sed
1522 1576 1670 1643 postquam
1690 1570 1842 1648 defuncti

112 1662 189 1720 dixit
199 1681 206 1716 :
216 1661 334 1717 hiultam
345 1660 545 1716 contritionem
557 1661 654 1717 cordis
665 1661 793 1717 ostendit
806 1674 940 1715 reveron-
954 1648 982 1709 B
996 1661 1113 1733 luerint,
1134 1663 1208 1718 vivis
1224 1661 1397 1732 potentiores
1416 1661 1600 1730 existunt3et
1615 1656 1780 1716 alia'multa
1795 1664 1824 1715 et

113 1751 254 1809 dissimus
267 1750 455 1822 Theodosius,
471 1754 499 1805 et
514 1750 621 1822 dignus
635 1755 678 1805 est
694 1749 865 1819 receptione.

148 1841 249 1896 Sancta
262 1839 388 1910 synodus
398 1838 473 1893 dixit
483 1839 610 1910 :Dignus
621 1846 663 1895 εει
674 1839 833 1894 secundum
844 1850 941 1893 sacros

114 1943 248 1999 canonos,

149 2018 284 2073 Tarasius
310 2016 511 2072 sanctissimus
540 2016 702 2085 patriarcha
724 2015 822 2072 dixit:
839 2015 868 2070 Si
892 2015 957 2071 ni-'·

117 2107 160 2162 hil
175 2106 255 2162 aliud
275 2111 318 2161 est
332 2105 513 2176 canonicum,
536 2106 613 2175 quod
633 2105 782 2175 prohibeat
798 2118 874 2176 eum,
890 2104 941 2159 di-

118 2204 192 2267 gnus
206 2200 258 2251 est.

150 2284 329 2341 Theodosius
349 2283 605 2339 reverendissimus
624 2283 776 2353 episcopus
792 2283 940 2352 proprium

116 2372 249 2431 libellum
265 2374 336 2446 legit
351 2374 400 2429 ita.

151 2463 260 2518 Sancta
274 2467 302 2518 et
314 2461 471 2517 universali
496 2463 604 2533 synodo
623 2462 800 2518 Theodosius
820 2460 942 2534 exiguus

116 2550 479 2626 ChristianusConliteor,
495 2558 523 2606 el
539 2550 685 2621 polliceor,
700 2557 728 2606 et
743 2550 861 2619 recipio,
878 2562 943 2604 am-

118 2639 227 2710 plector
244 2642 331 2708 atque
347 2638 435 2694 adoro
450 2639 651 2708 principaliter
667 2640 863 2694 intemeratam
878 2639 942 2694 ico-

119 2741 183 2783 nam
201 2726 314 2782 Domini
336 2727 427 2783 nostri
443 2728 509 2783 lesu
526 2728 634 2783 Christi
651 2728 709 2782 vcri
726 2727 775 2782 Dei
797 2727 898 2797 nostri,
915 2731 944 2781 et

119 2816 230 2871 iconam
239 2816 289 2871 Dei
304 2816 465 2887 genitricis,
480 2831 543 2887 quae
559 2817 642 2872 illum
658 2817 720 2871 sine
732 2816 839 2872 semine
853 2829 941 2885 pepe-

119 2904 159 2960 rit
172 2923 180 2974 ;
195 2910 223 2960 et
240 2905 384 2960 auxilium
405 2909 433 2960 et
449 2907 652 2974 protectionem
671 2907 743 2976 ejus,
757 2909 785 2960 et
805 2905 945 2960 interces-

996 1751 1143 1806 immensa.
1166 1753 1201 1806 Et
1216 1750 1279 1806 ideo
1299 1764 1366 1821 rogo
1388 1764 1446 1807 vos.
1469 1749 1570 1819 sancti,
1587 1752 1615 1804 et
1629 1746 1721 1804 clamo
1738 1766 1744 1801 :
1760 1749 1825 1803 Peo

995 1840 1056 1895 cavi
1071 1840 1100 1894 in
1115 1839 1218 1895 eoelum
1236 1841 1264 1894 et
1282 1853 1376 1895 coram
1396 1838 1498 1909 vobis3
1515 1837 1654 1907 suscipite
1676 1851 1729 1907 me,
1745 1837 1824 1893 sicut

996 1929 1123 1999 suscepit
1141 1930 1215 1985 Deus
1236 1928 1427 1996 luxuriosum,
1445 1931 1474 1982 et
1494 1926 1670 1982 meretricem
1692 1933 1720 1982 ει
1738 1925 1825 1982 latro·

996 2031 1068 2072 nem.
1080 2017 1204 2086 Quaerite
1220 2031 1272 2088 me,
1290 2017 1366 2074 sicut
1376 2016 1651 2087 quesivitChristus
1667 2029 1746 2071 ovem
1759 2030 1824 2087 quae

996 2107 1092 2176 periit,
1112 2120 1254 2177 quamque
1269 2119 1355 2176 super
1371 2105 1505 2162 humeros
1520 2120 1587 2161 suos
1606 2105 1730 2161 sustulit
1744 2102 1819 2175 (Lac.

995 2195 1042 2268 xv)
1056 2214 1064 2266 3
1077 2201 1109 2252 ut
1124 2196 1173 2251 liat
1188 2195 1324 2267 gaudium
1344 2207 1439 2250 coram
1461 2195 1519 2265 Deo
1533 2194 1685 2265 clangetis
1700 2195 1763 2264 ejus
1778 2209 1824 2249 su·

997 2300 1046 2355 per
1065 2285 1157 2340 salute
1178 2288 1206 2339 ει
1225 2283 1392 2352 penitentia
1419 2295 1488 2353 mea,
1512 2296 1561 2351 per
1583 2283 1823 2339 interventionem

997 2381 1128 2444 vostram,
1143 2388 1159 2428 o
1172 2372 1349 2429 sanctissimi
1365 2372 1486 2439 domini.
1501 2371 1551 2427 liis
1567 2372 1617 2442 qui
1634 2385 1689 2427 non
1702 2372 1824 2428 adorant

997 2462 1172 2519 venerabiles
1188 2462 1296 2533 iconas,
1311 2462 1538 2519 anathemalHis
1549 2461 1598 2532 qui
1615 2460 1824 2530 blasphemiam

996 2552 1141 2607 dicuntia
1156 2551 1295 2621 pretiosas
1305 2557 1332 2606 et
1343 2551 1518 2607 venerabiles
1531 2551 1638 2619 iconas,
1656 2547 1825 2605 anathema!

997 2641 1048 2695 ilis
1063 2640 1113 2710 qui
1129 2640 1235 2695 audent
1253 2640 1401 2695 detrahere
1416 2654 1448 2695 ac
1464 2639 1662 2710 blasphemare
1682 2638 1829 2694 venerabi-

998 2729 1040 2784 les
1054 2729 1160 2798 iconas,
1176 2729 1219 2783 vel
1234 2742 1334 2784 vocare
1345 2728 1514 2797 illasidola,
1529 2726 1679 2783 anathema
1693 2726 1699 2779 i
1713 2726 1764 2782 ilis
1777 2725 1827 2797 qui

1000 2814 1056 2872 non
1078 2817 1180 2873 docent
1200 2816 1355 2888 diligenter
1377 2821 1512 2873 cunctum
1536 2816 1646 2871 Christi
1671 2819 1827 2871 amatorem

1002 2904 1137 2975 populum
1158 2905 1277 2960 adorare
1295 2904 1473 2961 venerabiles
1493 2905 1591 2960 iconas
1610 2917 1706 2959 sacras
1721 2909 1750 2959 et
1764 2904 1829 2960 ado

119 2992 215 3048 siones
231 2993 314 3048 illius
329 3007 501 3064 unaquaque
513 2994 561 3049 die
575 3008 607 3049 ac
621 3000 701 3050 noete
718 2995 817 3050 invoco
831 2997 863 3048 ut
878 3006 946 3061 peo-
961 2981 986 3046 C
1001 2995 1105 3050 randas
1127 2994 1254 3050 omnium
1275 2999 1438 3050 sanctorum
1455 2994 1505 3064 qui
1521 2993 1625 3050 saeculo
1639 2995 1696 3048 Deo
1718 2992 1828 3062 piacue·

119 3085 198 3137 caton
210 3080 239 3136 in
254 3081 431 3150 adiutorium
452 3096 556 3152 meum,
571 3088 707 3152 tanquam
724 3095 797 3151 eam,
814 3094 876 3151 qua
893 3080 946 3136 ha-

120 3168 633 3240 beatconhdentiamapudChristum
643 3172 945 3242 Dominumnostrum,

121 3257 219 3328 quiex
233 3271 265 3313 ea
279 3265 365 3314 natus
380 3269 431 3315 est.
450 3259 512 3316 Pari
528 3260 610 3315 modo
625 3266 788 3316 sanctorum
801 3269 829 3315 ει
844 3258 947 3315 lauda-

120 3345 331 3403 bilissimorum
349 3348 553 3420 apostolorum,
573 3349 786 3420 prophetarum,
803 3355 831 3404 et
846 3352 947 3418 marty·

120 3448 196 3502 rum,
208 3441 236 3491 et
248 3436 362 3490 Patrum
375 3441 461 3507 atque
474 3438 618 3493 cultorum
630 3437 717 3493 eremi
730 3437 828 3493 iconas
839 3435 946 3505 recipio

120 3527 149 3579 et
162 3524 259 3594 adoro,
277 3538 331 3580 non
348 3529 482 3594 tanquam
503 3526 572 3581 deos
590 3525 684 3597 (absit)
707 3526 755 3581 sod
775 3524 906 3580 allectum
919 3528 947 3579 ct

121 3627 245 3669 amorem
265 3613 368 3668 animae
388 3627 465 3683 meae,
481 3628 564 3683 quem
586 3613 721 3669 habebam
743 3614 826 3682 prius
842 3613 870 3667 in
886 3626 944 3680 eos,

121 3703 207 3757 etiam
230 3716 307 3757 nunc
328 3702 489 3771 ostendens,
513 3717 580 3772 rogo
605 3708 723 3757 eurrctos
745 3702 812 3757 illos
833 3715 867 3755 cx
887 3705 946 3756 tota

122 3790 218 3845 anima
240 3796 273 3845 ut
295 3790 470 3846 intercedant
491 3804 541 3861 pro
564 3804 606 3845 me
627 3792 662 3846 ad
684 3793 782 3860 beuuq
806 3796 947 3859 quatenus

122 3879 170 3933 det
185 3878 256 3933 mihi
273 3892 323 3946 par
339 3878 558 3934 intercessiones
570 3894 667 3935 eorum
685 3879 813 3935 invenire
830 3878 949 3933 miseri-

123 3967 250 4022 cordiam
264 3980 349 4037 penes
360 3982 389 4022 se
404 3969 433 4022 iu
445 3968 492 4023 die
503 3969 620 4038 judicii.
638 3968 779 4025 Similiter
792 3973 820 4024 et
835 3968 946 4038 lipsana

124 4061 287 4111 sanctorum
302 4056 390 4111 adoro
404 4061 433 4111 et
445 4057 564 4130 honoro,
581 4066 608 4115 et
622 4059 786 4129 amplector,
812 4065 947 4129 tanquam

124 4157 222 4199 eorum
242 4145 292 4214 qui
308 4145 515 4202 decertaverint
533 4161 584 4218 pro
606 4148 730 4219 Christo,
746 4154 774 4203 et
788 4148 949 4218 acceperint

126 4233 245 4305 gratiam
259 4233 294 4289 ab
306 4234 368 4305 ipso
378 4236 412 4291 ad
424 4237 562 4292 sanitates
575 4237 747 4309 efficiendas,
758 4244 786 4293 et
796 4238 948 4309 languores

1002 3087 1079 3154 runt,
1095 3082 1271 3137 anathema·
1287 3082 1293 3135 l
1307 3081 1538 3138 Christianorum
1554 3079 1825 3152 calumniatoribus,

1002 3171 1031 3228 id
1047 3175 1099 3240 est,
1116 3170 1256 3242 imagines
1270 3168 1529 3242 confringentibus,
1545 3168 1716 3224 anathemat

1036 3260 1143 3316 Sabbas
1160 3259 1416 3315 reverendissimus
1436 3259 1613 3331 hegumenus
1627 3256 1642 3298 b
1656 3257 1825 3313 monasterii
1854 3283 1856 3287 <

1001 3349 1096 3405 Studii
1114 3349 1207 3404 dixit:
1221 3348 1305 3403 Juxta
1325 3347 1482 3417 apostolica
1504 3351 1642 3416 precepta
1663 3350 1691 3401 et
1712 3345 1826 3401 univer-

1002 3438 1075 3494 sales
1090 3438 1221 3508 synodos,
1237 3437 1344 3508 dignus
1358 3440 1401 3492 est
1421 3436 1591 3506 receptione.

1036 3511 1827 3594 Tarasiussanctissimuspatriarchadixit:Quidudum

1001 3620 1082 3670 erant
1098 3619 1180 3670 rectae
1195 3613 1260 3668 iidei
1276 3614 1508 3681 calumniatores,
1526 3627 1602 3669 nune
1617 3611 1686 3668 lacti
1702 3616 1773 3667 sunt
1786 3625 1828 3667 ve

1003 3704 1098 3760 ritatis
1118 3704 1308 3768 advocatores.

1037 3795 1242 3865 Constantinus
1261 3794 1462 3849 sanctissimus
1480 3793 1632 3862 episcopus
1653 3790 1829 3846 Constantia

1002 3884 1086 3954 Cypri
1115 3870 1191 3939 diiit
1207 3901 1213 3936 :
1231 3883 1348 3938 bluitam
1368 3897 1384 3938 a
1405 3882 1489 3938 nobis
1518 3882 1671 3951 lacrymam
1701 3879 1829 3937 evocavit

1004 3971 1078 4048 [θοι.
1088 3974 1153 4035 ιιι,
1162 3970 1318 4046 evacuavit]
1330 3971 1446 4028 libellus
1458 3969 1690 4027 reverendissimi
1700 3968 1829 4040 episcopi

1003 4062 1153 4119 hmmorii.

1038 4151 1172 4209 Tarasius
1190 4150 1391 4207 sanctissimus
1413 4150 1575 4220 patriarcha
1594 4148 1690 4204 dixit:
1709 4147 1830 4204 Videtur

1003 4243 1092 4298 vobis.
1118 4248 1149 4298 ut
1171 4241 1312 4311 recipiant
1333 4240 1413 4297 sedes
1435 4239 1527 4295 suas‘.l

125 4323 276 4388 curandos,
300 4330 328 4379 ct
348 4325 489 4382 daemones
513 4327 680 4398 ejiciendos,
709 4328 947 4397 quemadmodum
963 4317 989 4377 l)
1038 4331 1192 4387 hevcrendi
1214 4330 1345 4385 monachi
1361 4330 1512 4385 dixerunt:
1525 4327 1770 4397 Quemadmodum
1784 4341 1830 4383 su·

92 4438 95 4443 ·
124 4412 252 4469 Ecclesia
265 4413 494 4470 Christianorum
515 4416 642 4486 suscepit
657 4430 672 4472 a
688 4417 795 4472 sanctis
809 4417 948 4487 apostolis

125 4508 154 4558 et
166 4503 308 4574 Patribus,
322 4511 350 4560 et
363 4518 453 4574 usque
467 4504 501 4559 ad
518 4519 579 4560 nos.
594 4506 676 4577 Pingi
691 4512 784 4562 autem
801 4507 948 4562 consentio

127 4591 156 4646 in
168 4593 299 4648 ecclesiis
313 4599 476 4650 sanctorum
493 4594 693 4664 principaliter
706 4595 816 4651 iconam
832 4595 946 4651 llomini

127 4681 218 4737 nostri
241 4683 307 4737 Jesu
330 4682 450 4754 Christi,
473 4687 502 4738 et
522 4690 626 4739 sancta
647 4685 697 4739 Dei
712 4685 889 4754 'Genitricis
914 4684 949 4741 ex

126 4769 204 4824 varia
225 4771 343 4826 materia
363 4773 428 4827 nuri
449 4777 477 4826 et
493 4773 615 4845 argenti,
638 4780 666 4830 et
680 4759 877 4831 omhll‘i‘olorc
893 4793 899 4829 :
916 4779 948 4829 ut

126 4871 227 4913 carnea
240 4859 416 4928 dispensatio
430 4861 523 4931 ipsius
538 4863 671 4919 omnibus
683 4865 849 4921 innotescat.
864 4864 948 4920 Simi-

126 4947 193 5002 liter
202 4948 281 5020 pingi
291 4949 521 5007 conversationes
534 4959 696 5010 sanctorum
709 4959 737 5010 et
746 4952 950 5010 famosissimo

125 5050 189 5092 rum
211 5036 414 5108 apostolorum,
434 5040 634 5109 prophetarum
652 5055 684 5098 ac
702 5050 868 5114 martyrum,
892 5054 948 5112 quo

125 5125 305 5182 innotescant
330 5127 485 5183 certamina
506 5134 534 5185 et
555 5143 659 5201 agones
687 5144 785 5186 eorum
813 5132 843 5187 in
868 5131 947 5190 brevi

122 5213 277 5283 scriptura,
294 5215 328 5270 ad
350 5216 550 5274 excitationem
562 5224 590 5275 et
608 5221 805 5291 magisterium
824 5220 950 5291 populo-

124 5317 199 5374 rum,
219 5303 398 5375 maximeque
415 5306 603 5377 simplicium.
619 5308 647 5363 st
666 5309 743 5364 enim
760 5323 859 5381 regum
881 5310 949 5366 lau-

158 5410 233 5465 ·ilis
246 5411 296 5480 qui
311 5411 439 5484 ambigui
454 5420 532 5484 sunt,
545 5419 573 5468 et
588 5428 643 5469 non
656 5429 690 5470 ex
709 5416 805 5472 animo
821 5415 948 5478 fatentur

123 5494 152 5538 se
166 5495 261 5538 sacras
277 5482 416 5555 imagines
436 5485 575 5555 venerari,
592 5485 741 5543 anathema
759 5487 765 5541 i

1003 4424 1154 4489 sceperunt
1175 4424 1279 4474 sanctae
1299 4424 1327 4473 ει
1348 4417 1522 4473 universales
1544 4415 1644 4487 synodi
1668 4429 1703 4470 ex
1726 4414 1828 4470 heresi

1002 4522 1162 4579 conversos,
1179 4514 1207 4562 et
1221 4521 1273 4562 nos
1287 4508 1471 4577 suscipimus.

1037 4597 1137 4652 Sancta
1158 4595 1286 4666 synodus
1305 4595 1398 4652 dixit:
1413 4596 1508 4651 Placet
1526 4595 1661 4652 omnibus
1680 4592 1774 4650 nobis.
1795 4592 1830 4647 Et

1000 4685 1075 4755 jussi
1096 4691 1164 4741 sunt
1183 4685 1438 4740 reverendissimus
1457 4684 1582 4740 Basilius
1603 4682 1758 4752 episcopus
1776 4681 1831 4736 hn-

1003 4788 1085 4845 cyrae,
1102 4780 1130 4829 et
1144 4774 1308 4830 Theodorus
1329 4773 1584 4829 reverendissimus
1599 4771 1754 4841 episcopus
1768 4768 1831 4826 hm-

1004 4865 1099 4936 rnorii,
1117 4866 1214 4921 sedere
1232 4864 1261 4919 in
1277 4863 1414 4936 gradibus
1428 4877 1461 4918 ac
1476 4861 1594 4918 sedibus
1610 4861 1683 4917 suis.

1038 4954 1209 5025 Euthymius
1247 4952 1502 5009 reverendissimus
1539 4949 1693 5020 episcopus
1730 4949 1831 5005 Sardis

1003 5043 1096 5099 dixit:
1112 5043 1307 5099 orthodoxum
1327 5042 1403 5097 Deus
1420 5039 1490 5095 bene
1510 5040 1640 5096 adduxit.

1039 5133 1140 5188 Sancta
1155 5132 1280 5202 synodus
1298 5130 1374 5185 dixit
1387 5148 1393 5184 :
1404 5129 1588 5186 Orthodoxus
1602 5130 1684 5185 Pater
1701 5143 1768 5184 cum
1782 5130 1831 5185 Pa·

1005 5220 1099 5277 tribus
1122 5225 1226 5276 sancta
1252 5220 1359 5289 synodo
1387 5215 1580 5292 [orthodoxus
1604 5231 1670 5273 cum
1696 5218 1829 5288 synodo:

1003 5312 1085 5366 Pater
1099 5325 1163 5366 cum
1183 5307 1337 5384 Patribus].
1358 5311 1424 5365 Post
1439 5309 1491 5364 hos
1506 5314 1600 5364 autem
1621 5307 1741 5364 adducti
1762 5313 1830 5366 sunt

1002 5492 1015 5544 J
1036 5416 1139 5546 'bitum
1159 5416 1255 5488 abbas,
1277 5416 1336 5472 sive
1355 5416 1525 5487 praepositus
1543 5413 1700 5483 exponitur
1716 5413 1747 5469 iu
1763 5413 1826 5470 cod.

1017 5504 1032 5546 o
1048 5533 1054 5544 .
