3876 6090
61 291 130 355 titt
484 294 615 355 rsituuo
641 294 849 355 inimatum
877 292 944 352 LIB.·
960 292 1007 352 bu
1032 295 1121 356 vinis
1147 297 1233 358 nont.
1253 298 1352 357 ΡΟΝΤ.
1699 294 1770 358 44449

63 435 153 479 manae
162 421 298 480 Eccleslae
311 422 438 492 dederat,
450 424 525 495 apud
537 425 697 497 Augustum
705 413 932 482 Valentinis-A
945 441 995 500 per
1008 428 1201 502 campaniam,
1215 433 1244 487 et
1255 431 1286 488 ln
1301 428 1446 488 universis
1458 427 1616 501 provinclls
1630 427 1769 485 constitu·

63 526 132 570 num
147 518 312 583 accusatus,
329 515 404 586 quod
419 515 630 590 Chrysogonam
647 516 799 587 quamdam
815 529 889 572 cou-
945 519 984 576 tis
998 519 1086 592 (epist.
1111 519 1145 595 4),
1163 522 1192 578 in
1210 535 1266 593 qua
1281 521 1372 578 multa
1387 519 1547 591 prohibuit,
1561 532 1625 592 quse
1638 522 1667 574 et
1684 521 1769 574 anw-

61 608 201 664 secratam
227 609 387 676 stuprasset
402 624 409 660 τ
432 612 460 663 et
476 610 586 664 tantum
611 607 678 664 inde
692 607 841 681 Augustus
861 610 889 664 et
944 622 1072 668 cessores
1093 626 1162 670 suos
1185 611 1369 683 prohibuisse
1383 623 1457 682 saepe
1471 624 1558 681 supra
1572 609 1767 667 meminimus.

63 700 153 753 mater
166 697 230 767 elus
250 696 362 752 accensi
378 702 456 768 sunt,
479 702 511 754 ut
532 711 548 753 a
568 697 727 769 supradicti
743 695 889 768 pontilicis
944 701 1084 759 videlicet
1100 703 1242 774 pracepit,
1259 715 1294 759 ne
1309 701 1366 773 illi,
1378 701 1453 773 quia
1468 700 1596 759 dominis
1607 699 1670 758 suis
1684 698 1769 756 iiber·

60 786 274 851 communione,
292 791 320 842 ct
334 799 434 860 magna
448 801 514 857 pars
529 787 707 858 populicum
722 787 890 845 eissesus-
944 795 1030 848 tatem
1054 793 1191 866 consequi
1219 793 1328 850 minine
1354 795 1518 863 potuerunt,
1546 793 1575 847 et
1604 791 1654 861 qul
1680 790 1767 846 etlam

61 874 890 950 penderent.Quaproptervatenttnianusaugustuspra-
943 880 1081 953 originali
1096 881 1185 939 alicui
1208 881 1368 939 conditioni
1384 881 1497 952 alligati
1518 882 1597 951 sunt,
1612 878 1646 936 ad
1672 891 1770 935 sacer-

60 966 135 1023 dicti
149 966 296 1038 pontilicis
307 967 480 1024 auctoritate
491 968 629 1038 synodum
641 968 808 1040 congregari
822 969 890 1039 Jus-
943 970 1015 1028 dotti
1031 970 1179 1045 fastigium
1203 973 1396 1044 provehantur
1410 970 1488 1044 (dist.
1504 967 1550 1043 54,
1562 985 1587 1028 c.
1603 969 1771 1025 Αάηιὶιιιιιι-

60 1055 111 1126 sit,
128 1057 158 1112 in
173 1069 239 1127 qua,
253 1054 321 1113 licet
334 1056 546 1113 aliterevadere
562 1061 667 1128 posset,
681 1056 779 1131 lugere
790 1056 889 1114 volens
942 1061 1009 1134 tog)
1025 1063 1082 1119 nisi
1096 1062 1169 1121 iorte
1184 1077 1282 1121 eorum
1297 1064 1397 1135 petitio
1409 1068 1460 1121 aut
1472 1062 1605 1119 voluntas
1616 1057 1769 1117 accesserit

60 1145 269 1217 suspicionem,
290 1158 386 1203 coram
401 1145 612 1219 quinquaginta
633 1161 683 1204 sex
698 1146 843 1218 episcopis
858 1161 889 1204 se
943 1150 994 1223 qui
1007 1151 1119 1224 aliquid
1137 1153 1166 1210 in
1181 1168 1230 1211 eos
1244 1153 1301 1211 sibi
1316 1153 1465 1211 vindicant
1478 1150 1636 1223 potcstatis.
1652 1148 1768 1206 hlubet

58 1234 241 1307 expurgavit.
254 1235 310 1291 Nec
327 1234 391 1292 ideo
406 1248 436 1292 se
448 1237 628 1310 expurgavit,
646 1235 695 1293 sed
712 1240 744 1292 ut
757 1235 826 1293 aliis
838 1250 889 1308 per
942 1239 1029 1297 etiam
1044 1243 1209 1312 apostolice
1227 1245 1305 1302 sedis
1318 1242 1498 1300 auctoritate.
1513 1240 1549 1298 ab
1563 1238 1770 1297 ecciesiasticis

59 1323 128 1394 boc,
137 1323 187 1396 qui
198 1324 354 1396 noluerint,
365 1324 484 1382 iormam
496 1332 523 1383 et
533 1326 694 1398 exemplum
709 1326 789 1383 daret
801 1345 808 1398 3
822 1340 888 1383 cum
943 1328 1047 1386 olilcils
1060 1337 1088 1387 et
1100 1332 1270 1389 sacerdotali
1293 1334 1408 1390 nomine
1428 1331 1532 1400 arceri,
1552 1329 1645 1402 siqui
1665 1342 1699 1386 ex
1718 1327 1767 1384 vi-

58 1414 213 1486 exscripto
223 1415 360 1472 etordine
367 1416 496 1487 synodali
506 1416 719 1488 constet,iilum
728 1415 889 1473 deberecri·
942 1419 1065 1476 duarum
1078 1422 1200 1490 maritis,
1216 1427 1267 1480 aut
1279 1421 1386 1494 quibus
1401 1421 1510 1479 luerint
1527 1432 1678 1478 numerosa
1694 1430 1768 1474 con-

58 1517 127 1560 men
140 1503 269 1576 probare,
286 1504 338 1576 qui
351 1504 463 1577 obiicit,
480 1507 570 1578 etqui
587 1519 643 1562 non
655 1505 799 1576 probanda
808 1505 889 1562 detu·
940 1506 1033 1580 lugia,
1049 1516 1118 1566 suut
1136 1511 1267 1568 admissi.
1290 1509 1316 1568 3.
1332 1511 1466 1568 Decernit
1486 1511 1594 1567 acriter
1613 1507 1768 1564 vindican-

59 1592 141 1661 lerit,
156 1595 297 1665 jacturam
314 1608 345 1652 so
367 1599 510 1653 sustinere
529 1596 682 1669 intelligat.
702 1595 806 1652 Bassus
821 1608 888 1652 vero
942 1598 1011 1654 dum
1034 1613 1097 1656 esse
1124 1600 1153 1657 in
1177 1614 1226 1659 eos
1247 1602 1368 1659 ciericos
1393 1598 1447 1672 (44,
1472 1601 1501 1657 d.
1524 1596 1551 1673 4,
1573 1613 1598 1655 c.
1621 1599 1676 1656 lter
1699 1593 1767 1669 hcc),

57 1684 227 1756 apraedicta
246 1684 354 1756 synodo
373 1690 416 1742 cst
436 1687 598 1759 damnatus,
614 1690 643 1744 et
656 1699 672 1743 a
686 1684 888 1743 valentiniano
943 1689 994 1760 qui
1020 1691 1183 1747 usurariam
1211 1692 1361 1763 pecuniam
1391 1694 1532 1761 exercent,
1561 1693 1590 1745 et
1614 1687 1644 1744 ln
1671 1684 1769 1743 tenore

56 1771 192 1846 Augusto
208 1775 396 1846 proscriptos.
899 1746 1082 1837 Bditescere
1106 1786 1259 1854 quaerunt:
1292 1795 1474 1839 commonens
1496 1779 1582 1837 etiam
1614 1777 1698 1848 illud,
1724 1774 1766 1844 ut,

97 1863 149 1920 illc
159 1862 356 1922 Orientalibus
365 1865 627 1936 episcopisdirexit
636 1865 786 1936 epistolam
798 1861 885 1936 (epist.
942 1869 1020 1928 sicut
1039 1885 1094 1929 non
1117 1886 1180 1944 suo,
1202 1872 1242 1928 ita
1262 1885 1317 1928 non
1342 1885 1376 1928 ex
1399 1870 1494 1926 alieno
1518 1868 1634 1926 nomine
1657 1866 1767 1937 aliquis

56 1950 105 2026 (4),
129 1952 160 2010 ln
176 1953 287 2025 quaeis
307 1954 451 2026 rescribit,
467 1968 483 2012 a
501 1969 558 2027 quo
579 1960 607 2012 et
631 1953 757 2027 qualiter
778 1953 888 2026 predi·
941 1960 1111 2022 clericorum
1133 1974 1263 2019 exercere
1284 1959 1367 2017 lenus
1387 1962 1517 2027 attentet,
1538 1957 1607 2029 quia
1632 1955 1767 2012 indecens

57 2047 139 2100 ctum
157 2043 287 2116 iurgium
304 2048 404 2102 contra
417 2059 482 2102 eum
502 2046 542 2102 sit
560 2045 726 2116 excitatum,
747 2049 775 2101 et
790 2057 847 2116 quo
858 2046 887 2101 ei
940 2054 984 2105 est
995 2050 1104 2107 crimen
1120 2065 1205 2109 suum
1220 2050 1378 2107 commodis
1392 2048 1497 2105 alicnis
1509 2044 1674 2116 impendere
1685 2041 1764 2114 (dist.

57 2132 140 2204 quali
158 2133 213 2190 line
226 2134 267 2191 sit
278 2135 462 2194 terminatum
479 2153 487 2206 ς
503 2135 644 2207 adiiciens
659 2136 690 2192 in
705 2134 801 2191 eadem
820 2133 887 2205 epl-
940 2134 984 2210 46,
999 2153 1024 2196 c.
1042 2140 1139 2213 sicot.)

56 2221 134 2279 stola
149 2223 249 2296 muita,
263 2223 372 2295 quibus
385 2225 513 2296 episcopi
528 2225 563 2282 de
578 2225 691 2297 reliquo
714 2224 819 2281 muniti
836 2223 886 2279 in·
975 2232 1044 2287 prem
1068 2231 1098 2286 tn
1123 2228 1191 2298 alta,
1217 2242 1301 2302 quam
1334 2227 1478 2285 universis
1508 2225 1599 2282 ltaliae
1620 2222 1766 2296 episcopis

53 2311 153 2382 tostas
166 2312 364 2384 oppositiones
378 2319 405 2372 et
428 2314 619 2387 malignorum
635 2315 833 2372 accusationes
845 2325 885 2370 sc
940 2320 1060 2391 scripsit
1072 2316 1160 2392 (epist.
1175 2317 1212 2394 2),
1229 2323 1261 2376 ut
1275 2319 1430 2391 diligenter
1448 2316 1620 2374 umichaeos
1632 2315 1767 2373 studeant

56 2414 128 2458 cure
142 2402 261 2473 rejicere
282 2402 395 2460 valeant
411 2423 417 2460 :
433 2418 496 2476 quac
512 2404 620 2461 ideirco
641 2404 759 2461 hicnon
776 2403 886 2461 inseri·
939 2411 1165 2481 circumquaque
1185 2409 1368 2482 investigare,
1385 2412 1413 2465 et
1431 2421 1448 2464 a
1462 2406 1596 2478 plebibus
1611 2404 1668 2463 sibi
1683 2418 1766 2462 com-

57 2502 135 2564 mus,
158 2490 227 2563 quia
247 2493 383 2564 superius
402 2493 499 2565 eadent
524 2507 648 2565 persaepc
667 2494 800 2551 adnotata
823 2507 885 2551 esse
941 2500 1039 2558 missis
1057 2512 1189 2571 separare
1210 2499 1365 2556 mandavit.
1390 2496 1614 2568 Scripsitetiam
1629 2493 1779 2553 omnibus·

57 2579 256 2639 meminimus.
270 2582 402 2640 Praedlcti
417 2597 495 2655 papae
512 2582 691 2655 temporibus
703 2589 765 2641 erat
781 2584 885 2641 lliero-
938 2591 1083 2662 episcopis
1093 2589 1278 2662 perstriham
1287 2586 1454 2646 constitutis
1466 2586 1615 2658 epistolam
1629 2582 1716 2656 (epist.
1727 2582 1763 2658 4),

57 2667 176 2741 solyma
187 2671 307 2743 quidam
322 2672 476 2745 episcopus
493 2686 514 2745 ¹,
529 2674 644 2731 nomine
664 2674 883 2745 Polychronius,
939 2679 970 2737 in
986 2692 1042 2751 qua
1056 2678 1154 2752 arguit
1168 2692 1217 2736 eos
1231 2679 1282 2750 qui
1306 2678 1337 2735 ln
1352 2681 1528 2735 sacramento
1544 2675 1607 2747 lllo,
1623 2675 1698 2747 quod
1715 2675 1766 2733 ln-

57 2759 109 2830 qui
122 2759 318 2832 imprudentia
330 2764 488 2821 senectutis
503 2763 533 2820 in
546 2763 709 2835 superbiam
725 2763 841 2833 ductus,
855 2776 885 2820 se
938 2773 983 2827 ter
991 2775 1092 2826 cetera
1101 2766 1236 2825 hortesis
1247 2772 1424 2824 sacramenta
1435 2762 1547 2841 [ordine
1556 2760 1763 2841 exsecutionis]

58 2849 250 2909 universalem
261 2851 424 2924 pontltlcem
437 2867 499 2911 esse
513 2853 680 2918 ulilrmabat,
697 2853 748 2925 qui
763 2853 884 2910 clericos
939 2857 1098 2929 principale
1110 2862 1163 2928 est,
1180 2857 1209 2914 id
1222 2857 1309 2914 estin
1324 2856 1478 2928 baptismo,
1494 2856 1653 2914 ailomanae
1664 2856 1766 2913 liccle-
1841 2854 1845 2869 '

56 2939 93 2996 de
105 2955 277 3015 quacunque
296 2943 445 3015 provincia
458 2944 494 3000 ad
509 2957 540 3000 se
553 2943 700 3000 venientes
716 2943 885 3000 inconside-
939 2947 990 3003 siae
1019 2933 1228 3004 consuetudine
1256 2945 1467 3019 discrepabant,
1493 2945 1534 3002 ita
1566 2949 1598 3003 ut
1626 2944 1764 3017 baptismi

56 3037 129 3105 rate,
149 3037 245 3090 etnon
265 3032 328 3090 sine
348 3034 441 3105 pretio
456 3033 557 3091 levitas
575 3038 604 3090 et
625 3033 786 3091 sacerdotes
800 3032 885 3090 ordi-
939 3042 1148 3093 sacramentum
1170 3034 1354 3091 numerosius
1374 3034 1404 3090 in
1419 3034 1469 3091 die
1483 3033 1660 3105 Epiphania,
1678 3049 1763 3106 quam

56 3124 156 3189 nabat,
192 3136 243 3181 nec
274 3124 442 3195 episcopum
475 3122 632 3194 quemlibet
662 3122 770 3194 absque
795 3093 969 3195 digaocln
990 3123 1119 3183 Paschali
1139 3128 1264 3195 tempore
1278 3122 1456 3179 celebrarent
1472 3140 1480 3193 ς
1496 3122 1606 3179 nullam
1624 3121 1764 3180 diberen-

57 3227 176 3272 munere
191 3210 398 3271 consecrabat:
419 3218 448 3269 et
468 3213 494 3270 si
513 3214 547 3270 ad
569 3212 718 3269 ecelesiam
739 3211 822 3269 illius
835 3225 885 3268 rc-
938 3217 1007 3274 tiam
1020 3214 1167 3271 credentes
1188 3226 1249 3270 esse
1263 3213 1338 3269 inter
1350 3212 1427 3268 diem
1441 3223 1498 3284 qua
1511 3210 1644 3267 Christus
1656 3210 1764 3269 adora-

55 3304 154 3381 gionls
170 3308 320 3376 rogaretur
334 3304 565 3375 consecrandam,
582 3316 638 3360 non
650 3301 737 3360 dabat
752 3300 885 3359 auctori·
937 3311 986 3362 tur
999 3303 1126 3376 amagis,
1136 3302 1247 3360 etdiem
1265 3315 1322 3373 qua
1338 3300 1400 3372 ipse
1417 3299 1602 3358 resurrcxlta
1619 3300 1760 3373 mortuis3

55 3394 128 3451 tatis
139 3406 198 3451 suae
212 3391 346 3463 faculam,
363 3392 422 3450 nisi
435 3392 531 3449 decem
544 3392 609 3449 auri
623 3391 714 3450 libras
726 3392 883 3462 accepisset
937 3406 1002 3451 cum
1025 3392 1140 3464 proprie
1153 3393 1183 3448 in
1200 3393 1288 3448 morte
1300 3389 1449 3462 crucibxi,
1463 3395 1491 3446 et
1506 3389 1536 3446 in
1551 3389 1762 3447 resurrectione

55 3483 87 3540 ln
101 3480 369 3540 remunerationem.
387 3482 468 3539 Uade
485 3482 584 3541 Sixtus
604 3496 676 3554 papa
688 3482 783 3540 ilomae
793 3493 883 3552 syno-
937 3482 1044 3539 mortui
1060 3482 1188 3552 potentia
1202 3478 1385 3550 baptismatis
1399 3492 1499 3537 novam
1514 3483 1674 3536 ereaturam
1689 3491 1762 3536 con-

54 3570 125 3630 dum
140 3576 205 3630 octo
220 3571 420 3643 episcoporum
438 3570 630 3645 congregavit,
646 3575 674 3627 ct
690 3570 881 3641 Euphemium
936 3570 1013 3628 didit
1027 3583 1061 3627 ex
1075 3570 1175 3642 veteri,
1191 3574 1224 3626 ut
1238 3568 1269 3625 in
1285 3567 1503 3625 renascentibus
1517 3571 1545 3623 et
1560 3578 1637 3625 mors
1650 3564 1760 3627 Christi

54 3660 234 3732 episcopum,
246 3660 297 3732 qui
310 3659 532 3732 Polychronium
544 3661 580 3717 de
597 3659 744 3731 predictis
758 3657 883 3715 iniama-
937 3666 1071 3732 operetur
1085 3665 1114 3716 et
1131 3659 1191 3717 vita
1203 3657 1247 3732 (de
1262 3658 1340 3714 Cone.
1356 3658 1385 3715 d.
1407 3654 1434 3730 4,
1450 3671 1475 3715 c.
1491 3657 1604 3729 Proprie
1619 3676 1627 3729 3
1643 3661 1672 3715 et
1685 3672 1710 3714 c.
1731 3658 1763 3714 st

54 3753 143 3821 verat,
157 3753 189 3807 ut
205 3749 302 3807 cadem
318 3763 414 3807 coram
429 3748 565 3806 omnibus
583 3748 730 3820 fateretur,
747 3749 884 3807 introdu-
938 3750 1021 3820 quis).
1037 3749 1126 3806 'l'rina
1139 3748 1216 3805 enim
1231 3746 1393 3805 submersio
1407 3746 1572 3804 triduanam
1586 3744 1694 3804 Christi
1713 3760 1763 3805 se-

54 3838 109 3896 xit.
124 3838 188 3911 Quo
206 3837 291 3910 lacto,
310 3844 368 3896 tres
387 3838 545 3910 episcopos,
567 3838 744 3910 totidemque
764 3838 884 3911 presby-
938 3839 1084 3911 pulturam
1100 3838 1242 3909 imitatur,
1258 3843 1287 3894 et
1300 3836 1336 3895 ab
1350 3835 1436 3910 aquis
1449 3835 1571 3894 elevatio
1585 3836 1763 3910 resurgentis
1885 3898 1891 3909 ,

53 3934 142 3998 ieros,
176 3933 205 3985 et
238 3928 313 3985 duos
339 3928 478 3985 diaconos
510 3927 625 3999 electos,
658 3928 881 3999 Hierosolymam
936 3934 980 3986 est
995 3928 1088 3986 instar
1098 3928 1133 3984 de
1153 3927 1294 3999 sepulcro.
1309 3928 1374 3999 ipsa
1387 3940 1455 4000 ergo
1471 3925 1597 4000 qualitas
1610 3924 1693 3983 docet
1713 3940 1764 3983 ce-

54 4017 208 4074 miserunt.
222 4016 279 4089 Qui
293 4017 474 4090 congregatis
494 4016 577 4074 illius
592 4016 721 4090 regionis
739 4017 883 4087 episcopis
936 4018 1079 4075 lebrandae
1103 4016 1275 4091 generaliter
1298 4017 1398 4090 gratiae
1418 4016 1494 4073 diem
1517 4015 1679 4087 legitimum
1698 4030 1763 4074 eum

54 4101 250 4181 [septuaginta
267 4104 338 4183 εει),
355 4112 384 4163 et
403 4106 579 4164 introductis
592 4106 782 4179 quadraginta
796 4105 884 4162 testi·
935 4121 1007 4180 esse,
1031 4107 1134 4178 inquo
1155 4110 1218 4162 orta
1231 4111 1275 4163 est
1295 4110 1323 4162 et
1341 4106 1436 4164 virtus
1457 4105 1596 4178 muneris,
1611 4110 1640 4164 et
1654 4107 1764 4178 species

52 4193 120 4267 bus,
137 4197 188 4267 qui
200 4197 284 4267 juxta
296 4196 449 4267 Euphemii
466 4196 677 4253 accusationem
693 4195 789 4252 omnia
801 4210 885 4253 com-
936 4197 1070 4255 actionis.
1101 4195 1227 4253 Additur
1255 4200 1350 4252 autem
1380 4208 1449 4253 sane
1477 4195 1547 4253 huie
1575 4195 1763 4254 observantis

54 4283 215 4355 probarunt
234 4298 299 4342 vera
323 4299 385 4343 esse
401 4286 437 4342 de
458 4284 658 4356 Polychronio,
682 4285 777 4355 ipsum
796 4284 883 4356 Poly·
936 4287 1022 4344 etiam
1042 4287 1221 4343 Pentecostes
1241 4298 1275 4341 en
1294 4283 1417 4340 adventu
1433 4284 1665 4356 Spiritussancti
1682 4298 1764 4342 sacra

53 4372 208 4431 chronium
228 4374 411 4446 damnarunt,
435 4380 462 4431 et
481 4374 671 4445 Euphemiam
689 4374 796 4445 etiam3
818 4373 882 4432 ideo
936 4376 1113 4446 solemnitas,
1136 4387 1199 4448 quae
1221 4374 1256 4431 de
1276 4370 1420 4446 paschaiis
1435 4371 1500 4429 testi
1516 4372 1620 4444 pendet
1637 4372 1763 4430 articulo

54 4461 125 4533 quia
146 4462 207 4533 ipse
228 4463 391 4534 pouiiilcem
415 4478 500 4521 suum
524 4468 716 4536 accusaverat,
739 4464 789 4536 qui
816 4455 922 4521 euml)
936 4465 979 4538 (de
993 4464 1071 4521 Gens.
1086 4466 1114 4522 d.
1129 4461 1155 4536 4,
1172 4479 1197 4521 c.
1212 4467 1272 4520 cuo
1287 4462 1428 4534 temporo).
1443 4460 1525 4518 Alios
1536 4474 1602 4519 vero
1616 4461 1680 4519 dies
1693 4460 1762 4519 huic

53 4555 278 4610 consecraverat.
308 4553 361 4610 Sed
386 4552 594 4626 polychronius
628 4558 734 4626 postea,
767 4557 882 4625 propter
936 4554 1123 4612 observantis
1137 4553 1298 4611 miscendos
1312 4548 1545 4625 esseprohibuit.

53 4641 281 4713 compassionem
306 4647 335 4699 et
358 4641 563 4715 eleemosynam
591 4657 663 4716 quas
683 4643 798 4702 civibus
819 4644 882 4701 suls
971 4644 1094 4716 scripsit
1115 4643 1189 4700 idem
1209 4643 1364 4715 praedictus
1384 4654 1455 4714 papa
1480 4640 1617 4699 ianuario
1639 4639 1763 4714 Aquile-

52 4728 181 4788 obsessis
201 4736 376 4806 erogaverat,
398 4737 546 4790 revocatus
573 4738 602 4790 et
622 4733 775 4792 restitutus
799 4738 881 4791 esta
936 4733 1028 4808 giensi
1056 4731 1190 4804 episcopo
1213 4731 1364 4802 epistolam
1389 4728 1476 4804 (epist.
1501 4728 1538 4803 3),
1561 4729 1591 4786 in
1615 4744 1672 4804 qua
1696 4744 1762 4789 eum

51 4818 135 4879 Sixto
150 4820 181 4878 in
197 4821 350 4893 pristinam
365 4822 470 4880 sedem.
936 4827 1106 4895 commonet,
1122 4835 1156 4877 ne
1178 4819 1341 4892 presbiteri,
1362 4819 1422 4877 sive
1435 4819 1564 4892 diaconi,
1580 4819 1623 4877 vei
1639 4820 1763 4878 subdia-

303 4912 411 4969 xcvii.
426 4943 464 4954 —
474 4912 502 4969 S.
517 4911 583 4970 LEO
594 4914 614 4969 i.
936 4912 1070 4983 coni,aut
1079 4908 1236 4982 cujuslibet
1245 4908 1359 4966 ordinis
1370 4908 1468 4965 clerici
1482 4910 1531 4982 qui
1542 4909 1577 4967 ad
1589 4909 1762 4969 catholicam

322 5000 415 5074 (Anno
428 5001 529 5059 Christi
542 4998 615 5075 440.)
936 5000 1018 5057 iidem
1034 5013 1119 5072 quam
1140 4997 1311 5070 iampridem
1331 4997 1497 5071 amiserant,
1520 5012 1636 5056 rursum
1659 4999 1763 5059 reverti

87 5088 154 5162 leo,
178 5089 294 5148 natione
314 5090 434 5164 Tuscus,
457 5104 491 5148 ex
515 5094 594 5162 patre
614 5089 782 5163 Quintiano,
805 5091 881 5150 sedit
935 5085 1475 5159 subtantiam,csqtocadmam,
1490 5084 1556 5158 l,d.
1570 5083 1595 5159 4,
1608 5102 1634 5145 c.
1647 5090 1759 5164 Omnis),

50 5181 265 5254 annosviginti
285 5184 314 5238 et
333 5195 433 5254 unum,
450 5195 575 5239 mensem
590 5194 690 5253 unum,
706 5182 769 5240 dies
783 5181 882 5239 trede-
935 5175 1378 5237 incatholicamcommunionem
1386 5175 1577 5248 recipiantur,
1591 5179 1759 5250 priusquam

50 5270 119 5327 cim.
143 5268 196 5326 ilic
217 5270 364 5328 ordinavit
382 5277 496 5329 centum
521 5276 550 5328 et
575 5271 730 5345 nonaginta
752 5272 881 5344 quinque
934 5282 1046 5328 errores
1059 5282 1138 5341 suos,
1151 5273 1180 5326 et
1193 5267 1271 5339 ipsos
1283 5270 1415 5325 auctores
1426 5263 1758 5340 erroris,asedamnarl

51 5354 181 5436 [centum
191 5365 220 5417 et
228 5362 374 5434 octoginta
387 5359 692 5437 quinquelepiscopos,
702 5360 881 5433 presbyteros
934 5359 998 5418 sine
1017 5359 1076 5416 ulla
1099 5357 1288 5432 ambiguitate
1307 5355 1473 5416 fateantur:
1498 5356 1566 5430 quia
1587 5350 1758 5410 interiorum

48 5455 148 5507 sutem
159 5450 307 5523 octogiuta
319 5456 348 5507 et
365 5466 464 5509 unum.
486 5451 538 5507 iiic
550 5450 674 5509 feliciter
684 5450 759 5509 obiit
771 5463 799 5507 vv
814 5450 882 5510 idus
934 5448 1070 5507 ordinum
1098 5448 1190 5521 eulpae
1210 5447 1244 5505 ad
1274 5446 1370 5506 nullos
1392 5446 1483 5520 magis
1514 5439 1667 5501 relerendae
1690 5447 1759 5499 sunt

47 5540 176 5612 Aprilis.
186 5541 240 5598 ilic
250 5540 402 5613 epistolam
416 5540 573 5599 destinavit
583 5540 727 5600 universis
738 5541 882 5615 episcopis
935 5552 1021 5612 quam
1033 5538 1068 5598 ad
1081 5538 1196 5597 desides
1210 5536 1443 5610 negligentesque
1457 5536 1591 5603 rectores,
1608 5529 1659 5604 qui
1677 5529 1757 5590 mui-

95 5642 112 5674 ι
125 5631 198 5689 Vide
208 5635 280 5690 tom.
295 5633 307 5687 1
321 5630 441 5703 concil,
458 5645 521 5705 pag.
532 5627 596 5689 705.
1308 5643 1311 5647 ·
