3876 6090
159 236 213 299 til
683 236 842 296 annuunt
860 233 1126 294 taruennensis
1144 237 1347 298 suuoucout
1816 238 1870 300 928

160 366 225 424 dam
242 365 353 422 nobilis
369 364 490 423 tradidit
505 365 690 437 proprietatis
704 379 763 423 suaa
783 378 883 436 agrum
899 375 988 420 unum
1002 360 1031 420 A
1043 367 1090 419 tus
1105 376 1176 420 suus
1190 364 1300 423 llelirib
1314 367 1495 424 tradiderunt
1508 367 1544 424 de
1558 366 1644 424 rebus
1654 365 1683 423 S.
1698 366 1872 421 Bmmeram·

158 455 240 526 iuxta
254 454 352 512 villam
365 455 533 526 Aespilipab
546 456 580 512 ad
596 456 623 512 S.
639 456 878 511 Emmerammum
893 452 922 508 in
935 465 990 508 ma·
1044 453 1083 507 mi
1105 453 1134 509 in
1153 454 1214 512 loco
1229 456 1279 526 qui
1294 456 1405 513 dicitur
1424 457 1552 529 lieziuga
1568 456 1677 513 eisdem
1690 452 1872 525 prescriptis

160 557 229 602 uum
252 542 424 616 Engilberti,
439 544 489 616 qui
510 543 563 602 boc
580 544 749 600 beneficium
765 541 868 598 babuit
883 541 912 596 lu
928 540 989 596 loeo
1043 541 1116 598 viris
1127 543 1315 601 domnmeum
1330 546 1398 603 ilseo
1410 561 1443 603 ae
1452 548 1514 619 jug.
1529 559 1621 607 xuvu.
1631 545 1690 600 lloc
1703 555 1872 613 namqueex

161 633 308 704 praedicto.
321 633 450 689 Eeontra
461 646 527 689 vero
540 632 615 689 idem
626 631 810 705 lingilbertus
823 629 943 686 tradidit
954 628 989 685 de
1045 634 1166 702 utraque
1182 637 1262 703 parte
1272 635 1306 690 ad
1320 635 1531 692 testificandum
1548 634 1598 691 isti
1619 647 1670 704 per
1686 646 1773 689 auras
1785 632 1871 688 tracti

161 720 284 778 rebusS.
298 722 498 778 Emmerammi
510 718 835 793 praeiatoEngllsealebo
850 732 913 774 cnm
926 729 990 774 eon·
1046 723 1128 776 suut:
1150 721 1272 797 Helirib,
1286 725 1435 797 lantpero,
1456 723 1647 795 Ercbaupold,
1665 722 1803 795 sindiho,
1816 722 1873 779 ile-

161 822 249 868 aensu
261 808 466 866 Ambriobonis
478 824 540 866 ven.
560 824 604 881 ep.
621 814 734 881 pratum
748 808 928 878 unnmjuxta
944 805 990 863 la·
1045 808 1147 882 ginolt,
1159 812 1305 884 Properbt.

161 899 246 956 “⁰0³¹
262 913 325 971 (11¹ae
336 898 563 956 M³h³ll⁰0atl¹¹2
1043 917 1107 974 Car.
1137 921 1217 977 LXll.
1239 951 1277 964 -
1300 923 1476 979 Commutatio
1502 925 1575 978 inter
1604 921 1820 977 ambrichonem
1845 926 1870 976 et

159 1024 223 1081 Gar.
243 1026 312 1082 LIX.
328 1056 365 1067 -
380 1025 503 1081 Traditio
519 1024 664 1094 cujusdam
675 1026 785 1092 semina
805 992 990 1093 praevocatur
1388 994 1520 1050 Gssalssm·

528 1097 615 1152 Sitti·
1079 1097 1176 1154 Gisala
1186 1100 1265 1157 dedit
1277 1100 1463 1160 Ambrleboni
1473 1102 1607 1173 episeopo
1618 1113 1745 1171 servum,
1757 1099 1870 1155 nomine

196 1202 313 1259 Noverit
338 1201 529 1271 plurimorum
555 1200 700 1257 industria
720 1200 850 1256 virorum
866 1197 990 1270 qualiter
1043 1185 1219 1257 Balbillum·
1239 1191 1257 1246 Ε
1276 1188 1871 1262 ⁰⁰1lllal500P1800P¹1⁵d0dilffi⁵³¹aepff

159 1291 239 1348 Sicca
250 1289 611 1360 etadvocatuselusllicbo
622 1290 772 1347 desierunt
782 1295 889 1360 partem
902 1286 990 1343 unius
1044 1279 1147 1333 witem-
1177 1279 1254 1335 Hanc
1286 1281 1371 1336 etlam
1398 1280 1649 1337 commutationem
1678 1293 1746 1334 cum
1779 1277 1870 1334 wadii)

160 1378 287 1436 00013312
309 1379 446 1450 rupisque
464 1380 499 1435 ap
514 1379 593 1436 mam
614 1380 764 1452 pendentis
786 1377 933 1450 inquirere
953 1376 988 1432 ap
1044 1371 1214 1439 peregerunt
1227 1368 1356 1443 wolfger
1365 1369 1470 1426 Gisalae
1479 1368 1625 1426 etllelirih
1636 1367 1796 1425 advocatus
1807 1366 1870 1437 epi-

160 1467 309 1541 Erininga.
332 1467 615 1528 abrenuntiaverunt
635 1484 665 1527 se
686 1472 780 1527 autem
802 1467 927 1539 portioni
942 1466 990 1522 ei·
1043 1456 1134 1527 ⁵⁰⁰Pls
1158 1457 1187 1513 ¹¹¹
1212 1459 1363 1528 Plaesttlllia
1386 1461 1513 1530 eiusdem
1535 1458 1674 1529 wimbis
1689 1460 1719 1513 0²
1743 1455 1869 1512 ffi‘wssll

159 1555 233 1622 pem,
263 1561 293 1612 ep
313 1557 356 1613 510
382 1557 551 1614 laxaverunt
567 1571 628 1615 eam
643 1558 677 1615 ad
695 1559 722 1616 s,
739 1560 987 1623 Emmerammum,
1044 1544 1192 1602 abbatiset
1204 1544 1866 1620 aliorumquivocanturddoli,Ogo,wieranr,

159 1645 357 1702 diceuteseam
374 1646 655 1720 ampliusnuuquam
671 1662 732 1705 sese
744 1646 815 1704 velle
830 1645 986 1718 inquirere.
1044 1633 1209 1707 Odalperbt,
1235 1637 1399 1711 Sindperbt,
1421 1638 1625 1708 westargowo,
1644 1634 1798 1706 Gerperht
1815 1635 1868 1690 lloc

159 1734 201 1790 Ad
234 1733 286 1790 boe
310 1735 537 1793 confirmandum
566 1742 635 1794 sunt
659 1741 746 1793 testes
777 1736 847 1806 Avo,
872 1735 986 1803 Strupo,
1044 1725 1243 1782 autemactnm
1256 1730 1300 1784 est
1312 1741 1342 1783 11
1357 1726 1419 1782 Kal·
1436 1727 1514 1797 Mai-2
1536 1726 1566 1782 ¹11
1579 1728 1661 1796 wall)
1674 1723 1711 1781 ad
1728 1723 1866 1796 millii·

160 1824 341 1895 Guudperlrt,
370 1824 576 1897 lirobanperlit‚
610 1827 758 1898 woladeo,
786 1826 902 1898 llilrger,
930 1824 989 1880 dr·
1079 1849 1142 1906 CM,
1180 1852 1274 1907 Lm
1297 1882 1334 1893 ,,
1364 1851 1541 1907 Comma„
1566 1851 1638 1905 Μ.
1658 1849 1868 1905 Ampnppmm

160 1913 253 1984 perbt,
287 1912 421 1985 Hiltigoz,
452 1915 580 1987 Gemino,
614 1916 777 1987 Embriobo,
810 1913 986 1985 imalperbt,
1270 1926 1424 1994 episcopum
1442 1929 1468 1980 ct
1495 1926 1631 1979 Totoncm.

160 1999 312 2072 Rihpeshb
329 2001 429 2073 “⁶¹⁰1
451 2003 578 2077 W³¹¹³hr
589 2004 719 2077 malles·
1078 2028 1108 2083 ln
1126 2030 1239 2087 nomine
1253 2032 1304 2087 Dei
1320 2031 1434 2088 summi.
1450 2031 1590 2087 Placitum
1602 2035 1689 2100 atque
1699 2031 1867 2086 conventum

158 2123 827 2198 Cle.Lib-dommotarbiurerurcuanpednm
836 2130 989 2200 mappam
1044 2116 1119 2175 inter
1143 2133 1205 2176 ven.
1222 2134 1266 2192 ep.
1293 2120 1514 2177 Ambriclrouem
1536 2125 1562 2176 et
1588 2117 1742 2192 quemdam
1759 2117 1867 2174 tidelem

437 2204 463 2254 et
479 2200 703 2256 Perebtdoidorn.
1042 2219 1138 2277 suum,
1153 2208 1268 2265 nomine
1290 2210 1434 2279 tatonem,
1452 2207 1576 2265 nobilem
1598 2207 1694 2263 virum
1711 2210 1744 2262 ut
1756 2205 1869 2276 aliquas

194 2305 351 2361 Fructuosa
361 2305 442 2361 valde
456 2308 484 2361 et
497 2306 620 2362 nimium
634 2306 719 2364 utilis
728 2307 906 2363 consuetudo
918 2306 987 2363 olim
1043 2308 1088 2351 les
1112 2295 1188 2353 inter
1206 2311 1237 2354 ὅθ
1260 2312 1311 2369 pro
1333 2298 1477 2356 c0¹¹¹¹nuni
1504 2297 1631 2354 ulilitate
1653 2301 1682 2351 θῑ
1700 2294 1869 2366 ⁰⁰¹¹¹P0¹¹ffi⁰

81 2402 86 2415 ·
158 2393 234 2462 apud
248 2391 380 2449 homiues
395 2393 550 2450 inoleverat
563 2396 758 2451 commutandi
771 2394 905 2451 videlicet
920 2409 987 2467 qua·
1043 2391 1258 2443 mmmmm·
1275 2387 1460 2460 Dfflilitilwl
1471 2386 1625 2458 praedictus
1638 2386 1721 2442 Τῧῑῑθ
1735 2384 1774 2440 ‘¹0
1787 2384 1870 2441 lebni

159 2479 297 2535 rumlibct
312 2494 407 2537 rerum
421 2481 568 2551 portiones
584 2496 635 2554 pro
649 2483 797 2539 ambarum
813 2483 989 2554 opportuni·
1042 2475 1228 2544 proprietatis
1242 2491 1300 2533 suae
1317 2476 1417 2534 uxoris
1432 2475 1465 2532 all
1476 2476 1503 2531 S·
1517 2476 1769 2544 Emmerammm
1787 2473 1815 2529 id
1828 2478 1868 2528 etl

159 2571 216 2623 tate
231 2568 366 2638 partium.
386 2571 460 2642 Ergo
480 2584 564 2642 quam
582 2571 619 2628 ob
643 2585 701 2627 rem
729 2571 846 2641 quidam
867 2571 985 2639 nobilis,
1043 2573 1117 2630 inter
1131 2572 1236 2623 terram
1262 2565 1399 2622 arabilem
1421 2570 1450 2622 et
1468 2564 1570 2621 silvam
1584 2562 1804 2634 exstirpativam
1817 2562 1868 2631 ju-

159 2657 275 2712 nomine
288 2657 488 2729 Peretbardus,
505 2660 625 2716 tradidit
639 2660 673 2716 ad
686 2660 714 2716 S.
731 2661 844 2717 Petrum
857 2674 902 2732 ap.
917 2675 988 2716 san·
1041 2672 1107 2732 gera
1122 2669 1163 2726 cu,
1180 2655 1299 2725 insuper
1319 2655 1472 2726 separatim
1490 2653 1612 2709 silvamr
1636 2652 1667 2707 iu
1680 2650 1753 2708 villa
1765 2651 1868 2722 Pergcr

160 2750 295 2815 ctumque
318 2746 367 2800 liei
408 2751 560 2818 martyrem
593 2748 761 2804 Emmeram.
791 2750 985 2806 molendinum
1041 2739 1867 2815 utecontrapraedictusrlmbrieboven.epsivearege

160 2847 248 2890 unum
263 2834 298 2890 ad
311 2832 415 2907 litiuga
437 2835 467 2890 iu
479 2849 593 2892 manum
606 2836 789 2893 Erebaniridi
813 2836 987 2894 venerabilis
1041 2850 1106 2894 cum
1122 2838 1261 2906 precepto
1277 2834 1306 2889 in
1320 2833 1523 2904 proprietatem
1535 2832 1708 2904 acquireret,
1724 2827 1866 2901 quidquid

159 2933 203 2992 ep.
218 2926 248 2977 ct
267 2923 396 2978 advocati
414 2924 477 2993 ejus
494 2922 651 2995 odalperti.
668 2927 688 2981 E
712 2931 810 2982 contra
824 2940 890 2983 vero
912 2927 986 2983 idem
1040 2926 1076 2982 dc
1090 2925 1150 2994 ipsa
1166 2926 1263 2979 saneta
1280 2922 1316 2978 ab
1332 2922 1468 2994 predicta
1481 2922 1532 2977 Dei
1548 2920 1668 2977 eeclesia
1686 2919 1718 2975 iu
1730 2915 1868 2974 beneflcio

158 3010 314 3067 advocatus
329 3025 394 3067 oum
417 3026 559 3069 consensu
581 3014 708 3086 episcopi
721 3015 804 3085 juxta
819 3015 986 3086 pradictum
1002 3024 1026 3086 c
1041 3019 1123 3071 antea
1147 3012 1250 3069 babere
1273 3011 1424 3069 videbatur
1438 3012 1472 3067 ad
1488 3008 1730 3083 Fatiraglmundi,
1752 3007 1782 3063 id
1808 3009 1865 3062 est:

159 3098 254 3155 vicum
266 3099 388 3183 tradidit
402 3101 494 3157 eidem
507 3101 599 3159 nobili
616 3103 679 3160 viro
691 3104 791 3176 iugera
813 3119 856 3176 ru,
874 3105 904 3160 iu
918 3119 988 3175 pro-
1041 3103 1201 3173 ecclesiam,
1216 3102 1250 3158 de
1266 3106 1341 3158 terra
1353 3099 1457 3157 arabili
1469 3101 1570 3173 jugera
1585 3112 1670 3165 cxxv,
1681 3098 1717 3154 de
1726 3096 1819 3167 pratis
1833 3094 1866 3150 ad

159 3186 224 3258 prio
240 3186 410 3246 habendum.
428 3191 550 3247 Proinde
566 3205 678 3264 qrroquc
694 3193 803 3264 placuit
816 3194 889 3250 duas
898 3194 987 3250 ebar—
1042 3192 1176 3249 carradas
1187 3204 1251 3262 viu,
1268 3191 1303 3247 de
1324 3189 1395 3245 silva
1403 3189 1509 3261 ¹jugera
1522 3202 1551 3244 u.
1567 3188 1617 3243 Isti
1638 3191 1708 3243 sunt
1724 3197 1867 3256 peraures

158 3275 303 3333 tulasuuo
325 3281 422 3335 tenore
435 3280 615 3351 conseriptas
637 3281 773 3338 exhibere
788 3287 819 3340 ut
833 3283 892 3339 baec
905 3296 987 3340 com-
1042 3280 1147 3338 tracti:
1165 3280 1293 3349 trumot,
1313 3278 1434 3349 Folcrat,
1449 3277 1577 3349 Dnltiuc,
1595 3275 1684 3345 Tevit,
1701 3272 1864 3345 cotaperht,

159 3365 281 3422 mutatio
294 3366 404 3425 firmior
417 3368 556 3425 habeatur
569 3374 625 3426 eta
641 3371 879 3442 posterismelius
893 3373 988 3428 creda.
1041 3371 1166 3437 vulvilo,
1192 3369 1352 3441 Wichram,
1380 3367 1449 3441 Ogo,
1474 3367 1538 3439 Oto,
1559 3366 1707 3434 waltunc,
1730 3362 1863 3432 Otaciiar,

157 3456 216 3509 tur.
233 3454 267 3510 ut
278 3455 327 3512 isti
340 3460 408 3513 sunt
422 3462 526 3516 testes:
543 3459 690 3530 Pernhart,
709 3460 837 3533 liultinc,
852 3460 986 3517 bothelm
1041 3462 1176 3532 Pastmot,
1188 3459 1331 3527 Petebant,
1345 3457 1506 3514 Gemmunt.
1523 3455 1647 3522 linurin,
1671 3454 1722 3527 qui
1737 3459 1767 3510 et
1786 3452 1868 3508 inve-

157 3544 248 3599 atalil
266 3545 362 3601 multi.
1040 3550 1153 3607 stiturae
1178 3547 1243 3604 iidci
1262 3548 1362 3618 jussor
1382 3545 1563 3616 waldperht,
1586 3543 1724 3601 similiter
1742 3541 1865 3612 Gerwlb,

156 3668 610 3726 CARLXL-commumnoimer
618 3671 987 3743 Ambrictonemepiscopum
1041 3637 1179 3696 similiter
1192 3635 1303 3692 Gernod
1320 3635 1412 3705 testis,
1433 3633 1544 3706 Parrib,
1563 3634 1649 3705 irinc,
1664 3632 1769 3703 librili,
1785 3631 1867 3688 Lint-

475 3746 501 3796 η
519 3742 672 3797 einnonem.
1042 3727 1134 3799 perlit,
1163 3725 1335 3799 Eugilbelm,
1371 3723 1553 3795 Odalpcrrbt,
1579 3722 1732 3794 salagrim,
1760 3719 1864 3790 Folrat,

1041 3816 1194 3887 llodmunt,
1211 3815 1298 3872 Otker
1315 3814 1444 3885 Wisuut,
1465 3813 1608 3881 liiltimot,
1630 3813 1758 3880 Lantrat,
1785 3808 1867 3866 Salo-

159 3947 364 4004 nonnunquam
387 3949 437 4006 p„
454 3937 624 3994 necessariis
635 3939 833 4011 ,ogmvefflm
844 3954 986 3998 comm,-
1041 3905 1315 3976 mon,burinel1art,
1331 3903 1446 3972 Pilliue,
1467 3901 1590 3972 Samuel,
1613 3901 1749 3972 ltatpero,
1766 3910 1867 3957 mona-

157 4021 403 4094 ciisterreuisque
413 4024 593 4083 utilitatibus
607 4027 804 4085 suisiuvieem
815 4043 984 4087 eonsensum
1040 3995 1122 4066 ⁰¹¹¹¹³2
1146 3993 1286 4051 W⁰¹s¹⁸³¹¹¹
1311 3992 1477 4062 ⁰¹⁰¹¹³⁰¹¹⁰⁵³
1505 3991 1630 4064 Miles
1654 3988 1814 4046 ¹¹¹⁰¹¹³⁰¹¹¹¹³
1839 3992 1866 4044 θ*

159 4109 317 4180 praebentes
330 4113 526 4182 quarumlibet
538 4129 632 4172 rerum
648 4115 799 4174 facultates
809 4119 929 4176 vendere
941 4119 984 4175 vel
1039 4083 1172 4140 wichart
1189 4082 1335 4156 presbyt&
1352 4081 1603 4140 ⁰⁰m¹¹¹¹¹t⁵¹fi⁰¹¹⁰¹¹¹
1618 4077 1743 4136 mmm
1757 4080 1826 4134 ΒΜ
1837 4079 1865 4131 ⁰¹

158 4211 332 4269 comparare,
348 4202 460 4271 tradere
473 4207 524 4259 aut
537 4204 624 4260 etiam
646 4205 726 4262 aliud
742 4207 772 4261 iu
791 4206 871 4263 aliud
888 4211 986 4264 traus-
1040 4173 1242 4246 mmmmm·

158 4290 278 4344 mumre.
296 4288 374 4346 Unde
394 4296 422 4347 et
445 4292 572 4348 moderni
588 4307 767 4351 successores
783 4294 899 4352 illorum
915 4296 987 4352 imi·
1039 4299 1103 4355 cnr.
1120 4297 1213 4354 ixit.
1228 4326 1266 4338 -
1277 4296 1454 4352 Commutatio
1463 4298 1535 4351 inter
1543 4293 1756 4350 Amba-inlunem
1768 4294 1866 4364 spisso

158 4381 251 4434 untes
277 4378 477 4438 institutiones
491 4381 622 4439 erebrius
635 4382 663 4438 id
680 4383 774 4453 ipsum
789 4381 880 4441 iacere
895 4386 987 4444 solent
1004 4395 1029 4456 i)
1232 4385 1301 4439 pum
1318 4373 1344 4423 tl
1357 4368 1500 4423 Altotdnm
1512 4368 1667 4422 ducenum.

159 4480 212 4538 Pl⁰
224 4466 352 4526 ¹⁰00t1¹m
362 4472 565 4531 commoditate
577 4484 710 4528 arvorum
724 4474 927 4546 pratorumque
940 4477 986 4547 ju·
1075 4474 1213 4531 Perutilis
1222 4488 1256 4530 ac
1268 4475 1390 4530 nimium
1403 4473 1551 4531 fructuosa
1560 4472 1629 4530 olim
1643 4471 1722 4527 inter
1736 4469 1864 4527 homiues

157 4567 224 4625 gera
238 4555 373 4615 domibus
383 4563 410 4613 et
427 4558 652 4629 proprietatibus
666 4561 728 4616 suis
743 4560 840 4630 aptius
853 4564 988 4634 copulan.
1041 4563 1217 4620 consuetudo
1233 4563 1388 4620 inolescere
1404 4563 1532 4620 initiavit
1542 4560 1739 4619 commutandi
1755 4557 1864 4615 scilieet

156 4647 200 4697 tes
209 4648 431 4703 commutatione
441 4647 587 4704 concordi.
599 4649 656 4704 lior.
670 4652 699 4705 et
711 4650 788 4706 enim
799 4664 855 4709 nou
874 4658 987 4724 prater.
1041 4667 1092 4724 pro
1115 4652 1262 4710 ambarum
1285 4654 1486 4710 commoditate
1511 4653 1635 4725 partium
1661 4649 1809 4721 quaslibet
1823 4659 1864 4702 res

157 4729 297 4830 miseruut
310 4733 465 4791 Ambriobo
479 4735 586 4793 electus
608 4738 658 4793 [lei
675 4738 813 4812 pontifex,
828 4746 856 4797 et
869 4742 985 4813 qnidam
1040 4741 1101 4799 sive
1116 4742 1315 4799 hereditatum
1330 4756 1454 4814 quoque,
1471 4755 1520 4798 seu
1537 4740 1745 4797 beneficiorum
1760 4741 1811 4793 aut
1823 4747 1865 4789 ae·

157 4817 270 4875 nobrles
281 4821 338 4877 viri
356 4821 449 4879 liibbo
461 4824 580 4897 ejusque
597 4826 675 4884 illius
692 4830 786 4899 Freso,
803 4831 851 4886 sed
868 4830 985 4888 illorum
1028 4831 1202 4888 ‘cedentium
1229 4831 1445 4902 proprietatum.
1472 4832 1624 4901 Propterea
1658 4841 1726 4885 vero
1759 4823 1865 4898 placuit

194 3849 224 3901 ln
251 3847 383 3918 antiquis
396 3847 486 3920 igitur
510 3853 605 3919 patres
618 3850 668 3920 qui
683 3848 800 3907 inerunt
809 3852 987 3922 temporibus

38 4907 41 4917 '
157 4919 297 4964 consensu
313 4909 372 4966 haec
385 4910 562 4984 subsequens
576 4918 764 4974 commutatio
785 4919 985 4976 convenienter
1039 4919 1154 4976 cuidam
1167 4919 1362 4976 ecclesiastico
1377 4920 1512 4991 diacono,
1526 4919 1663 4975 videlicet
1672 4916 1790 4973 timido
1805 4919 1864 4968 tra·

157 5000 271 5066 peracta
289 5003 341 5054 est.
365 5000 556 5059 tradiderunt
571 5005 730 5075 supradicti
745 5005 855 5063 nobiles
866 5008 901 5064 ad
915 5022 986 5064 san-
1039 5009 1213 5080 dercjugera
1224 5011 1306 5064 terra
1324 5007 1444 5064 arabilis
1456 5007 1512 5064 tria
1527 5008 1560 5064 ad
1576 5010 1708 5063 sanetum
1722 5003 1775 5061 Dei
1788 5013 1864 5057 mar-

156 5088 234 5139 ctum
257 5083 306 5140 Dei
326 5087 563 5147 limmerammum
588 5093 618 5148 iu
641 5105 756 5150 manum
781 5094 984 5153 ambrichonis
1038 5103 1128 5169 tyram
1140 5098 1377 5154 Emmerammum
1386 5098 1510 5167 jacentia
1523 5096 1554 5152 in
1566 5094 1689 5168 planitie
1698 5101 1862 5163 camporum

102 5195 111 5205 -
156 5185 219 5273 ven.
234 5186 279 5244 ep.
302 5178 330 5231 et
343 5174 472 5234 advocati
487 5180 550 5249 ejus
566 5181 684 5238 liellrici
700 5183 729 5238 iu
743 5183 805 5240 loco
820 5190 984 5255 nuncupato
1036 5187 1228 5260 turturinum
1250 5186 1300 5258 qui
1315 5186 1426 5243 dicitur
1439 5187 1544 5259 Atinga
1565 5186 1594 5241 in
1610 5197 1728 5241 manum
1743 5195 1806 5239 ven.
1819 5192 1861 5248 ep.

156 5261 260 5334 Atrnga
272 5275 365 5320 casam
381 5273 535 5324 cumcurte
548 5271 691 5343 acjugera
702 5272 843 5329 axvuhac
856 5274 983 5345 ratione,
1038 5275 1242 5335 ambrichonis
1257 5276 1377 5348 ejusque
1391 5276 1531 5344 advocati,
1553 5273 1670 5331 nomine
1680 5265 1861 5328 wicrammi.

157 5355 189 5407 ut
213 5351 238 5408 si
254 5353 321 5425 quis
336 5354 390 5411 boc
403 5355 543 5413 resolvere
556 5357 705 5429 voluisset,
721 5366 862 5431 quatenus
875 5363 900 5420 S.
916 5365 987 5420 Em·
1040 5367 1128 5422 Porro
1140 5377 1155 5420 e
1169 5368 1267 5420 contra
1283 5365 1344 5435 ipse
1355 5365 1508 5422 advocatus
1522 5377 1587 5421 oum
1602 5362 1724 5419 licentia
1734 5357 1862 5432 predicti

155 5451 327 5498 merammus
361 5458 446 5500 suum
469 5443 620 5515 obtineret,
647 5452 675 5503 et
701 5447 745 5505 illi
774 5449 886 5508 nobiles
909 5456 988 5511 reci·
1042 5452 1185 5511 antistitis
1201 5453 1321 5510 tradidit
1335 5454 1427 5510 eidem
1446 5453 1538 5512 nobili
1557 5451 1815 5522 liltoltojugerau
1830 5448 1864 5504 de

156 5531 406 5609 porentiicoutra
424 5548 498 5607 sape
518 5535 617 5595 dictus
639 5538 745 5609 presul
759 5543 846 5610 atque
859 5542 990 5602 advoca·
1044 5542 1131 5601 rebus
1154 5542 1182 5600 S.
1206 5543 1418 5619 Emmeramml.
1442 5542 1579 5607 Tedium.
1600 5553 1702 5614 nempe
1716 5539 1770 5613 qni
1791 5538 1863 5595 idem
