3876 6090
116 267 163 327 aot
184 253 187 259 '
515 268 786 325 inneneunmmo
803 266 927 323 srmone
946 266 992 321 vn
1011 265 1261 322 carnosus-
1279 268 1379 323 aeuo
1398 270 1441 324 xv.
1766 272 1820 331 302

109 391 212 449 deinde
224 393 383 465 gaudentes
396 399 425 448 et
439 392 641 462 tripudiantes,
657 405 731 462 ecce,
746 393 839 461 aiunt,
856 391 941 447 nohis
952 385 982 445 A
995 387 1089 457 prium
1110 388 1203 444 locum
1223 402 1316 443 suum.
1340 388 1463 458 Apparet
1479 390 1575 461 itaque
1596 408 1696 449 rursus
1710 395 1820 452 damon

111 477 322 554 [ainntnobim
345 482 442 536 melius
466 477 556 554 mihi]
582 481 833 551 donavitgratlam
852 482 936 535 Ileus.
994 476 1117 548 incluso,
1134 482 1162 531 et
1175 476 1252 531 dixit
1267 477 1307 532 ei:
1326 477 1400 546 Quid
1422 484 1475 549 cst,
1497 480 1568 534 male
1583 480 1687 536 senex‘l
1711 497 1765 539 non
1776 478 1821 555 ju·

111 569 258 641 ingredere
281 570 380 640 itaque
398 569 608 639 Alexandriam,
625 575 653 625 ct
669 570 698 624 in
723 584 824 640 magno
839 571 940 624 Tetra·
994 565 1064 620 rasti
1079 565 1162 633 mihi,
1177 565 1252 635 quod
1267 566 1375 620 nemini
1385 565 1517 621 diceres?
1529 569 1706 638 etquomodo
1719 578 1820 628 cuneta

111 657 172 729 pylo
180 658 302 728 jejunus
315 659 428 715 dormi:
444 664 473 714 et
488 659 600 715 modico
620 658 675 716 olei
688 658 724 714 de
735 659 862 727 candela,
877 671 940 728 qua:
994 653 1096 708 dixisti
1112 653 1139 707 ei
1157 653 1206 723 qui
1220 653 1299 709 venit
1309 654 1343 709 ad
1367 653 1415 708 tei
1425 655 1495 711 Dico
1508 654 1572 726 tihi,
1590 657 1714 729 maligne
1725 672 1820 730 senex,

112 761 227 804 sursum
242 752 310 803 ante
325 747 478 820 imaginem
496 747 654 804 salvatoris
669 747 760 818 ardet,
775 751 890 816 accepto
909 746 939 800 in
995 746 1028 796 m
1043 743 1175 811 perjurus
1195 742 1282 798 habes
1291 742 1417 811 judicari
1434 743 1463 798 in
1474 744 1523 799 die
1535 744 1652 813 judieii.
1667 746 1823 816 Respondit

109 835 236 905 ampulla
251 849 348 906 parva,
369 851 472 894 rursus
484 836 602 905 jejunus
623 837 657 893 aa
684 837 738 893 ista
761 835 938 906 perveniens,
994 828 1020 883 ei
1035 829 1176 901 inclusus,
1190 827 1820 906 dicens:Quialdr„Quod]juraviquidem,

110 923 193 980 etiam
208 924 264 980 hoc
280 925 403 995 pedibus
413 925 518 993 unctis,
532 925 639 982 donum
655 925 790 981 sanitatis
809 923 937 979 habebis.
991 917 1101 985 juravi:
1116 924 1144 975 et
1158 920 1225 989 quia
1238 919 1391 991 perjuravi,
1407 921 1478 976 scio.
1493 923 1692 978 Verumtamen
1704 924 1823 980 minime

110 1012 143 1069 lit
155 1017 222 1082 post
234 1013 492 1084 alia21pseautem
507 1027 629 1086 surgens
643 1017 706 1083 post
720 1012 939 1069 exstinctionem
996 1001 1070 1078 [Gr.‚
1094 1004 1369 1082 meumJDominum
1393 1014 1422 1064 et
1445 1007 1580 1066 lectorem
1607 1012 1764 1082 perjuravi:
1795 1017 1823 1068 te

111 1100 237 1156 tandeim
252 1102 344 1157 sumit
357 1101 462 1166 oleum,
472 1105 501 1157 et
512 1101 547 1157 ad
561 1106 725 1158 sanctorum
737 1100 941 1171 pervenittem·
994 1097 1089 1149 autem
1105 1110 1162 1152 non
1177 1095 1272 1152 audio.

113 1188 265 1258 plumzuhl
277 1190 354 1246 sieut
363 1188 576 1261 jussusluerat‚
589 1203 690 1246 manus
701 1193 730 1245 et
745 1188 938 1259 pedesunxit3
1029 1182 1235 1240 Constantinus
1254 1184 1456 1242 sanctissimus
1478 1186 1631 1258 episcopus
1651 1189 1823 1246 constantim

112 1281 139 1332 et
152 1277 296 1334 continuo
311 1277 475 1349 languorem
496 1277 639 1348 deposuit,
662 1283 690 1333 et
714 1275 939 1333 incolumitatem
993 1270 1077 1340 Cypri
1093 1272 1186 1327 dixit:
1202 1272 1444 1342 Quemadmodum
1456 1287 1542 1331 aurea
1555 1277 1685 1349 monilia,
1703 1278 1742 1334 ita
1755 1283 1823 1336 sunt

115 1364 229 1435 recepit.
994 1358 1097 1416 deiferi
1123 1363 1220 1418 Patres
1243 1362 1345 1434 nostri,
1373 1365 1577 1420 concordantes
1600 1365 1631 1420 in
1657 1367 1823 1426 adoratione

142 1452 283 1510 Tarasius
294 1454 495 1510 sanctissimus
508 1453 670 1524 patriarcha
682 1452 775 1508 dixit:
787 1452 889 1508 Omnia
900 1466 941 1508 re.
994 1463 1139 1506 sacrarum
1156 1452 1323 1522 imaginum.

113 1539 244 1609 cipienda
268 1554 331 1598 esse
356 1540 471 1610 latetur,
494 1549 523 1597 et
547 1541 688 1612 pictorum
711 1545 739 1596 et
762 1540 939 1611 reliquarum
1028 1541 1149 1596 loannes
1166 1540 1423 1597 reverendissimus
1437 1543 1602 1614 menachus,
1624 1546 1770 1617 presbyter
1793 1552 1823 1603 ct

112 1627 217 1684 artium
243 1634 437 1700 monumenta,
461 1629 495 1684 ad
517 1629 647 1685 decorem
676 1641 823 1684 sacrarum
844 1627 940 1683 domo·
993 1628 1121 1685 vicarius
1134 1628 1324 1686 Orientalium
1340 1631 1517 1702 pontificum,
1540 1633 1629 1688 dixit:
1647 1635 1824 1692 Etaliudsi-

114 1729 184 1771 mm,
952 1705 980 1766 B
993 1717 1109 1789 gnilleat
1128 1731 1220 1774 sermo
1233 1718 1326 1774 l‘atris
1344 1720 1434 1776 nostri
1447 1720 1611 1794 sophronii,
1627 1723 1695 1793 quia
1706 1723 1822 1794 expedit

142 1803 268 1862 ihomas
285 1805 539 1863 reverendissimus
561 1806 727 1875 monachus,
748 1805 937 1876 presbyterae
991 1807 1017 1862 ei
1034 1807 1213 1877 quijuravit,
1234 1808 1325 1879 magis
1347 1810 1503 1880 perjurare,
1524 1824 1609 1882 quam
1625 1812 1743 1868 omnino
1764 1827 1824 1869 ser·

113 1893 443 1951 rimriusOrientalium
461 1895 624 1965 principum
642 1896 830 1963 sacerdotum,
844 1893 935 1951 dixit:
992 1909 1057 1951 vare
1083 1895 1285 1965 iusiurandum
1310 1896 1340 1952 iu
1366 1896 1590 1955 destructionem
1613 1900 1820 1958 venerabilium

113 1981 170 2037 llaec
203 1982 310 2054 imago,
345 1982 526 2040 honorabiles
560 1984 666 2054 Patres,
700 1982 881 2039 Alexandria:
908 1980 937 2035 in
994 1982 1161 2055 imaginum.
1190 1984 1246 2040 lloc
1271 1988 1365 2041 autern
1387 1984 1523 2058 dicimus,
1546 1988 1682 2057 quoniam
1704 1989 1821 2060 quidam

114 2069 259 2141 letrapylo
272 2083 286 2112 ⁸
297 2076 354 2128 stat
366 2086 457 2144 usque
468 2087 554 2144 nune,
570 2077 598 2129 et
612 2073 740 2129 diversas
756 2071 938 2128 infirmitates
994 2071 1081 2128 hodie
1100 2078 1238 2128 excusant
1251 2086 1286 2128 se
1308 2079 1422 2143 propter
1439 2072 1642 2143 juramentum.

115 2165 201 2217 rurae,
1029 2160 1165 2217 Tarasius
1181 2161 1383 2217 sanctissimus
1398 2162 1560 2231 patriarcha
1575 2164 1663 2219 dixit:
1680 2165 1821 2234 Quoniam

86 2302 90 2307 .
144 2249 387 2320 sanctasynodus
400 2249 488 2305 dixit:
515 2250 614 2307 Gloria
629 2252 695 2320 Deo,
721 2249 771 2320 qui
791 2241 876 2305 etiarn
891 2262 940 2319 per
994 2248 1266 2304 sciebathonitatem
1282 2249 1821 2325 liei,quiapmniteotessuseipit,ideo

118 2351 207 2394 sacras
232 2338 373 2410 imagines
391 2337 529 2394 miracula
544 2338 671 2409 perlicit!
993 2336 1140 2406 disposuit
1152 2337 1311 2409 transgredi
1335 2337 1454 2408 impium
1468 2339 1671 2407 juramentum.
1693 2342 1727 2395 Et
1745 2354 1822 2397 nunc

147 2427 319 2484 Eustathius
340 2429 595 2497 reverendissimus
612 2428 777 2499 monachus,
794 2425 940 2498 presbyter
995 2425 1044 2496 qui
1062 2425 1202 2480 inhaeresi
1213 2425 1267 2481 ista
1278 2427 1491 2498 juraverunt,si
1508 2426 1623 2497 quidem
1634 2427 1713 2484 aliud
1728 2443 1823 2498 pecea-

119 2515 240 2572 etabhas
261 2517 428 2573 monasterii
444 2517 593 2574 Maximini
620 2513 777 2591 [llaximi],
800 2514 891 2571 dixit:
906 2514 940 2569 lit
995 2519 1056 2569 turn
1076 2527 1132 2569 nou
1154 2511 1290 2585 lecerunt,
1308 2513 1490 2570 rationabilis
1505 2514 1548 2570 eis
1562 2518 1605 2570 est
1619 2515 1776 2586 excusatio,
1794 2523 1823 2572 et

120 2617 174 2676 ego,
190 2605 285 2661 sancti
299 2606 406 2676 Patres,
423 2606 529 2663 librum
543 2605 603 2662 fero
614 2606 741 2676 ejusdem
752 2604 854 2674 Patris,
868 2617 941 2658 eon·
995 2615 1051 2659 non
1067 2601 1171 2657 habent
1191 2602 1265 2672 quod
1286 2602 1399 2658 dicant:
1418 2603 1518 2659 namsi
1535 2603 1564 2658 in
1579 2602 1636 2659 alia
1654 2609 1768 2674 peecata
1781 2604 1824 2659 in·

122 2693 284 2764 scriptionis
294 2694 443 2751 habentem
465 2695 712 2752 Vitasmultorum
725 2698 888 2751 sanctorum
901 2693 941 2748 vi·
972 2689 1106 2761 cidunt,
1133 2690 1237 2746 dehent
1259 2691 1348 2746 Deum
1370 2692 1491 2764 placare,
1508 2699 1535 2748 et
1554 2692 1702 2749 obsecrare
1722 2694 1758 2749 de
1782 2706 1822 2750 re·

123 2794 227 2848 rorum:
251 2788 282 2839 et
297 2784 373 2840 sicut
389 2783 529 2854 placuerit
548 2785 634 2841 emtui
657 2788 759 2839 uestro.
995 2779 1132 2836 missione
1157 2779 1255 2835 illiciti
1274 2781 1441 2850 juramenti.

150 2870 251 2929 Sancta
278 2872 405 2941 synodus
424 2872 516 2928 dixit:
542 2874 671 2945 legatur.
1028 2868 1193 2924 Theodorus
1212 2868 1413 2926 sanctissimus
1438 2869 1590 2940 episcopus
1608 2870 1821 2930 subritensium

150 2948 184 3015 n·
194 2960 342 3030 accipiens
362 2960 522 3030 Stephanus
546 2960 701 3018 monachus
716 2960 794 3032 legit.
993 2956 1086 3012 dixit:
1101 2956 1437 3028 Princepsapostolorum
1448 2959 1548 3015 l‘etrus
1562 2961 1686 3033 negarit,
1701 2963 1748 3019 sed
1758 2968 1821 3019 aeta

954 3025 979 3089 G
994 3045 1162 3115 poenitentia
1180 3052 1309 3116 receptus
1323 3052 1366 3103 est
1379 3045 1489 3117 (hlotth.
1511 3048 1605 3121 xxvi).

1026 3135 1161 3191 Tarasius
1179 3136 1379 3192 sanctissimus
1404 3137 1566 3207 patriarcha
1580 3137 1672 3194 dixit:
1697 3141 1821 3197 llerodes

151 3224 365 3281 oieebataubas
378 3224 544 3281 Theodorus
556 3224 670 3296 AEliota,
684 3225 753 3296 quia
768 3224 885 3294 quidam
898 3224 939 3278 in·
993 3238 1049 3280 non
1072 3224 1237 3295 perjurarit,
1261 3225 1309 3280 sed
1332 3226 1429 3296 periit.
1449 3225 1485 3281 At
1505 3239 1571 3281 vero
1590 3228 1691 3284 Petrus
1708 3230 1822 3301 negavit

126 3310 212 3369 elusus
223 3319 287 3369 erat
302 3314 332 3368 in
346 3319 441 3369 monte
460 3313 617 3382 Olivarum,
641 3313 721 3369 valde
733 3318 864 3369 certator.
880 3313 939 3367 lm-
992 3326 1057 3369 eum
1069 3297 1582 3385 iuramento:u'elndelorasegressus
1592 3320 1620 3370 et
1635 3316 1818 3388 lacrymatus,

126 3400 258 3472 pugnabat
270 3405 366 3457 autem
378 3415 442 3457 eum
459 3401 568 3459 damon
580 3401 789 3458 fornicationis.
812 3400 938 3469 Quadam
992 3401 1089 3457 salvus
1103 3401 1196 3456 lactus
1218 3406 1270 3457 cst.
1287 3401 1374 3459 Omne
1393 3403 1499 3473 quippe
1515 3409 1660 3472 peceatum
1677 3404 1820 3476 benignus

127 3499 181 3559 ergo
191 3489 240 3545 die
254 3503 319 3546 cum
334 3489 496 3546 immineret
508 3491 534 3545 ei
548 3489 736 3560 vehementer,
752 3489 838 3558 eoepit
853 3502 938 3544 senex
992 3493 1067 3547 Deus
1092 3490 1224 3563 ignoscit,
1245 3491 1271 3547 si
1292 3504 1326 3546 ex
1340 3496 1399 3546 tota
1414 3491 1510 3547 anima
1531 3491 1599 3562 quis
1622 3493 1819 3562 poenitentiam

127 3573 275 3648 hnenuri,
289 3584 318 3633 et
328 3578 424 3634 dicere
435 3578 592 3636 daemonio:
607 3578 759 3649 Usquequo
775 3590 830 3632 non
845 3577 939 3647 parcis
994 3564 1127 3651 gesserit.

129 3664 210 3719 nihii
224 3666 323 3722 recede
342 3666 402 3735 jam
417 3680 434 3722 a
449 3680 502 3735 me,
527 3665 704 3722 consenuisti
719 3665 800 3721 mihi.
817 3665 940 3734 Apparet
1030 3668 1131 3724 Sancta
1157 3667 1282 3737 synodus
1296 3666 1388 3722 dixit:
1414 3666 1516 3737 Etiam,
1544 3667 1688 3740 Dominey'
1702 3668 1745 3723 sic
1769 3681 1821 3723 nos
1908 3699 1912 3705 -

130 3750 560 3825 eidamonvisibiliter,dicens:
572 3757 639 3811 lura
652 3752 938 3827 mihi,quodnemini
996 3761 1093 3813 saneta
1113 3756 1261 3825 Scriptura
1281 3754 1372 3811 doeet.

131 3837 205 3912 diras,
218 3842 293 3914 quod
306 3840 441 3899 dicturus
455 3856 518 3898 sum
534 3842 606 3914 tihi,
619 3849 648 3897 et
672 3841 747 3897 ultra
760 3845 788 3896 te
806 3854 862 3897 non
883 3841 941 3895 im·
1030 3844 1165 3900 Tarasius
1180 3843 1380 3900 sanctissimus
1405 3843 1567 3912 patriarcha
1590 3844 1679 3900 dixit:
1708 3844 1821 3901 Primus

134 3930 255 4001 pugnabo.
278 3931 312 3985 Et
323 3931 433 4000 juravit
444 3931 471 3986 ei
489 3943 583 4002 senex,
605 3931 679 4001 quod
695 3944 745 4001 per
761 3943 826 3985 eum
840 3928 890 3999 qui
912 3927 941 3982 in
997 3932 1147 4004 theologia:
1169 3932 1311 4002 princeps,
1335 3936 1451 3987 sanetus
1473 3931 1605 3988 videlicet
1627 3932 1748 3988 loannes
1762 3933 1820 3988 ait:

134 4012 268 4075 ultissimis
282 4019 403 4084 habiat,
420 4018 527 4075 nemini
540 4019 644 4091 dicam,
663 4034 726 4090 quae
735 4017 806 4074 mihi
819 4017 940 4074 dixeris·
995 4022 1060 4084 Nos,
1076 4022 1163 4092 tilioli,
1176 4022 1201 4074 si
1215 4020 1374 4083 duraremus,
1386 4021 1598 4089 puiopeeeuteoo
1613 4036 1667 4075 noo
1682 4021 1821 4083 habentos,

135 4101 196 4162 lunc
207 4107 280 4164 dicit
290 4108 318 4163 ei
333 4107 442 4163 demon
454 4126 461 4163 :
474 4109 514 4163 Ne
532 4107 633 4164 adores
647 4108 719 4164 hanc
736 4107 899 4179 imaginem,
913 4110 941 4161 et
995 4109 1136 4164 menduces
1158 4123 1251 4163 sumus
1270 4105 1297 4179 (l
1318 4111 1395 4162 Joon.
1424 4106 1456 4181 r).
1480 4108 1509 4163 Si
1537 4122 1604 4180 ergo
1628 4109 1823 4180 rogaverimus

137 4194 291 4266 teamplius
315 4210 371 4253 non
388 4196 571 4269 impugnabo.
596 4196 722 4253 llahehat
736 4202 830 4252 autem
847 4195 941 4267 imago
994 4198 1083 4253 Deum
1100 4211 1150 4267 pro
1175 4196 1298 4266 peccatis
1321 4195 1438 4267 nostris,
1459 4195 1604 4266 propitius
1623 4196 1707 4253 nobis
1726 4196 1774 4268 sit,
1795 4201 1823 4251 et

138 4277 235 4353 eogaen
268 4285 414 4341 dominam
443 4290 568 4341 nostram
595 4289 721 4340 sanctam
747 4283 865 4340 llariam
889 4283 940 4339 Dei
994 4283 1119 4342 dimittit
1133 4284 1238 4341 delicta
1253 4288 1360 4340 nostra.

121 4369 293 4443 'patrarem
322 4377 481 4444 portantem
518 4373 670 4430 Dominum
696 4378 825 4429 nostrum
846 4358 983 4442 lesumD
1031 4374 1209 4444 Nicephorus
1249 4373 1451 4428 sanctissimus
1483 4373 1635 4442 episeopus
1672 4373 1822 4444 Dyrrachii

139 4452 271 4518 diaetam.
294 4462 372 4518 Dicit
390 4462 521 4519 inclusus
537 4462 676 4519 daemoni:
691 4461 758 4518 Sine
775 4467 808 4517 ut
831 4475 940 4517 meeum
995 4463 1085 4519 dixit:
1096 4460 1824 4532 Pavoremultodetinemur,l)omine,quiaplurima

140 4545 243 4606 tactem
269 4553 300 4607 lu
325 4550 483 4608 crastinum
505 4556 599 4607 autem
622 4550 737 4607 nuntiat
766 4550 818 4607 hoc
843 4549 939 4606 abbati
996 4551 1069 4609 mala
1084 4555 1205 4622 egimus,
1217 4556 1245 4605 et
1257 4549 1486 4619 compendiosam
1503 4548 1700 4619 poenitentiam
1720 4554 1825 4606 eteon·

139 4628 261 4696 Theodoro
280 4639 402 4711 AEllotae,
419 4640 469 4711 qui
486 4644 553 4695 tune
574 4638 723 4695 habitabat
735 4638 765 4700 in
779 4637 860 4695 laura
874 4639 942 4694 Pha·
996 4640 1147 4697 lessionem
1163 4651 1320 4707 precamur.

141 4730 225 4781 torum.
237 4729 272 4784 lit
283 4728 370 4799 venit,
384 4728 432 4784 cui
447 4728 544 4784 omnia
559 4728 708 4784 indicavit.
721 4727 832 4783 atvero
856 4740 941 4784 senex
1032 4726 1449 4796 Leosanctissimusepiscopus
1459 4726 1666 4782 Phocisedixit:
1679 4726 1823 4797 Scriptum

141 4804 195 4868 licit
207 4816 403 4889 inclusozsm,
418 4816 500 4888 abba,
517 4815 623 4873 illusus
634 4830 674 4888 es,
687 4822 720 4873 ut
730 4817 852 4874 daemoni
865 4819 944 4886 y'ura-
966 4852 968 4856 -
995 4823 1049 4889 est,
1057 4815 1449 4889 quiajuranentummendax
1460 4813 1822 4888 nediligatislzuehmum:

142 4901 191 4957 lesi
210 4906 405 4963 Verumtamen
418 4904 489 4961 hene
509 4904 602 4962 iecisti
623 4906 676 4962 hoc
698 4905 804 4962 dicere.
822 4907 942 4977 Expedit
979 4912 1024 4964 -et
1039 4906 1125 4975 hujus
1149 4905 1190 4960 rei
1213 4903 1304 4974 gratia
1328 4905 1447 4959 mendax
1474 4905 1669 4974 juramentum
1694 4910 1824 4962 nostrum

139 4994 274 5050 tubulihi
289 4995 395 5065 potius
408 4998 506 5051 utnon
518 4993 650 5050 dimittas
663 4994 692 5050 in
705 4994 820 5051 civitate
831 4996 885 5051 ista
903 4996 944 5052 lu·
999 4992 1224 5066 parvipenditur,
1251 4997 1386 5062 mnquam
1413 4992 1522 5048 nullam
1552 4992 1752 5050 lentitudinem
1779 4993 1826 5048 ha-

139 5088 217 5152 ptnar,
232 5082 262 5138 in
282 5083 357 5154 quod
373 5097 430 5140 non
451 5083 585 5155 introeas,
601 5095 685 5153 quam
702 5087 734 5139 ut
754 5097 867 5140 recuses
879 5085 944 5140 ado
1000 5082 1078 5138 bens.

139 5177 185 5224 rare
206 5171 358 5228 Dominum
373 5173 500 5227 etheum
526 5175 656 5227 nostrum
676 5173 771 5228 lesum
797 5172 943 5229 Christum
1032 5174 1153 5228 loannes
1164 5172 1221 5226 lieo
1236 5168 1370 5224 amabilis
1386 5169 1532 5241 presbyter
1546 5176 1574 5226 et
1589 5171 1715 5227 vicarius
1728 5170 1827 5226 Orien·

136 5266 185 5312 eun
199 5260 313 5330 propria
326 5264 476 5316 matresua
490 5260 519 5315 in
545 5259 678 5332 imagine.
693 5260 865 5317 confirmato
876 5275 944 5333 ergo
998 5261 1102 5318 talium
1117 5258 1283 5329 pontitieum
1294 5258 1383 5313 dixit:
1395 5259 1424 5314 Si
1436 5249 1546 5329 jubetis
1558 5274 1644 5333 nune,
1662 5263 1826 5331 querantur

134 5352 203 5419 to,et
224 5346 384 5406 confortate
406 5349 506 5405 multis
530 5348 720 5421 sermonibus,
735 5349 809 5406 abiit
831 5351 862 5407 in
884 5365 946 5420 pro·
1001 5350 1051 5407 illa
1066 5363 1128 5420 qum
1142 5348 1177 5403 de
1189 5348 1440 5416 juramentosunt.

152 3102 279 3170 &medem
299 3104 391 3157 Petris
411 3103 498 3158 nostri
509 3102 654 3173 sophronii
667 3118 701 3157 em
722 3098 790 3156 libro
809 3102 899 3154 Proto.

157 5529 268 5589 ⁸dddit
282 5530 454 5588 huasusius
467 5536 518 5589 aut
529 5530 597 5603 quis
607 5529 685 5588 allus
695 5529 724 5586 io
740 5544 792 5587 ms.
805 5531 939 5603 lolyaao:
961 5537 1010 5591 list
1024 5534 1166 5603 aedificium
1188 5534 1306 5600 quotuor·
1319 5533 1408 5584 orrrtes
1427 5540 1500 5583 corr.
1520 5524 1655 5596 arbitror,
1676 5528 1786 5594 portos.
