3892 6090
125 321 179 386 7⁸3
429 324 564 385 luduin.
585 328 782 385 CORBElENS.
803 327 927 384 Abolla.
951 328 1081 385 VERSUS
1098 329 1144 384 AD
1164 327 1362 386 LUDOVlCUld
1379 327 1511 384 undum
1776 319 1825 381 78!

130 504 472 515 ....—...-.——--—-
486 505 736 512 ..-.-..-...--.-....-
751 505 1180 514 --——--.—-.—-—.-
1607 494 1825 510 -—..-——·-

130 562 662 572 —...-..—....—-—.—...-..-..-..--,-.
719 564 776 569 ,.-,.
840 562 854 567 ..
893 564 896 568 .
922 564 1079 570 -.,.-.,..
1116 565 1209 571 ,.-.,,,,,
1240 564 1338 568 -,.--.
1364 565 1368 568 .
1392 564 1395 568 ,
1425 562 1506 569 ..-..
1528 562 1531 566 .
1556 560 1825 569 .--·›.—....-—-.-..

782 691 872 734 ANNO
898 689 1016 735 DOMINI
1036 692 1169 736 beccam.

653 848 1303 999 ANGILBERTUS
1350 1023 1353 1027 ,

784 1091 1005 1151 CORBEIENSIS
1052 1094 1169 1152 ABBAS.

476 1340 675 1414 ΝΟΤΙΤΙΑ
719 1339 984 1408 HlSTQRlCd
1021 1339 1070 1410 ΙΝ
1119 1339 1478 1410 dNGlLBEllTUll.

634 1470 722 1534 (apua
741 1469 897 1530 casnetum,
914 1468 1038 1520 aaaron.
1057 1469 1128 1522 mec.
1147 1472 1173 1520 a
1188 1470 1237 1520 rur.
1254 1471 1321 1534 mr.)

160 1688 354 1775 ingilbertus,
368 1686 429 1745 sire
446 1687 640 1760 Engilbertus‚
662 1687 843 1772 corbeiensis
870 1685 958 1744 abbas
980 1683 1179 1770 circatannum
1200 1686 1308 1771 cbristi
1321 1685 1386 1771 ⁸33⁰:
1406 1688 1512 1745 Versus
1528 1687 1669 1770 quosdam
1688 1687 1715 1744 el
1754 1687 1825 1772 lacos

127 1766 266 1834 pramrsrt
281 1761 412 1831 atrosque
427 1760 605 1816 hexametros
616 1759 768 1828 subqumut
783 1758 860 1815 lrbro
871 1759 898 1814 S.
914 1757 1073 1828 Augustum
1084 1757 1119 1813 de
1134 1760 1269 1815 Doctrina
1279 1759 1455 1830 Cbrrstrana‚
1469 1773 1552 1830 quem
1566 1758 1677 1815 obtulrt
1687 1760 1729 1815 Lu
1751 1771 1825 1815 orreo

126 1830 587 1974 {legallffigqrrlr'mgdffiglomanni
608 1829 701 1886 fratri.
718 1830 861 1902 Utrosque
887 1828 980 1886 edidit
1004 1827 1192 1886 blabillouius
1206 1834 1275 1886 tom.
1291 1829 1313 1885 fl
1324 1828 1497 1904 dnaleetor.,
1514 1843 1577 1902 pag.
1598 1826 1825 1901 consequeus

666 2200 1266 2321 amatunam

785 2375 927 2434 nonnus
949 2375 1171 2432 COllBElENSlS

896 2512 1080 2585 VERSUS

279 2641 336 2708 ΑΙ)
363 2644 614 2708 LUDOVIOUM
650 2643 799 2708 nudum
823 2642 1083 2707 FRANOORUM
1111 2642 1411 2706 GAROLOMANNI
1438 2640 1658 2704 FRATREM·

498 2752 544 2815 In
563 2749 690 2814 tibrum
716 2749 756 2814 S.
775 2747 968 2832 Anpcctini
983 2751 1023 2813 de
1049 2749 1215 2813 Doctrina
1246 2747 1450 2813 Christiano

717 2854 835 2920 Eidem
860 2856 933 2936 regi
964 2854 1049 2918 dono
1069 2855 1224 2919 missum.

599 2961 688 3026 (Apud
704 2961 896 3024 Mabillouium‚
911 2961 1036 3012 Analecta
1051 2964 1148 3024 vetere
1176 2975 1239 3025 pag.
1269 2961 1342 3024 tii.)

881 3088 1050 3101 ψ

118 3195 182 3257 liae
193 3198 348 3273 Augustini
363 3196 474 3255 Aurelii
490 3197 538 3269 pia
549 3197 682 3270 dogmata
695 3194 819 3269 fulgent,
954 3193 985 3254 Α
999 3194 1086 3264 Quem
1101 3195 1182 3253 daret
1197 3195 1247 3252 ille
1259 3195 1307 3266 pio
1323 3193 1432 3252 coetesti
1446 3194 1564 3252 numine
1576 3193 1651 3252 fulto

153 3288 265 3358 Quaede
278 3286 654 3344 doctrinaodidltatmidca.
1034 3284 1172 3342 lllodoloo
1184 3284 1254 3358 regi,
1271 3286 1321 3357 qui
1337 3291 1381 3343 est
1395 3285 1462 3356 pius
1474 3290 1561 3357 atque
1572 3282 1702 3348 humilis,

117 3376 181 3432 llaec
195 3374 249 3431 tibi
263 3375 353 3432 multc
367 3375 478 3447 docent,
492 3374 590 3446 lector,
608 3374 682 3447 quod
699 3374 806 3446 quaeris
827 3374 946 3430 honeste
999 3373 1054 3443 Qui
1069 3380 1173 3430 sanctae
1190 3375 1298 3446 sophiae
1321 3379 1411 3432 certat
1426 3373 1525 3431 rimari
1548 3378 1666 3444 secreta,

151 3464 181 3520 Sl
197 3463 336 3536 replicare
348 3464 431 3535 cupis
449 3464 556 3534 scripta
581 3469 691 3520 sacrata
704 3462 783 3520 llbri.
1034 3462 1148 3519 Nobilis
1163 3463 1288 3536 ingenio,
1301 3470 1383 3522 nocte
1405 3464 1508 3535 dieque
1530 3461 1630 3518 simul.

117 3552 295 3624 Euiusculm
310 3552 626 3624 eorpuspartumquod
642 3551 770 3608 cernitur
782 3564 854 3621 esse,
999 3551 1112 3623 Quique
1132 3551 1218 3608 etiam
1241 3552 1352 3609 domini
1374 3566 1406 3609 ac
1425 3550 1526 3608 fratris
1541 3551 1694 3622 praeclarus
1714 3546 1825 3604 amam

152 3642 286 3698 Continet
300 3641 424 3698 insertos
435 3645 572 3713 quattuor
586 3653 650 3696 ecce
665 3640 765 3697 libros.
1035 3641 1145 3713 Ingenti
1160 3642 1241 3699 dictu
1261 3646 1406 3714 permanet
1429 3655 1478 3699 ore
1502 3641 1559 3712 pio.

118 3731 232 3789 Primus
242 3730 319 3787 enlm
335 3734 433 3787 narrat
457 3728 566 3786 Christi
581 3735 720 3800 praecepta
732 3735 836 3801 tenere,
999 3728 1087 3798 Quem
1102 3731 1178 3786 Deus
1191 3731 1372 3801 omnipotens
1396 3730 1501 3787 multos
1512 3727 1637 3786 feliciter
1650 3740 1735 3785 annos

152 3820 221 3890 Quae
235 3833 347 3877 serrare
360 3821 435 3876 Deus
447 3819 538 3889 jussit
551 3817 581 3873 in
596 3815 663 3874 orbe
679 3817 765 3888 pius:
999 3815 1155 3890 Gloridcct,
1170 3823 1272 3893 seruet,
1284 3819 1399 3893 diligat,
1415 3823 1507 3890 ornet,
1522 3822 1598 3875 amet

116 3907 212 3966 liebus
226 3908 269 3966 uti
283 3906 359 3964 saecli
376 3907 530 3964 insinuans
542 3905 732 3977 presentibus
746 3911 821 3979 apte,
1336 3945 1373 3999 Et
1384 3946 1415 3999 m
1426 3947 1479 4015 fine

152 3997 333 4068 AEternlsque
346 3995 403 4053 frui
417 3995 473 4052 rite
486 3994 569 4051 docet
581 3994 714 4052 nimium.
1481 3984 1488 3999 ⁸

117 4086 222 4144 lidocet
245 4090 273 4142 et
286 4085 380 4158 siquis
397 4084 499 4155 variis,
513 4084 654 4156 rebusque
666 4085 819 4156 secundus,
999 4086 1063 4142 llaec
1078 4086 1201 4156 perlecta
1216 4087 1258 4157 pii
1275 4087 1349 4143 lecto
1360 4085 1491 4143 doctrina
1508 4087 1634 4158 patroni,

154 4175 284 4245 Qualiter
295 4177 346 4230 aut
357 4174 500 4245 quomodo
515 4187 631 4230 noscere
643 4173 725 4246 signa
741 4177 855 4244 queant.
1000 4173 1032 4230 ln
1045 4174 1149 4246 primis
1162 4176 1283 4232 Domino
1295 4179 1382 4233 mtam
1396 4175 1447 4247 qui
1463 4175 1594 4232 condidit
1614 4175 1718 4242 orbem,

119 4261 234 4318 Tertius
248 4275 282 4318 ex
297 4260 407 4317 bisdem
424 4260 519 4333 signis
533 4260 684 4332 verbisque
697 4260 822 4316 nitescit.
999 4263 1102 4320 Derote
1114 4264 1328 4335 laudesjugiter
1347 4262 1486 4334 perfunde
1501 4263 1650 4337 benignas.

154 4350 228 4420 Quid
240 4350 310 4419 sint,
327 4347 396 4421 quid
412 4348 534 4418 valeam,
549 4361 644 4420 quaeve
658 4348 774 4404 vitanda
784 4348 872 4405 canit.
998 4351 1053 4420 Qui
1067 4365 1144 4408 marc
1163 4350 1303 4422 fundavit,
1320 4351 1435 4421 coetum,
1454 4356 1617 4424 terramque
1637 4349 1746 4420 crearit,

119 4440 198 4496 Tunc
211 4439 318 4510 promit
330 4444 451 4511 quartus
465 4437 606 4494 librorum
620 4436 699 4491 dicta
715 4436 853 4509 priorum,
998 4436 1101 4495 Omnia
1124 4439 1175 4510 qui
1198 4453 1326 4511 numero,
1353 4453 1486 4497 mensura
1508 4454 1543 4497 ac
1568 4441 1693 4511 pondere
1707 4425 1797 4496 claudi

153 4526 228 4597 Quid
246 4541 300 4598 res,
316 4526 385 4599 qnid
410 4526 503 4598 signa,
517 4523 587 4596 quid
602 4523 649 4595 pia
661 4524 745 4581 rerba
759 4525 871 4583 docent.
954 4551 982 4613 Β
999 4527 1051 4583 Per
1063 4540 1147 4598 quem
1166 4533 1269 4584 cuncta
1290 4533 1414 4601 manent,
1430 4528 1472 4586 vel
1486 4541 1634 4601 perquem
1649 4524 1798 4586 concon?

119 4614 250 4684 Qualiter
261 4618 289 4669 et
305 4612 416 4684 possint
429 4615 532 4669 cuncta
545 4610 689 4669 intellecta
704 4611 819 4687 referre,
1697 4604 1796 4692 [ommi

155 4702 257 4772 llagno
271 4712 402 4756 sermone
415 4699 526 4755 intonat
539 4698 600 4770 ipse
612 4698 695 4773 liber,
999 4705 1067 4774 Quae
1090 4709 1167 4777 sunt,
1193 4721 1255 4778 quae
1278 4704 1403 4780 fuerant,
1424 4705 1543 4778 fuerint,
1565 4707 1608 4765 rel
1634 4714 1747 4780 queque
1761 4689 1796 4749 ¹¹·

118 4787 276 4859 submisse,
293 4786 401 4858 pariter
413 4786 564 4858 moderate,
581 4790 729 4862 granditer
741 4795 837 4863 atque.
1735 4787 1788 4867 [tif²

155 4879 264 4949 Lector,
280 4876 402 4949 perlecta
416 4876 473 4948 dic,
490 4877 632 4949 Miserere,
646 4879 730 4936 Deus.
999 4884 1063 4953 Ipso
1078 4883 1183 4941 iterum
1198 4898 1315 4957 magnas
1328 4884 1449 4942 Domino
1464 4882 1632 4955 perfundito
1644 4889 1735 4960 qrates

118 4968 200 5026 llunc
214 4966 301 5025 abbas
313 4966 443 5023 humidis
452 4967 542 5037 lussit
553 4966 693 5025 fabricare
708 4967 838 5025 libellum
999 4973 1053 5027 Pro
1069 4972 1165 5029 taliae
1186 4977 1275 5044 tanto,
1291 4978 1369 5031 casto
1380 4974 1521 5045 doctoque
1536 4974 1685 5048 magistro,

155 5055 340 5129 ingilbertus
355 5055 431 5112 enim
447 5055 516 5111 tilis
530 5059 558 5112 et
569 5056 712 5129 exiguus:
999 5059 1107 5116 Ordine
1121 5061 1174 5116 snb
1185 5061 1289 5134 dignos
1304 5061 1422 5134 scripsit
1436 5061 1486 5134 qui
1500 5062 1571 5119 talla
1586 5062 1685 5121 nobis.

155 5182 281 5238 ·llorum
304 5192 437 5235 semaam
460 5179 570 5249 priores
588 5180 713 5236 existant
736 5179 831 5244 tuitio.
849 5185 947 5249 poste-
1000 5183 1253 5256 nonaliudmagis
1288 5189 1380 5241 ratum
1397 5198 1603 5256 munusquam
1620 5173 1796 5242 lowest*

121 5252 261 5336 riores-ln
283 5250 338 5335 dne
359 5248 499 5333 librorum
521 5251 549 5306 S.
563 5250 730 5335 'Augustini
752 5250 787 5306 de
812 5251 945 5334 Itoctrina
1000 5254 1110 5325 qustini
1135 5254 1234 5324 libros,
1260 5201 1447 5327 {agilbertus
1472 5254 1533 5313 fore
1567 5234 1796 5313 existimavisti*

118 5324 283 5380 Cbrrstraua
306 5334 337 5376 rn
356 5320 453 5377 codrce
471 5321 645 5385 Corberensr,
666 5335 749 5391 quem
763 5321 947 5393 dngrloertus
1000 5324 1150 5381 observare
1170 5326 1302 5382 convenit
1323 5326 1473 5383 lectionem
1488 5340 1598 5382 sacmm
1618 5327 1720 5398 priscis
1732 5322 1797 5380 pren·

117 5408 169 5452 seu
187 5392 380 5520 Εηῗῖἰὶὴετῑιιε,
396 5391 588 5462 ejusdemloci
602 5390 700 5463 abbas,
717 5391 880 5465 ingratiam
896 5395 947 5450 lu·
1001 5409 1099 5452 corum
1122 5410 1152 5451 re
1173 5397 1238 5453 ibus
1261 5396 1417 5467 aliquando
1438 5395 1611 5453 familiarem
1631 5397 1728 5456 fuisse
1749 5386 1797 5448 ΒΜ

118 5465 212 5524 dovicl
256 5476 408 5520 raucorum
425 5463 500 5534 regis
518 5463 642 5519 describi
662 5464 863 5520 curaritanno
881 5462 944 5530 880,
1000 5466 1141 5523 ddalbero
1195 5469 1353 5524 adurensis
1372 5468 1523 5538 episcopus
1543 5468 1711 5527 Rotbertum
1730 5460 1796 5534 rettn

117 5543 168 5594 aut
190 5536 368 5608 insequente.
385 5534 413 5590 ld
434 5534 493 5590 sire
517 5534 680 5603 praestiterit
697 5534 948 5661 Anfilbertusro-
1002 5537 1133 5595 bortatur
1145 5539 1179 5595 ad
1196 5538 1329 5611 legendos
1339 5538 1504 5612 Augustini,
1515 5538 1649 5612 Dionysii
1661 5535 1799 5598 dicunt

756 5609 844 5662 tsane
858 5606 948 5664 ludo
1000 5608 1405 5682 emmerammianos
1420 5609 1521 5667 libros.

119 5613 188 5680 gata
203 5606 356 5678 principis,
370 5605 472 5662 slveeo
487 5603 649 5661 inconsulto
670 5618 741 5679 argo

646 5645 760 5734 flectam
784 5674 945 5742 falsse,eut

119 5676 217 5734 vicum
237 5678 268 5734 lu
282 5689 380 5734 sacras
397 5674 510 5731 litteras
535 5679 610 5732 recte
628 5687 645 5730 a
