3876 6090
141 297 196 358 687
752 273 930 335 ΑΝΑὸΤΑδΙΙ
949 266 1218 324 ΒΙΒΗΟΤΗΕΟΑΒΠ
1791 262 1846 322 688

141 427 220 495 bant,
235 419 325 478 eliecti
355 429 462 473 sumus.
490 412 595 467 Eorum
610 421 676 464 vero
698 406 748 477 qni
775 405 876 459 obtutu
893 415 963 470 pro-
974 401 1003 459 A
1019 412 1073 467 que
1089 411 1142 452 non
1160 398 1362 464 mediocribus,
1375 395 1533 451 secundum
1549 394 1624 465 quod
1643 392 1728 449 nobis
1744 392 1846 463 possi-

141 515 204 585 prio
213 510 344 566 viderant
358 506 419 574 bas,
443 515 519 559 unus
539 499 624 556 etiam
640 498 701 566 ipse
715 508 809 549 comes
834 491 960 561 ejusdem
1017 484 1074 541 bile
1100 485 1166 555 fuit,
1195 501 1244 556 per
1258 487 1325 542 deos
1348 490 1478 554 acceptas
1497 498 1595 540 ecvrrrm
1621 497 1729 553 preces,
1759 482 1845 538 uobis

138 601 307 658 Cbemareos
317 593 415 661 castri,
428 589 542 647 nomine
552 586 730 651 Mistrianus,
746 581 856 649 existit,
871 579 920 649 qui
934 581 962 632 et
1016 585 1184 643 cooperante
1201 575 1264 644 ipso
1284 575 1333 644 qui
1350 574 1459 642 eripuit
1479 587 1531 629 nos
1549 573 1656 642 saepius
1677 571 1713 626 de
1730 571 1844 640 iniquis

139 686 263 760 vigilans
273 697 337 740 cum
355 679 500 737 militibus
512 676 628 732 hasnon
644 671 730 728 semel
744 683 794 725 nec
807 669 862 739 bis,
874 666 922 722 sed
933 670 961 721 et
1016 663 1149 719 manibus
1167 663 1332 733 impiorum,
1349 663 1493 733 marisque
1506 662 1644 732 perieulis
1663 675 1696 717 ac
1717 660 1845 716 diversis

138 773 286 833 multoties
298 769 506 838 contemplatus
519 769 572 829 est,
597 766 625 818 et
652 761 763 831 primus
785 762 913 828 patenter
926 755 961 810 de
1016 752 1242 822 tempestatibus,
1258 753 1421 808 ministrare
1433 753 1468 807 de
1483 751 1656 821 paupercula
1669 764 1733 820 quae
1749 750 1844 804 inerat

138 864 186 922 bis
198 854 332 920 omnibus
347 855 522 929 predicavit,
539 851 704 908 nobisilluc
720 860 835 919 pergere
850 859 905 901 uon
916 858 961 901 va·
1016 841 1100 896 nobis
1118 855 1151 896 ex
1171 847 1317 911 parentum
1342 840 1540 927 benedictione
1559 840 1636 895 sicut
1660 838 1690 893 in
1705 837 1842 905 Domino,

136 950 264 1009 lentibus
280 952 395 1019 propter
405 944 511 1000 montis
523 941 604 996 illius
618 951 777 1007 ascensum,
788 935 814 990 id
825 938 868 991 est
877 932 961 988 verti·
1016 934 1155 985 utentem
1182 930 1278 985 verius
1295 929 1436 992 dicamus,
1459 928 1510 983 Dei
1536 941 1663 997 munere,
1678 932 1708 982 et
1723 939 1781 982 non
1808 938 1842 981 ex

136 1040 180 1098 cis
193 1037 407 1102 caucasiorum,
427 1045 483 1103 quo
495 1028 635 1086 excelsior
650 1039 730 1081 mons
753 1027 958 1093 superterram

136 1141 193 1185 non
208 1130 260 1194 est,
285 1122 490 1189 difficultatem,
503 1122 531 1173 et
545 1122 657 1185 tempus
670 1113 785 1183 hiemis,
802 1112 920 1181 insuper
931 1114 960 1165 et

136 1212 332 1272 confusionem
347 1209 475 1281 gentium
488 1219 550 1278 qua
563 1204 595 1259 tlt
615 1204 644 1259 in
657 1202 787 1272 partibus
801 1200 870 1256 iilis.
883 1197 959 1253 Pari·

136 1307 179 1357 ter
192 1305 220 1356 et
229 1297 398 1355 Anastasius
410 1294 573 1365 discipulus
587 1293 650 1362 ejus
665 1291 700 1346 ab
716 1289 865 1346 undecima
876 1286 959 1343 indi-

134 1389 228 1445 ctione
236 1386 374 1458 praeteriti
389 1384 462 1456 cycli
476 1397 525 1455 per
539 1382 595 1437 tria
603 1380 717 1439 exsilia.
727 1379 824 1448 Bizyes
834 1376 955 1444 scilicet,

133 1482 162 1533 et
176 1477 305 1533 Perberei
320 1473 525 1530 Thracensium
539 1469 675 1543 regionis,
692 1473 777 1538 atque
788 1465 955 1537 pradictum

134 1564 275 1634 lazicum,
292 1563 321 1618 ln
337 1561 437 1618 multis
446 1556 671 1617 contritionibus
685 1560 714 1611 et
724 1553 957 1610 intolerabilibus

132 1650 363 1719 necessitatibus,
376 1655 462 1720 atque
482 1644 679 1718 huiuscemodi
702 1642 848 1697 athleticis
860 1644 957 1697 certa-

1014 1018 1128 1087 alienis,
1141 1019 1189 1075 sed
1202 1023 1231 1074 et
1243 1019 1364 1089 reliquis
1380 1017 1421 1073 nii
1437 1019 1534 1074 minus
1552 1030 1650 1072 eorum
1666 1021 1844 1072 concertato

1014 1107 1097 1163 ribus
1108 1112 1136 1163 et
1147 1107 1405 1177 commartyribus:
1427 1112 1455 1161 et
1466 1114 1498 1163 ut
1513 1107 1645 1162 iteremus
1663 1105 1842 1174 inspectores

1014 1196 1180 1268 stigmatum
1197 1197 1361 1265 ipsorumet
1371 1196 1536 1266 passionum
1554 1208 1616 1264 quae
1631 1199 1750 1264 propter
1762 1193 1843 1248 Cirri-

1013 1291 1089 1341 stum
1111 1298 1208 1340 verum
1222 1286 1310 1340 Deum
1331 1290 1459 1340 nostrum
1478 1283 1667 1353 pertulerunt.
1683 1283 1762 1352 Quin
1783 1282 1841 1338 imo

1012 1372 1195 1429 etauditores
1206 1387 1254 1443 per
1267 1386 1319 1428 nos
1331 1371 1434 1441 ellecti,
1445 1372 1588 1427 divinitus
1597 1384 1712 1442 quoquc
1730 1371 1842 1440 sapien·

1012 1461 1051 1516 tis
1065 1467 1150 1532 atque
1173 1461 1311 1517 salvantis
1331 1465 1460 1530 expertes
1474 1473 1571 1516 eorum
1595 1459 1841 1515 constitueremur

1011 1550 1160 1619 doctrina,
1189 1554 1217 1604 et
1235 1551 1292 1605 Deo
1308 1548 1554 1619 persuadibilibus
1567 1555 1595 1603 et
1620 1548 1692 1603 bene
1713 1547 1840 1616 acceptis

1013 1638 1140 1708 ipsorum
1151 1636 1501 1694 orationibusirueremur
1518 1635 1840 1706 etquaedamvestimeu-

132 1737 353 1794 minibusannis
366 1737 461 1792 decem
475 1734 607 1805 peractis,
619 1732 653 1787 ad
665 1743 783 1801 regnum
798 1729 955 1799 migravere
970 1716 997 1776 Β
1011 1732 1105 1783 torum
1117 1740 1179 1798 quae
1194 1727 1222 1781 in
1239 1727 1370 1796 passione
1387 1726 1443 1782 sibi
1455 1726 1545 1782 scissa
1556 1729 1624 1782 sunt
1635 1724 1765 1794 propriis
1775 1737 1839 1780 ma-

131 1839 296 1895 snpernum.
317 1825 438 1881 Sanctus
450 1823 565 1893 quidem
587 1821 739 1889 Maximus,
756 1817 953 1875 sicutdictum
1011 1813 1635 1885 nlbnsabeisaceeptadeterremus,nnaeum
1647 1812 1838 1868 sanctificatis

131 1919 185 1983 est,
205 1926 301 1969 mense
324 1912 463 1983 Augusto,
484 1910 531 1966 die
554 1908 773 1976 tertiadecima,
795 1904 954 1961 indictione
1010 1902 1840 1975 pannispretiosoquesanguinerubricatis3quicircum·

131 1999 242 2071 quinta,
253 2013 318 2056 cnm
332 1999 512 2069 praedixisset
521 2012 556 2053 eu
572 1997 671 2053 divina
691 1995 862 2052 revelatione
872 2004 952 2048 suam
1009 1993 1094 2062 positi
1102 1992 1506 2060 tueramsanettseorumqnae
1516 1989 1841 2046 abscissaefuerantma·

130 2087 160 2143 in
172 2088 294 2144 Domino
308 2092 372 2142 ante
386 2087 449 2143 dies
464 2086 629 2157 quindecim
652 2084 855 2141 dormitionem
868 2080 954 2136 iutu-
1008 2081 1104 2150 nibus,
1123 2095 1209 2137 causa
1220 2081 1387 2152 sanguinem
1403 2080 1615 2136 medicinaliter
1626 2080 1833 2152 restringendi.

129 2187 201 2246 ram,
218 2174 304 2232 sicuti
313 2175 372 2245 jam
385 2174 566 2245 praemissum
577 2178 637 2242 est,
653 2176 783 2229 sanctum
793 2183 859 2226 vero
868 2181 952 2225 suum
1008 2169 1148 2240 Utrosqne
1158 2174 1253 2225 antem
1264 2169 1413 2239 complecti
1425 2182 1458 2223 ae
1470 2168 1630 2234 memorari,
1639 2169 1837 2224 nonsinecon-

129 2277 181 2333 pro
192 2264 311 2319 veritate
327 2263 356 2317 in
372 2262 487 2318 Christo
501 2264 557 2318 beo
577 2266 675 2317 nostro
696 2258 865 2330 martyrium
887 2261 953 2313 ante
1007 2258 1192 2330 sideratione,
1204 2262 1318 2327 utreor,
1331 2257 1543 2327 perpendimus,
1554 2257 1733 2328 proeoquod
1744 2271 1832 2314 unum

129 2363 184 2407 non
198 2364 303 2421 paucos
318 2363 417 2406 anuos.
433 2348 601 2419 disciputus
617 2362 684 2404 vero
706 2348 769 2417 eius
780 2345 951 2401 Anastasius
1006 2351 1034 2402 et
1047 2347 1119 2402 idem
1137 2347 1231 2416 ipsum
1248 2346 1277 2401 in
1292 2346 1447 2401 certamine
1460 2352 1564 2401 saneta
1580 2359 1676 2402 revera
1689 2350 1719 2400 et
1731 2347 1833 2402 ortho-

128 2451 224 2495 mense
236 2438 323 2509 tutio,
338 2438 386 2494 die
405 2436 542 2510 vigesima
558 2443 670 2507 quarta,
694 2433 864 2490 indictionis
877 2433 951 2502 ejus
1005 2433 1831 2506 doxaeddei,etinvinculopacisetcbaritatisdignoscan-

127 2525 201 2581 dem.
1006 2522 1166 2578 tureliecti.

161 2612 255 2683 igitur
268 2612 356 2669 missa
368 2612 453 2668 nobis
466 2617 510 2669 est
524 2611 690 2682 hujusmodi
711 2609 906 2666 sacratissima
921 2611 950 2664 et
1040 2612 1192 2667 Decaetero
1209 2611 1322 2667 inunita
1344 2610 1500 2667 multitudo
1521 2624 1619 2668 eorum
1644 2612 1696 2682 qui
1713 2612 1742 2667 in
1757 2626 1831 2682 prae-

127 2701 278 2772 praeposita
303 2701 425 2771 proprie
451 2713 553 2756 manus
580 2701 638 2755 imo
667 2699 810 2755 divinitus
834 2702 949 2754 exarata
1003 2698 1081 2755 dicta
1097 2713 1152 2755 non
1166 2699 1281 2755 terenda
1296 2704 1324 2756 et
1336 2700 1512 2756 intolerabili
1529 2701 1830 2770 persecutionediver-

125 2788 257 2859 epistola,
274 2802 330 2845 una
342 2803 408 2845 cum
421 2789 580 2858 suppositis
596 2787 652 2844 sibi
663 2787 809 2858 deiloquis
824 2786 949 2842 testimo
1003 2788 1045 2844 sis
1057 2787 1224 2844 verberibus
1249 2793 1277 2843 et
1301 2787 1541 2845 tribulationibus
1557 2790 1650 2859 palam
1671 2795 1699 2845 et
1719 2790 1831 2846 occulte

125 2875 185 2931 niis
194 2880 223 2931 et
234 2875 420 2948 syllogismis,
432 2875 467 2931 ab
481 2875 578 2931 eodem
592 2876 721 2944 ipsorum
734 2874 847 2944 exsilio,
864 2874 892 2929 id
904 2877 948 2928 est
1004 2876 1172 2947 martyrium
1188 2875 1361 2939 inferebant,
1375 2881 1471 2933 astuto
1494 2891 1527 2932 ac
1539 2882 1655 2934 versuto
1669 2876 1827 2947 molimine,

123 2962 234 3034 lazico,
248 2975 332 3033 quam
345 2967 373 3018 et
394 2962 532 3021 babemus
543 2967 572 3018 ct
583 2975 796 3031 conservamus,
817 2974 882 3017 cum
895 2974 948 3016 eo-
1003 2964 1055 3020 bas
1070 2964 1152 3020 illius
1166 2965 1251 3020 aliter
1263 2969 1349 3035 atque
1359 2964 1455 3037 aliter,
1466 2966 1549 3036 quasi
1561 2980 1616 3022 non
1634 2979 1685 3035 pro
1702 2965 1768 3035 tide,
1781 2965 1828 3021 sed

122 3050 254 3121 demque
266 3050 409 3106 scribebat
424 3051 530 3108 tradito
544 3051 600 3107 sibi
614 3050 757 3106 divinitus
766 3053 943 3120 argumento,
960 3036 985 3099 G
1003 3052 1056 3108 sub
1069 3057 1205 3122 praetextu
1218 3052 1341 3109 aliarum
1358 3053 1524 3126 ingerebant
1540 3055 1723 3110 occasionum
1743 3058 1829 3125 atque

123 3139 152 3195 id
165 3144 208 3196 est
220 3139 365 3209 praedictis
379 3140 492 3196 duobus
504 3139 647 3196 exsilibus
662 3138 822 3208 fusticulis,
837 3142 865 3193 et
877 3137 946 3192 aliis

121 3225 372 3285 benedictionibus
391 3241 423 3284 ac
450 3228 619 3285 muneribus
641 3229 704 3297 ejus
725 3227 890 3297 sanctisque
912 3239 945 3280 ac

120 3314 344 3386 venerabilibus,
361 3330 469 3373 necnon
482 3320 511 3372 et
526 3316 662 3373 omnibus
674 3321 738 3385 post
748 3317 836 3370 Deum
849 3314 942 3383 bonis,

120 3400 259 3459 librorum
281 3403 414 3460 videlieet
427 3405 490 3474 ejus
516 3405 623 3461 studiis
638 3409 666 3459 et
692 3402 815 3473 propriae
843 3417 944 3458 manus

119 3491 388 3563 compositionibus,
403 3498 537 3564 tanquam
561 3506 656 3548 revera
671 3491 862 3548 sacrosanctis
878 3491 944 3547 lau-

118 3577 206 3635 dibus
215 3585 244 3635 et
257 3580 402 3650 reliquiis.
418 3581 563 3635 Datavero
572 3587 615 3636 est
625 3579 708 3635 nobis
722 3592 786 3634 vere
801 3579 941 3634 minimis.

117 3665 275 3734 Theodoro,
282 3666 425 3738 germanis
433 3671 461 3721 et
473 3667 536 3721 sine
550 3666 615 3722 dolo
629 3664 768 3722 iratribus
782 3665 943 3722 humilibus

117 3757 146 3808 et
156 3752 517 3823 peccatoribusmonacbis,
531 3767 581 3823 per
590 3754 759 3824 Gregorium
773 3755 941 3811 monachum

39 3845 43 3851 ’
116 3839 282 3894 etabbatem
293 3840 459 3896 monasterii
470 3842 562 3896 saneti
572 3841 834 3910 toanntsuapttstae
844 3843 943 3915 regio-

117 3924 165 3981 nis
178 3925 363 3997 Albanorum,
385 3927 459 3997 quod
484 3928 645 3998 appellatur
657 3930 808 4002 bavararu,
834 3931 942 3987 mensis

115 4010 239 4084 Augusti
247 4012 446 4086 diericesima,
458 4015 628 4075 indictionis
636 4018 793 4075 undecimae
801 4034 864 4090 quae
873 4034 942 4089 prae·

115 4099 258 4157 terlitnos
268 4102 319 4172 qui
330 4104 565 4162 revertebamura
578 4107 693 4179 regione
705 4122 778 4178 saepe
794 4109 871 4164 dicta
884 4111 941 4164 La-

115 4199 223 4243 zorum.
237 4190 308 4245 llluc
322 4192 397 4246 enim
415 4191 533 4261 protecti
548 4193 704 4265 ineramus,
722 4196 789 4252 licet
803 4196 884 4252 valde
897 4197 938 4251 in·

114 4272 190 4331 tirmi
206 4280 234 4333 et
246 4292 384 4349 pauperes
391 4286 419 4336 et
435 4281 548 4354 indigni
558 4296 694 4350 essemus,
707 4284 863 4340 secundnm
874 4298 940 4340 eon·

1002 3138 1181 3210 damnorum,
1197 3142 1267 3196 adeo
1281 3146 1315 3197 ut
1330 3142 1389 3197 baec
1405 3141 1636 3212 simplicioribus
1651 3140 1827 3213 quibusque,

1002 3227 1052 3297 qui
1069 3226 1153 3283 iacile
1171 3228 1368 3299 decipiuntur,
1386 3230 1597 3301 ignorantibus,
1615 3229 1670 3286 soli
1695 3231 1753 3286 beo
1777 3229 1828 3300 qui

1001 3315 1179 3372 occultorum
1194 3317 1368 3389 etcognitor,
1381 3322 1409 3373 et
1424 3317 1527 3389 bisqui
1543 3318 1735 3375 studiosiores
1746 3321 1830 3375 eraut

1001 3403 1273 3474 bosetquamobrem
1286 3406 1361 3475 passi
1374 3406 1538 3476 sintprocul
1549 3406 1638 3462 dubio
1651 3407 1827 3463 deserentes.

999 3491 1052 3546 Pro
1061 3491 1168 3561 quibus
1177 3493 1312 3549 omnibus
1324 3495 1474 3551 universos
1481 3495 1530 3564 qui
1543 3495 1830 3566 inveritatequaere-

998 3584 1139 3635 verasunt
1148 3580 1278 3636 veritatis
1287 3582 1440 3654 relegistis,
1449 3596 1482 3638 ac
1493 3583 1517 3638 si
1530 3588 1718 3652 prasenteset
1728 3585 1829 3654 proei-

997 3667 1097 3722 deutes
1114 3672 1170 3723 tam
1191 3668 1287 3726 cordis
1307 3685 1380 3742 genu
1399 3685 1465 3727 cum
1484 3672 1684 3742 corporalibus
1702 3673 1828 3745 genibus

998 3768 1083 3823 quam
1099 3756 1197 3811 cordis
1212 3771 1299 3814 sensu
1320 3773 1386 3815 cum
1403 3760 1537 3832 lacrymis
1551 3761 1695 3834 inclinati,
1718 3769 1747 3818 et
1761 3771 1827 3819 ante

997 3843 1118 3915 vestigia
1131 3845 1259 3902 omnium
1279 3852 1402 3903 vestrum
1425 3849 1579 3920 provoluti,
1595 3851 1785 3920 deprecamur
1799 3857 1828 3907 et

996 3935 1822 4007 exoramusqnoprimumquidemveniaminomnibustri·

996 4017 1293 4092 buatisexiguitatiac
1306 4024 1569 4096 indisciplinationi
1588 4031 1703 4084 nostrae.
1722 4030 1773 4099 qui
1786 4029 1821 4084 ad

995 4107 1198 4165 certitudinem
1218 4116 1247 4166 et
1258 4111 1481 4170 satisfactionem
1495 4121 1630 4186 tanquam
1644 4130 1709 4172 vere
1724 4117 1822 4173 tideies

995 4192 1118 4251 fideliter
1146 4198 1215 4254 talia
1246 4214 1363 4270 prorsus
1391 4203 1565 4273 recipimus:
1593 4210 1622 4260 et
1647 4218 1682 4261 ne
1712 4206 1822 4262 oblivio

994 4283 1067 4338 velet
1080 4288 1173 4340 tantos
1195 4291 1224 4342 et
1243 4288 1314 4344 tales
1326 4302 1422 4346 sacros
1434 4304 1548 4363 agones,
1566 4306 1598 4348 eo
1615 4294 1690 4363 quod
1711 4295 1821 4351 valdea

114 4365 979 4443 suetudinemadvisitationemeorum,uonsolnmpropterD
995 4371 1095 4440 paucis
1108 4377 1137 4428 et
1160 4375 1234 4431 raris
1257 4377 1315 4432 baec
1332 4391 1397 4433 cum
1421 4379 1576 4450 diligentia
1596 4389 1818 4452 cognoscantur.

112 4455 850 4533 iamdictumcreditumnobispondnseonscriptum,
860 4462 938 4520 idest

114 4546 331 4616 preceptionem
342 4545 570 4615 saepememorati
583 4546 673 4601 sancti
683 4560 715 4603 ac
722 4549 816 4604 sumni
827 4557 938 4621 aposto

114 4628 164 4686 liet
184 4645 263 4703 papae
278 4632 396 4688 Romani
410 4632 537 4703 Martini,
555 4633 745 4702 personaliter
758 4650 823 4694 eum
840 4639 870 4695 in
886 4653 937 4696 ea-

113 4717 176 4773 dem
192 4718 285 4790 magni
302 4718 429 4775 nominis
444 4719 514 4775 urbe
528 4720 757 4793 advenientibus,
772 4731 799 4782 et
818 4727 935 4784 certitu-

113 4804 209 4861 dinem
230 4806 352 4876 propriae
368 4819 470 4864 manus
490 4809 525 4865 de
547 4809 593 4865 bis
613 4826 675 4880 qua
696 4812 779 4870 abeo
801 4816 935 4886 synodice

112 4890 277 4948 conurmata
290 4899 367 4963 sunt,
381 4907 416 4950 ex
437 4895 500 4965 ipso
512 4899 692 4955 sumentibus
707 4906 735 4956 et
748 4903 934 4961 audientibus

113 4991 184 5050 papa
191 4984 220 5035 et
228 4980 285 5036 alio
293 4993 327 5037 ex
340 4981 386 5038 bis
394 4983 445 5053 qui
458 4985 545 5042 simul
556 4988 684 5042 aderaut.
695 4988 785 5044 Sedet
797 4992 932 5060 quoniam

110 5078 160 5122 ore
170 5066 286 5137 proprio
297 5069 477 5127 mandaverat
490 5073 614 5129 nobisde
624 5074 685 5141 boc,
695 5081 843 5146 postquam
855 5081 931 5147 passi

110 5159 189 5225 sunt,
200 5167 264 5210 cum
275 5155 368 5211 adbuc
378 5161 606 5229 esseutByzantii
620 5161 649 5216 in
662 5165 792 5218 custodia
804 5167 930 5234 praetorii

111 5240 246 5310 praeiecti,
258 5255 321 5312 quae
333 5242 494 5311 appellatur
505 5247 660 5317 Diomedis,
670 5261 704 5303 ex
714 5263 769 5318 qua
782 5256 810 5306 et
823 5255 932 5321 praemi.

109 5328 292 5386 slmuseosin
299 5329 545 5399 jamsaepedictnm
553 5335 669 5390 tertium
679 5349 776 5392 eorum
794 5341 929 5396 exsilium

993 4459 1051 4514 Nos
1060 4466 1164 4527 autem,
1177 4466 1209 4518 ut
1222 4463 1331 4520 dictum
1344 4470 1396 4536 est,
1411 4481 1475 4522 cum
1490 4467 1638 4524 voluntate
1647 4469 1698 4524 Dei
1712 4471 1816 4526 borum

994 4547 1067 4616 ipsis
1079 4548 1190 4606 visibus
1209 4553 1317 4608 conscii
1331 4567 1365 4609 ex
1379 4560 1458 4624 parte
1477 4557 1601 4612 maxima
1614 4555 1683 4614 facti
1706 4557 1818 4615 luisse-

992 4649 1066 4708 mus,
1079 4643 1108 4692 et
1129 4638 1283 4696 discrimen
1308 4643 1383 4712 quod
1399 4645 1556 4701 exdesidis
1578 4653 1733 4718 generatur
1757 4664 1818 4706 me-

991 4725 1157 4797 tuissemus,
1173 4732 1201 4783 et
1217 4742 1272 4785 non
1283 4729 1319 4785 ob
1331 4730 1422 4802 aliud,
1437 4735 1470 4788 ut
1483 4747 1577 4789 coram
1591 4736 1648 4791 Deo
1662 4735 1740 4807 dico,
1759 4739 1816 4794 uisi

991 4821 1106 4884 propter
1129 4816 1191 4887 boc,
1217 4820 1417 4889 quoquomodo
1440 4821 1499 4877 hacc
1523 4822 1649 4879 scribere
1671 4839 1817 4894 praesum-

990 4902 1157 4972 psissemus,
1184 4910 1212 4960 et
1226 4907 1314 4962 vitam
1327 4907 1370 4964 vel
1393 4908 1492 4966 laudes
1512 4909 1680 4980 depromere
1695 4916 1816 4972 minime

988 4990 1189 5075 valuissemus,
1205 4994 1307 5050 talium
1322 5001 1350 5052 et
1362 5001 1403 5053 tot
1422 5011 1472 5067 pro
1492 4998 1597 5068 pietate
1619 5005 1811 5061 certaminum

987 5091 1020 5134 ae
1034 5079 1170 5135 sudorum
1185 5095 1249 5137 vere
1260 5083 1449 5157 mirabilium,
1461 5091 1488 5142 et
1504 5081 1672 5160 magnorum
1692 5092 1810 5150 illorum

988 5168 1017 5222 in
1029 5167 1151 5222 Domino
1167 5169 1427 5229 sacratissimorum
1441 5174 1580 5248 virorum,
1598 5184 1715 5249 propter
1730 5181 1813 5237 colle

986 5259 1111 5310 etaneam
1128 5256 1239 5313 scilicet
1250 5262 1278 5315 et
1294 5262 1392 5317 rudem
1408 5264 1599 5321 rusticitatem
1619 5273 1759 5339 nostram,
1783 5274 1811 5324 et

986 5343 1176 5400 omnimodam
1202 5346 1508 5423 indisciplinationem,
1526 5367 1575 5423 per
1591 5369 1663 5425 quas
1679 5356 1765 5413 uobis
1782 5364 1811 5413 et

111 5416 216 5473 Laaicae
230 5422 378 5474 moerentes
391 5416 460 5485 illis,
474 5424 504 5471 et
521 5419 550 5473 in
564 5421 686 5491 reliquis
700 5436 799 5479 eorum
815 5428 929 5486 exsiliis
984 5432 1125 5488 sermonis
1135 5433 1209 5488 inest
1225 5435 1322 5506 inopia
1338 5452 1424 5508 super
1435 5454 1541 5497 omnes.
1555 5441 1667 5509 onibus
1680 5444 1809 5502 sumcere

110 5504 139 5557 et
145 5504 296 5574 custodiis,
305 5503 452 5560 taborlbns
460 5507 489 5561 et
496 5504 755 5577 sollicitudinibus,
765 5516 928 5585 angustiis-
984 5520 1160 5577 arbitramur
1170 5536 1220 5592 pro
1236 5538 1343 5597 magnae
1357 5528 1423 5584 vitae
1436 5529 1550 5587 actibus
1564 5535 1592 5586 et
1604 5534 1769 5604 preconiis,
1781 5533 1805 5590 si
