3876 6090
111 207 181 267 toea
514 200 662 260 nemun.
682 145 895 256 ausuum.
917 190 1149 250 -nnerones
1173 191 1260 250 auur
1278 192 1437 252 mosum
1496 246 1504 257 ,
1751 190 1817 250 roas

110 342 139 396 ει
161 336 330 394 necessitate
352 333 384 391 in
408 331 530 390 alterius
551 329 679 387 civitatis
701 324 856 384 Ecclesiam
880 322 935 378 de-
949 322 975 382 A
989 318 1052 375 Car.
1079 319 1179 375 xxvi.
1199 351 1235 360 -
1260 320 1338 387 Quod
1351 321 1461 392 qnando
1481 322 1627 377 Fumosae
1647 321 1817 376 inthroniza-

41 421 53 440 '
111 426 294 499 migrandum
316 437 372 480 non
396 423 445 493 sit,
465 427 494 478 et
517 420 591 492 quod
614 432 684 490 papa
705 419 758 472 beo
779 411 933 481 censuerit,
1026 396 1142 474 wilti,
1158 409 1212 447 non
1237 394 1269 448 id
1283 394 1357 463 quod
1377 395 1516 476 episcopus
1536 397 1600 476 erat
1623 394 1724 476 'ligium
1743 409 1817 448 ncce-

112 521 145 574 ut
165 515 329 586 episcopus,
351 510 482 568 civitatis
501 523 559 566 snae
576 505 773 563 mediocritate
793 501 934 570 despecta,
1021 464 1387 606 ssofftbasffiqgufflfflq
1397 466 1550 536 apostoleca
1568 464 1729 532 dmndutas,
1750 466 1817 534 quod

113 602 394 662 administrationem
406 599 462 655 loci
472 596 632 668 superioris
640 593 750 650 ambire
759 603 815 646 non
825 588 935 658 debeat,

112 708 163 751 noc
178 707 227 764 per
239 691 390 749 avaritiam
403 689 437 745 ad
453 689 586 756 majorem
601 698 631 742 se
647 682 756 754 plebem
772 677 935 736 transferre.
1027 678 1082 732 lnr.
1110 677 1253 734 Hactenus
1277 678 1345 734 hinc
1369 677 1436 735 inde
1469 678 1628 735 contractis
1652 675 1816 747 Scriptura·

111 777 462 852 Gelasinsquoquedicit:
475 780 517 847 ut,
529 766 936 836 nullisexistentibuscausis,
993 778 1056 821 rum
1071 765 1300 838 malagmatibus,
1317 767 1455 839 languido
1469 767 1559 838 capiti
1585 766 1751 823 medicatus
1772 780 1814 837 es3

113 872 257 944 propriam
277 871 406 926 deserere
429 865 584 923 Ecclesiam
600 874 684 919 nemo
698 860 810 917 audeat.
828 858 939 914 Formo-
993 859 1302 912 nuncautemventum
1325 860 1368 913 est
1391 856 1425 912 ad
1454 856 1618 913 insanabile
1630 855 1749 922 vulnus,
1774 857 1814 912 cui

111 974 269 1033 susquacx
280 959 458 1027 necessitate,
468 945 939 1026 autquibuscxistentibuscausis
975 943 1072 999 nuth
1097 944 1204 1000 medela
1230 959 1398 1002 succurrere
1418 945 1502 1003 ualet.
1528 947 1685 1003 Formosus
1708 945 1815 1016 quamn

112 1050 245 1107 Ecclesiae
259 1047 381 1119 propria
391 1045 519 1101 desertor
529 1039 719 1112 apostolicum
729 1037 863 1094 thronum
875 1047 939 1090 con-
992 1032 1113 1088 accessit
1132 1039 1164 1089 nt
1188 1047 1258 1105 papa
1283 1033 1449 1105 ediceretur,
1475 1049 1577 1092 manus
1605 1034 1814 1106 impositionem

112 1133 497 1207 scenderejussusest‘lllsr.
509 1130 621 1201 Quibus
631 1123 937 1193 existentibuscausis,
994 1119 1034 1175 ita
1057 1120 1114 1176 sibi
1135 1121 1225 1179 tribui
1242 1125 1386 1196 praecepit,
1402 1138 1435 1181 ac
1450 1124 1474 1181 si
1488 1124 1645 1195 episcopus
1657 1136 1716 1180 non
1730 1129 1814 1192 esset,

112 1229 156 1284 vel
170 1241 226 1298 qua
239 1225 410 1282 necessitate
420 1223 573 1278 Formosus
585 1217 703 1274 ellectus
715 1216 756 1271 sit
767 1227 850 1285 papa,
862 1212 938 1269 clero
993 1220 1025 1263 uc
1041 1222 1090 1279 per
1105 1210 1167 1281 hoc,
1184 1224 1239 1267 non
1256 1211 1349 1268 solum
1370 1213 1557 1284 apostolicam
1572 1212 1751 1284 dignitatem
1765 1225 1812 1267 uon

112 1321 142 1374 ει
155 1314 339 1386 magnatibus
351 1313 484 1367 Romanae
495 1307 624 1365 civitatis
639 1306 714 1361 scire
727 1303 869 1373 convenit,
886 1301 937 1372 qui
993 1297 1159 1370 acquisivit,
1175 1314 1273 1358 verum
1296 1302 1383 1358 etiam
1406 1302 1434 1357 id
1462 1302 1538 1373 quod
1568 1302 1729 1372 episcopus
1751 1306 1813 1371 erat,

114 1419 165 1461 nec
180 1405 365 1472 Francorum,
386 1414 437 1456 nec
456 1399 578 1455 alterius
599 1395 692 1468 gentis
714 1391 874 1462 obsidione,
894 1388 937 1445 vel
994 1388 1128 1459 perdidit.
1145 1392 1211 1446 ber.
1235 1391 1358 1448 Hoccine
1379 1396 1422 1447 εει
1443 1390 1605 1448 insanabile
1632 1391 1752 1461 vulnus,
1774 1391 1813 1447 cni

115 1493 254 1564 impulsu,
270 1491 374 1559 coacti,
395 1489 443 1544 sed
459 1501 511 1543 sua
531 1491 631 1556 sponte
650 1496 714 1540 eum
733 1480 839 1552 eligere
852 1485 938 1549 atque
993 1477 1073 1533 nulla
1088 1478 1194 1534 medela
1216 1479 1368 1536 subvenire
1383 1480 1499 1550 potest?
1522 1482 1623 1536 Nonne
1639 1480 1726 1550 cujus
1750 1493 1814 1537 ocu·

115 1580 311 1637 inthronizare
334 1579 528 1634 decreverunt.
553 1573 599 1630 llli
623 1572 700 1628 enim
725 1580 780 1626 non
800 1568 837 1625 ob
856 1566 937 1623 aliud
993 1564 1049 1636 lus,
1075 1567 1158 1636 juxta
1186 1569 1378 1641 evangelicam
1413 1568 1594 1640 sententiam,
1625 1568 1750 1638 simplex
1779 1575 1816 1624 εει

113 1683 178 1726 eum
194 1668 314 1739 elegisse
327 1667 481 1733 sedicunt,
498 1663 555 1720 nisi
573 1662 608 1719 nb
621 1659 754 1717 Ecclesia
769 1657 935 1715 utilitatem.
953 1649 977 1711 B
992 1656 1106 1726 (nand.
1122 1658 1180 1728 vr),
1197 1658 1227 1712 in
1251 1659 1315 1728 ey'us
1329 1672 1430 1715 manus
1446 1658 1663 1729 impositionem
1684 1669 1740 1714 non
1754 1658 1816 1713 vnl-

78 1819 82 1827 ,
114 1750 938 1829 lpseantemseinthronizandoprebultassensum,quem·
994 1746 1114 1814 nus,sed
1130 1746 1284 1819 dignitatis
1297 1756 1479 1821 angmentum
1494 1746 1650 1818 conspicit,
1670 1746 1816 1803 nondetri·

113 1845 266 1902 admodum
293 1842 413 1916 plurimi
440 1841 640 1911 episcoporum
666 1836 770 1894 iecisse
790 1835 936 1908 leguntur,
993 1839 1129 1907 ruentum,
1146 1836 1193 1892 sed
1210 1837 1284 1893 sacri
1308 1837 1421 1895 ordinis
1443 1838 1665 1895 incrementum.
1688 1837 1725 1893 Ut
1746 1837 1814 1892 enim

115 1933 261 2005 quodiam
278 1930 513 2004 panlnsuperius
533 1928 698 1984 intimatum
718 1931 770 1982 est.
793 1926 848 1980 lnr.
866 1925 938 1980 Perre
994 1924 1046 1981 hoc
1062 1924 1206 1996 liquidius
1219 1929 1321 1996 pateat,
1340 1927 1409 1984 audi
1423 1927 1638 1984 documentum.
1658 1927 1732 1982 Nam
1746 1925 1813 1997 quod

115 2022 252 2081 omnibus
273 2026 371 2079 notum
391 2025 435 2077 est
456 2017 530 2090 quod
553 2017 743 2087 plurimorum
769 2013 937 2084 pontitcum
994 2013 1140 2085 presbyter
1155 2015 1249 2085 ipsum
1264 2015 1303 2071 sit
1329 2016 1405 2087 quod
1428 2021 1472 2073 est
1491 2016 1658 2088 episcopus,
1682 2016 1814 2072 testisest

114 2112 206 2182 maior
227 2111 267 2168 sit
287 2110 446 2167 auctoritas
467 2120 550 2178 quam
572 2117 738 2175 paucorum.
761 2100 938 2172 Quapropter
993 2103 1093 2159 beatus
1113 2103 1303 2176 Hieronymus
1320 2104 1350 2160 in
1369 2105 1491 2176 epistola
1508 2104 1553 2175 85,
1579 2105 1703 2162 dicens:
1728 2105 1814 2161 dudio

116 2202 146 2257 in
160 2200 213 2257 hac
225 2200 377 2271 questione
389 2197 481 2269 magis
493 2193 668 2252 observanda
682 2198 725 2249 εει
738 2192 852 2248 Nicaena
867 2203 939 2259 syn·
993 2192 1142 2264 quemdam
1160 2193 1189 2248 in
1209 2199 1316 2250 tantam
1336 2196 1467 2265 erupisse
1484 2195 1660 2267 vecordiam,
1678 2202 1710 2253 ut
1728 2196 1815 2252 diaco

115 2290 197 2362 odus,
217 2303 280 2361 quae
300 2286 497 2344 indifferenter
516 2290 544 2341 et
566 2283 681 2354 penitus
698 2281 734 2337 de
752 2281 818 2337 sede
840 2279 874 2335 ad
890 2291 939 2334 εε-
994 2295 1046 2338 nos
1060 2282 1243 2357 presbyteris,
1270 2284 1297 2341 id
1318 2289 1369 2357 esi,
1393 2285 1539 2356 episcopis
1556 2284 1724 2342 anteferret.
1751 2287 1812 2340 Nam

113 2381 178 2436 dem
204 2376 394 2435 transterendi
419 2374 655 2432 consuetudinem
676 2370 845 2441 amputavit.
870 2370 937 2424 Dur.
993 2387 1057 2429 cnm
1071 2374 1226 2444 Apostolus
1240 2375 1390 2446 perspicue
1411 2375 1511 2431 doceat
1534 2376 1649 2432 eosdem
1674 2389 1737 2433 esse
1753 2389 1815 2446 pre-

115 2465 347 2541 Videtelrideris]
358 2464 598 2522 subintellexisse
611 2459 940 2533 quodNicaenasynodus
993 2461 1122 2533 sbyteros
1136 2464 1377 2535 quosepiscopos,
1394 2463 1464 2535 quid
1481 2464 1591 2534 patitur
1612 2478 1775 2522 mensarum
1791 2469 1816 2520 et

114 2557 207 2614 dicit:
223 2556 332 2625 placuit
346 2554 583 2612 consuetudinem
596 2550 771 2608 omnimodis
782 2548 937 2619 amputari,
994 2550 1145 2609 viduarum
1157 2553 1299 2621 minister,
1315 2559 1346 2610 ut
1360 2566 1505 2624 supereos
1521 2567 1550 2609 se
1570 2553 1816 2626 tumidusederat,

116 2659 180 2718 quan
192 2652 294 2715 praeter
309 2642 437 2715 regulam
451 2642 480 2697 in
492 2639 666 2713 quibusdam
684 2637 815 2708 partibus
825 2637 940 2694 videtur
993 2641 1027 2698 ad
1045 2655 1166 2711 quorum
1186 2656 1282 2712 preces
1301 2642 1409 2699 christi
1426 2656 1532 2714 corpus
1553 2644 1734 2716 sanguisque
1750 2657 1817 2701 con·

115 2734 251 2792 admissa.
271 2732 400 2803 Qualem,
425 2732 555 2802 inquam,
574 2727 810 2785 consuetudinem
831 2726 940 2797 placuit
994 2729 1112 2786 dcitur?
1126 2731 1201 2788 dudi
1218 2731 1432 2788 testimonium:
1453 2754 1467 2786 a
1485 2732 1593 2790 Paulus
1602 2739 1630 2791 ει
1654 2734 1817 2791 Timotheus

116 2821 286 2894 amputari‘l
300 2820 380 2876 lllam
401 2819 514 2876 scilicet
532 2831 595 2890 quae
614 2822 715 2887 practer
731 2815 869 2888 regulam,
888 2816 940 2872 hoc
994 2820 1257 2878 servidhristilesn
1268 2821 1518 2879 omnibussanctis
1527 2822 1577 2893 qui
1587 2828 1657 2880 sunt
1667 2822 1816 2896 Philippis,

115 2917 168 2983 est,
184 2910 292 2982 absque
315 2908 487 2964 rectitudine
507 2907 537 2962 in
556 2906 729 2978 quibusdam
746 2904 877 2976 partibus
892 2906 941 2961 vi·
994 2923 1058 2965 cum
1081 2909 1224 2980 episcopis
1245 2914 1274 2965 et
1293 2910 1465 2967 diaconibus
1484 2907 1620 2981 (Philipp.
1644 2910 1681 2984 r).
1701 2930 1716 2963 s
1736 2915 1769 2969 Et
1790 2912 1817 2968 in

115 3001 201 3058 detur
225 3000 362 3057 admissa.
388 2999 487 3054 Nonne
509 2996 684 3053 discretione
706 2994 849 3060 adhibita,
877 3009 940 3066 quae
994 2998 1114 3056 dotibus
1131 2999 1335 3070 apostolorum,
1351 3000 1386 3057 ad
1403 3001 1491 3056 nnius
1507 3001 1642 3057 Ecclesiae
1662 3003 1817 3060 mcerdotes

69 3108 75 3123 ¹
116 3094 206 3146 mater
220 3094 264 3145 εει
280 3086 408 3144 omnium
428 3086 580 3157 virtutum,
603 3084 730 3154 idipsum
743 3088 771 3140 ει
782 3083 938 3141 concilium
995 3088 1036 3145 ita
1057 3087 1162 3145 Paulus
1185 3088 1333 3160 loquitur:
1363 3089 1538 3146 «Attendite
1559 3090 1643 3147 uobis
1667 3096 1695 3147 et
1718 3097 1817 3148 cuncto

115 3178 344 3236 chalcedonense
364 3180 493 3232 astruere
512 3175 635 3246 videtur,
659 3174 688 3229 in
708 3187 741 3231 eo
760 3174 835 3245 quod
855 3172 938 3242 dicit,
995 3178 1074 3250 gregi
1086 3178 1116 3235 in
1130 3192 1186 3250 quo
1201 3192 1251 3235 vos
1273 3179 1401 3250 Spiritus
1422 3183 1539 3236 sanctus
1562 3180 1818 3255 posuitepiscopos

115 3268 237 3325 clericos
257 3268 287 3323 in
307 3266 428 3323 alterius
443 3264 572 3320 civitatis
589 3263 717 3320 Ecclesia
735 3267 858 3320 statutos
878 3261 939 3319 lieri
994 3279 1091 3338 regere
1103 3267 1258 3323 Ecclesiam
1272 3267 1398 3339 Domini,
1413 3282 1496 3339 mam
1509 3268 1671 3340 acquisivit
1682 3270 1818 3342 sanguiue

116 3371 172 3414 non
184 3361 325 3429 oportere,
339 3355 466 3425 exceptis
479 3353 541 3409 illis
553 3353 614 3425 qui,
632 3353 762 3424 proprias
776 3353 941 3410 amittentes
995 3369 1048 3412 suo
1070 3352 1193 3427 (Actu
1205 3354 1250 3429 ).»
1269 3356 1308 3412 lic
1326 3370 1360 3412 ne
1379 3357 1635 3427 qniscontentiose
1654 3359 1685 3414 in
1708 3360 1817 3415 unan

115 3447 289 3520 provincias,
306 3460 340 3503 ex
356 3445 525 3502 necessitate
533 3444 567 3500 ad
579 3442 665 3499 aliam
681 3442 836 3499 Ecclesiam
850 3447 941 3500 trans·
995 3445 1082 3502 clesia
1102 3445 1199 3516 plures
1222 3445 1371 3517 episcopos
1396 3444 1486 3502 tuisse
1505 3449 1672 3519 contendat,
1702 3448 1772 3506 andi
1792 3452 1816 3503 et

116 3536 213 3592 ierint.
236 3537 292 3591 Nec
318 3534 389 3591 illud
419 3537 463 3589 εει
488 3531 622 3589 absimile
653 3532 728 3602 quod
755 3530 940 3588 beatissimus
994 3534 1075 3590 aliud
1100 3533 1415 3606 testimoniuminquo
1440 3535 1591 3594 manifeste
1617 3536 1817 3609 comprobatur

116 3638 187 3696 papa
204 3626 257 3681 beo
272 3623 395 3694 censuit,
416 3626 448 3677 ut
464 3621 626 3692 episcopus,
642 3619 770 3676 civitatis
783 3621 940 3676 mediocri·
994 3624 1124 3681 cumdem
1146 3637 1207 3680 εεεε
1228 3624 1392 3694 episcopum
1406 3629 1493 3696 atque
1517 3626 1728 3699 presbyterum.
1752 3630 1817 3684 Pro-

116 3717 173 3769 tate
200 3714 342 3782 despecta,
372 3709 653 3767 administrationem
684 3708 739 3764 loci
771 3709 940 3768 celebrioris
995 3713 1466 3785 pterhoccreliquitecretae,ut
1486 3728 1518 3771 ea
1545 3717 1815 3788 quaedeerantcor-

115 3801 225 3856 ambire
240 3814 295 3857 non
310 3799 422 3855 debeat.
441 3798 509 3854 lnde
522 3797 661 3852 nimirum
677 3801 706 3852 ει
717 3798 851 3855 Gelasius
866 3800 940 3857 dicit
994 3802 1111 3874 rigeres,
1138 3808 1166 3860 et
1191 3803 1382 3861 constitueres
1398 3818 1447 3875 per
1474 3805 1606 3863 civitates
1630 3808 1812 3881 presbyteros,

116 3892 148 3944 ut
171 3889 335 3959 quisquam,
357 3887 448 3943 nullis
475 3885 667 3942 existentibus
686 3887 793 3959 causis,
817 3889 940 3959 propriae
994 3892 1071 3949 sicut
1081 3897 1170 3965 elego
1181 3892 1235 3949 tibi
1248 3894 1389 3964 mandavi,
1405 3895 1429 3950 si
1452 3894 1519 3966 quis
1531 3896 1622 3953 unius
1646 3900 1749 3955 uxoris
1765 3899 1812 3968 vir,

29 3970 31 3975 ⁴
114 3977 242 4033 desertor
266 3974 399 4031 Ecclesiae
423 3975 457 4031 ad
484 3973 570 4030 aliam
597 3974 723 4032 transire
747 3989 803 4033 non
826 3978 935 4036 debeat.
994 3982 1189 4038 sinecrimine
1204 3981 1514 4054 filioshabensiideles,
1530 3986 1813 4046 noninarcusatinne

115 4066 172 4121 lloc
194 4064 277 4121 modo
301 4063 387 4120 etiam
412 4067 528 4120 sanctus
549 4063 706 4137 Gregorius
732 4067 936 4141 Nazianzenus,
998 4070 1129 4142 luxuriae,
1143 4076 1194 4127 aut
1204 4085 1260 4128 non
1278 4071 1419 4143 subditos,
1433 4072 1551 4143 Oportet
1562 4076 1642 4132 enirn
1656 4079 1811 4150 episcopum

115 4168 172 4211 non
197 4156 325 4228 ignarus,
347 4167 398 4210 nec
421 4158 600 4224 contemptor
623 4155 731 4211 Nicaeni
752 4157 881 4228 concilii,
903 4158 938 4214 de
995 4161 1058 4216 sine
1071 4160 1193 4217 crimine
1205 4174 1276 4241 esse,
1287 4162 1369 4232 quasi
1379 4161 1809 4240 Deidispensatorem(iit.tl.¹

115 4244 226 4304 sedead
241 4244 336 4301 sedem
360 4243 516 4301 translatus
537 4249 588 4301 εει.
611 4245 698 4302 Porro
712 4246 762 4316 qui
783 4247 862 4303 nulla
884 4262 938 4304 nc-
995 4251 1029 4306 Et
1040 4252 1074 4306 ad
1100 4250 1344 4307 Thimotheum:«
1361 4251 1425 4308 Noli
1450 4253 1595 4326 negligere
1611 4258 1735 4328 gratiam
1760 4270 1810 4329 que

115 4335 249 4393 cessitate
261 4338 388 4407 cogente,
404 4339 432 4391 ει
445 4333 536 4390 nullis
550 4333 744 4390 existentibus
764 4336 872 4407 catusis,
888 4338 935 4394 sed
953 4316 979 4378 D
995 4340 1024 4395 in
1034 4344 1060 4395 ιε
1067 4344 1121 4412 est,
1132 4338 1258 4410 quaetibi
1269 4339 1334 4396 dala
1343 4345 1386 4397 εει
1397 4342 1673 4412 perimpositionem
1686 4359 1809 4404 manuum

115 4425 297 4484 solummodo
317 4424 439 4481 avaritia
454 4423 497 4480 vel
515 4422 672 4479 ambitione
690 4421 724 4477 ad
742 4422 827 4480 aliam
843 4425 937 4482 sedem
994 4428 1162 4499 presbyterii
1178 4425 1206 4500 (l
1224 4430 1291 4483 iim.
1320 4429 1377 4503 tv).
1402 4431 1482 4487 »Sed
1506 4436 1535 4487 et
1548 4434 1652 4491 Petrus
1684 4436 1715 4493 iu
1730 4437 1808 4508 priua

115 4514 297 4583 transfertur,
309 4512 470 4585 isteprocul
481 4511 570 4568 dubio
581 4512 781 4582 prevaricator
792 4515 940 4571 rectitudi·
992 4516 1129 4589 Epistola,
1157 4537 1171 4570 c
1197 4518 1388 4591 Presbyteros,
1421 4520 1528 4591 inquit,
1555 4522 1585 4578 in
1612 4523 1697 4581 uobis
1725 4538 1809 4596 precor

115 4605 162 4660 nis'
178 4611 231 4669 est,
251 4603 401 4660 etidcirco
421 4604 522 4673 preter
539 4599 665 4670 regulam
681 4602 737 4658 tale
754 4603 824 4673 quid
842 4605 938 4661 admi·
992 4606 1211 4679 compresbyter,
1227 4612 1255 4664 et
1269 4609 1352 4665 testis
1362 4609 1529 4666 Passionum
1540 4610 1663 4686 Christi,
1673 4619 1704 4671 ει
1718 4613 1808 4673 lutura

115 4691 189 4747 sisse
205 4692 396 4748 convincitur.
418 4693 474 4747 lnr.
494 4688 648 4745 Formosus
663 4704 730 4762 ergo
748 4693 797 4762 qui
816 4698 939 4750 tantum·
993 4696 1100 4770 gloriae,
1121 4711 1185 4768 quae
1205 4699 1354 4756 revelanda
1374 4705 1418 4757 est
1437 4698 1547 4772 (chtr.
1571 4702 1614 4777 a).
1633 4705 1742 4775 »Quod
1764 4719 1809 4762 an-

117 4778 702 4837 modoararitiaelambitionecathodram
712 4782 939 4840 mutavitacrius
993 4793 1048 4843 tem
1065 4792 1171 4859 postca,
1187 4803 1262 4846 unus
1286 4789 1394 4846 electus
1412 4795 1465 4864 est,
1491 4792 1541 4863 qui
1568 4796 1684 4853 caeteris
1709 4810 1809 4868 praepo·

115 4869 435 4941 cstpuniendusillnr.
451 4870 530 4940 Quod
545 4870 831 4944 ambiguumcrimen
845 4873 938 4931 solius
993 4885 1117 4948 neretur,
1144 4878 1173 4936 in
1195 4878 1361 4936 schismatis
1387 4881 1545 4938 remedium
1570 4882 1679 4942 iactum
1708 4895 1761 4962 est,
1783 4900 1808 4943 ue

114 4956 286 5026 beijudicio
299 4960 338 5015 sit
353 4957 572 5030 relinquendum
585 4959 701 5029 jamjam
715 4974 802 5030 supra
816 4975 939 5033 respon-
993 4983 1069 5025 nnus
1088 4969 1211 5038 quisque
1224 4968 1258 5025 ad
1278 4983 1307 5025 se
1320 4969 1437 5028 trahens
1448 4971 1606 5030 Ecclesiam
1630 4975 1750 5051 Christi,
1775 4978 1809 5034 ir*

115 5060 179 5103 sum
191 5051 244 5102 est.
259 5048 315 5102 lar.
330 5048 417 5105 Video
438 5052 464 5105 te
482 5049 536 5105 sub
552 5048 646 5104 colore
665 5049 814 5119 cujusdam
832 5051 939 5108 tuitio-
993 5065 1137 5130 rumperet
1148 5055 1339 5136 [rumperetJ.
1357 5061 1413 5117 lloc
1438 5076 1528 5134 usque
1543 5072 1663 5124 sanctus
1679 5069 1809 5138 llierony·

115 5136 162 5193 uis
170 5135 373 5208 dogmatizare,
386 5144 529 5208 quatenus
538 5137 711 5208 episcopalis
720 5141 938 5212 transmigratio
994 5163 1066 5205 mus.
1083 5150 1140 5204 Nos
1161 5154 1257 5205 antem
1273 5155 1448 5207 revertamur
1468 5152 1547 5208 adid
1564 5157 1641 5224 quod
1667 5158 1806 5229 ecepimus.

113 5224 149 5281 de
170 5224 236 5282 sede
252 5224 286 5280 ad
308 5223 402 5280 sedem
424 5224 545 5282 licenter
564 5226 626 5282 fieti
647 5227 747 5297 possit·
770 5229 836 5283 Dii·
855 5228 939 5286 Absit
992 5239 1062 5294 Ecce
1073 5238 1273 5308 probabilibus
1284 5238 1465 5298 documentis
1479 5229 1653 5312 patefactum
1673 5246 1807 5320 estquod

115 5321 147 5372 ut
163 5329 197 5372 ex
217 5328 278 5371 meo
295 5326 343 5371 ore
365 5314 497 5384 procedat
514 5315 589 5387 qnod
610 5317 763 5386 quisquam
785 5319 938 5393 episcopo·
993 5327 1087 5398 ipsum
1099 5328 1139 5383 sit
1154 5328 1300 5400 presbyter
1310 5331 1384 5401 quod
1400 5338 1444 5387 est
1458 5333 1622 5404 episcopus.
1645 5338 1740 5409 igitur
1753 5349 1807 5396 eun

114 5420 179 5462 rum
197 5405 254 5461 tale
275 5403 387 5476 aliquid
411 5402 531 5460 licenter
551 5416 634 5476 agere
656 5407 756 5477 possit,
781 5409 838 5465 nisi
860 5419 936 5469 certa
993 5417 1138 5488 presbyter
1156 5432 1258 5475 manns
1283 5419 1497 5491 impositionem
1516 5425 1635 5497 accipit,
1654 5433 1685 5484 ut
1708 5429 1809 5486 ceteris

115 5492 933 5566 imminentenecesssiuu,velavertisexistentibuscausis.
975 5512 1183 5579 praeponatur,
1211 5510 1241 5564 ει
1272 5495 1437 5580 specialiter
1462 5511 1617 5586 episcopus
1646 5518 1807 5590 appelletur,
