3876 6090
187 221 239 281 499
795 215 975 273 ΑΝΑΒΤΑΒΙΙ
995 214 1266 272 BlBLIOTiiEChRII
1836 212 1891 271 200

186 361 219 404 ac
231 346 420 404 Orientalium
433 345 600 417 pontificum
617 345 723 414 scripta
737 343 967 415 approbantium,
979 344 1007 396 et
1020 343 1050 404 Α
1097 342 1223 411 Septima
1239 354 1324 412 porro
1339 338 1505 396 circumfert
1521 340 1596 397 actio
1610 340 1765 397 terminum
1782 346 1891 397 sancte

187 436 228 492 ila
245 449 275 490 se
293 448 391 505 sapere
408 433 614 504 promentium.
1062 429 1163 500 synodi
1176 429 1272 500 huius,
1280 428 1508 499 subscriptiones
1518 429 1890 500 episcoporum,epistolam

221 525 328 593 Quarta
346 522 451 578 dehinc
467 521 542 578 actio
558 518 725 580 circumfert
740 519 904 577 testimonia
922 532 1008 574 sacre
1062 518 1163 588 synodi
1179 516 1400 587 imperatoribus
1414 517 1539 572 missam.
1553 517 1718 573 ltemaliam
1729 517 1763 573 ad
1780 516 1890 574 clerum

185 611 340 681 scripture
363 624 396 665 ac
421 610 599 666 diversorum
626 614 790 665 sauctorum
819 609 931 664 l‘atrum
957 621 1008 677 pro
1061 604 1411 676 constantinopolitanum
1427 621 1434 674 3
1452 618 1610 661 sermonem
1633 604 1840 676 laudatorium,
1861 612 1891 662 el

186 699 372 771 imaginibus.
1062 706 1185 751 canones
1194 692 1230 749 ab
1240 693 1336 770 eadem
1350 693 1457 762 synodo
1473 692 1678 764 promulgatos.
1696 695 1765 748 ltem
1776 694 1892 764 episto-

221 787 327 857 Quinla
343 792 476 857 preterea
491 787 619 843 continet
637 786 713 841 actio
730 784 895 842 testimonia
909 787 1009 839 oslen—
1063 781 1119 838 lam
1138 781 1248 837 Tarasil
1273 781 1449 836 sanctissimi
1476 780 1647 851 patriarcis
1668 781 1703 837 ad
1729 779 1891 839 hdriauum

186 875 294 947 dentia,
308 875 509 932 iconomachos
523 875 645 946 aequalia
660 887 746 944 super
762 872 939 945 imaginibus
960 885 1009 926 re-
1062 884 1205 928 summum
1226 870 1388 940 pontillccm
1408 884 1459 939 pro
1479 869 1596 940 syuodo.
1618 871 1687 925 Item
1707 869 1835 940 ejusdem
1854 871 1890 926 ad

187 962 286 1034 probis
303 963 466 1034 quibusque
482 963 594 1034 operari
605 962 648 1018 vel
663 975 761 1032 sapere
782 960 933 1016 hereticis.
1061 959 1192 1016 eumdem
1201 958 1236 1014 de
1248 971 1303 1015 non
1318 958 1488 1014 ordinandis
1503 958 1710 1014 ecclesiasticis
1724 957 1830 1014 ciliciis
1840 972 1892 1029 per

221 1051 303 1107 Sexta
323 1064 388 1106 vero
404 1051 537 1123 designat
560 1051 636 1107 actio
652 1049 852 1105 hereticorum
872 1047 1009 1118 blasphe-
1063 1047 1208 1118 pecunias.
1237 1047 1305 1102 ltem
1329 1046 1455 1117 ejusdem
1475 1046 1509 1102 ad
1529 1047 1664 1102 loannem
1680 1046 1890 1118 presbyterum,

187 1140 270 1212 mias,
288 1144 316 1196 el
336 1138 437 1196 harum
457 1139 580 1195 validam
600 1138 835 1195 destructionem.
1064 1136 1253 1207 hegumenum
1270 1139 1299 1190 et
1313 1132 1522 1204 anachoretam,
1539 1147 1591 1203 pro
1607 1135 1704 1191 cadem
1720 1148 1761 1190 re.

613 1488 941 1562 constantini
987 1489 1044 1557 ET
1093 1488 1267 1559 luanus
1311 1489 1456 1561 AUGG.

869 1618 1043 1681 DIVALIS
1077 1619 1215 1683 sacha

289 1735 341 1803 Ad
368 1733 626 1801 sanctissimum
649 1737 683 1798 et
705 1729 948 1797 beatissimum
973 1726 1168 1794 Adrianum
1195 1749 1319 1815 papam
1340 1730 1487 1796 senioris
1512 1731 1631 1797 Rome
1656 1729 1801 1796 directa.

223 2016 435 2088 Quiabomino
445 2020 542 2072 nostro
554 2016 619 2070 lesu
637 2012 750 2069 Christo
760 2023 826 2066 vero
836 2011 894 2065 Deo
912 2006 1050 2068 nostroB
1065 2025 1144 2078 quem
1175 2015 1320 2082 acquisivit
1343 2017 1455 2085 proprio
1488 2017 1620 2083 sanquine
1652 2014 1737 2088 (Rom.
1770 2016 1826 2087 xv).
1858 2017 1893 2074 Et

188 2105 354 2175 suscipiunt
366 2104 426 2160 sive
442 2101 555 2173 imperii
570 2102 750 2174 dignitatem,
765 2099 824 2154 sive
840 2095 1011 2168 principalis
1065 2103 1198 2171 tanquam
1216 2116 1300 2158 verus
1316 2103 1427 2171 primus
1441 2105 1582 2174 sacerdos,
1601 2109 1629 2160 et
1642 2104 1668 2160 is
1682 2104 1733 2176 qui
1746 2103 1777 2159 in
1789 2103 1852 2160 loeo
1864 2109 1893 2160 ct

188 2193 341 2250 sacerdotii
355 2192 501 2261 honorem,
517 2191 620 2247 debent
632 2203 695 2262 que
711 2187 754 2244 illi
771 2187 876 2257 placita
891 2190 968 2254 suut,
984 2188 1012 2239 et
1066 2188 1229 2246 sedesaucti
1238 2196 1265 2246 et
1274 2191 1518 2261 superlaudabilis
1528 2192 1735 2262 apostoliPetri
1745 2191 1891 2262 presidet,

189 2283 315 2355 cogitare
331 2287 359 2338 et
377 2295 488 2351 curare,
502 2285 531 2336 et
544 2279 668 2336 creditos
685 2277 741 2334 sibi
759 2277 795 2333 ab
816 2278 867 2333 illo
890 2272 1012 2348 populos
1066 2276 1142 2332 sicut
1157 2278 1267 2335 dictum
1284 2284 1336 2349 est,
1359 2280 1503 2352 ascendat,
1522 2285 1550 2336 et
1568 2281 1655 2336 simul
1671 2295 1737 2337 cum
1755 2279 1893 2338 omuibus

190 2371 347 2427 secundum
357 2371 420 2440 ejus
429 2369 602 2425 voluntatem
613 2381 710 2439 regere
720 2372 749 2423 et
758 2366 926 2439 gubernare.
938 2366 1011 2436 Ergo
1066 2367 1273 2439 sacerdotibus,
1293 2369 1342 2439 qui
1360 2368 1407 2424 hic
1425 2373 1503 2440 sunt,
1523 2369 1697 2440 inveniatur,
1714 2373 1742 2425 et
1757 2368 1893 2426 voluntas

190 2458 318 2515 debitum
337 2457 421 2513 nobis
435 2463 463 2513 et
478 2456 569 2526 vobis,
586 2471 603 2513 o
618 2457 832 2513 sanctissimum
848 2458 943 2524 caput,
959 2454 1012 2509 hoc
1066 2456 1180 2512 Domini
1197 2456 1263 2511 liat:
1278 2457 1329 2512 ilbi
1342 2460 1490 2513 enimcum
1505 2458 1558 2511 duo
1572 2459 1679 2512 veltres
1694 2459 1852 2526 conprequti
1863 2458 1893 2511 in

191 2550 244 2616 est,
263 2551 295 2601 ut
311 2544 604 2616 irreprehensibiliter
620 2558 682 2616 que
695 2545 759 2613 ejus
773 2549 841 2599 sunt
855 2542 1011 2613 sapiamus,
1066 2547 1174 2599 nomine
1191 2561 1258 2607 oreo,
1276 2546 1353 2601 sicut
1369 2545 1529 2618 evangelice
1545 2546 1713 2616 didicimus,
1729 2547 1771 2600 ibi
1787 2562 1849 2601 sum
1863 2548 1893 2600 in

192 2638 220 2689 et
237 2633 266 2688 in
282 2632 344 2689 suis
358 2646 512 2703 versemur,
528 2638 626 2704 utpote
640 2633 675 2689 ab
690 2634 752 2703 ipso
767 2646 819 2689 nos
833 2631 947 2702 quidem
964 2630 1015 2687 im·
1066 2634 1154 2688 medio
1182 2650 1273 2688 corum
1303 2633 1408 2704 (Madd.
1440 2634 1531 2706 nvnr).
1561 2634 1741 2692 Certillcetur
1763 2633 1842 2690 euim
1865 2637 1894 2689 et

193 2722 315 2793 perium,
333 2736 383 2777 vos
399 2736 464 2778 vero
482 2722 653 2793 principalis
669 2722 822 2778 sacerdotii
842 2719 1013 2793 dignitatem
1067 2722 1366 2794 confirmeturamagn
1392 2723 1484 2779 Decet
1492 2736 1567 2795 rege,
1577 2722 1893 2793 omniumquebomiuo

193 2811 393 2881 suscipientes.
415 2811 571 2881 incipimus
590 2824 656 2883 ergo
677 2810 745 2866 hinc
765 2823 932 2866 sermonem.
954 2808 1015 2864 Scit
1068 2815 1165 2867 nostro
1186 2812 1253 2867 lesu
1272 2810 1397 2882 Christo,
1417 2816 1446 2867 et
1466 2824 1482 2866 a
1502 2809 1585 2867 nobis
1604 2811 1695 2867 serris
1718 2811 1793 2882 ejus,
1816 2810 1891 2882 quod

194 2902 287 2954 vestra
304 2903 420 2968 paterna
435 2898 582 2954 beatitudo
597 2912 660 2969 que
679 2898 788 2968 pridem
807 2894 881 2953 lacta
898 2901 966 2952 suut
984 2896 1014 2952 in
1067 2898 1262 2953 ascendentem
1282 2903 1403 2955 vestram
1425 2903 1571 2969 paternam
1589 2903 1617 2954 et
1635 2912 1744 2955 sacram
1764 2898 1894 2955 beatitu-

196 2986 248 3041 hac
284 2991 381 3042 nostra
416 2986 494 3058 regia
531 2985 647 3042 civitate
683 2989 799 3057 propter
839 2984 1016 3041 venerabiles
1067 2985 1236 3041 dinemhuc
1255 2987 1414 3043 cumomni
1434 2986 1894 3059 honoreeigloriahabemuset

197 3072 360 3146 imagines3
382 3074 506 3145 qualiter
540 3074 589 3144 qui
626 3079 692 3130 ante
727 3088 779 3130 nos
813 3076 1014 3145 regnaverunt,
1070 3075 1276 3145 suscipere,et
1299 3089 1362 3146 que
1391 3080 1550 3145 opportuna
1579 3080 1647 3132 sunt
1673 3075 1832 3146 impartiri.
1860 3076 1896 3130 Et

195 3175 244 3218 cas
262 3163 476 3235 destruxerunt,
497 3167 525 3218 et
546 3163 576 3217 iu
595 3163 807 3219 dehonestatem
829 3169 914 3233 atque
934 3162 1017 3231 inlu·
1071 3163 1174 3218 iterum
1184 3162 1440 3234 expletocapitulo,
1451 3164 1525 3234 quod
1536 3163 1714 3234 beneplacito
1722 3164 1772 3219 Dei
1783 3162 1893 3219 Christi

196 3249 268 3305 riam
283 3255 458 3320 posuerunt:
476 3247 596 3321 (utinam
614 3250 675 3306 illis
690 3264 746 3307 uon
766 3252 923 3320 imputetur
935 3269 942 3322 3
954 3264 1018 3307 me-
1071 3265 1219 3322 speramus
1238 3251 1310 3322 lieri,
1328 3264 1393 3307 cum
1412 3251 1518 3307 honore
1533 3256 1561 3306 et
1576 3251 1775 3323 magnitudine
1792 3251 1895 3322 preire

195 3336 254 3394 lius
269 3338 345 3394 enim
364 3337 458 3394 luerat
474 3352 530 3395 nou
545 3338 659 3394 mittere
677 3351 779 3394 manus
793 3353 860 3395 suas
878 3339 906 3394 in
925 3339 1017 3396 Eccle
1031 3328 1056 3391 G
1072 3338 1150 3395 illam
1169 3338 1307 3395 habemus
1325 3339 1360 3395 ad
1380 3339 1562 3396 remeandum
1577 3339 1612 3395 ad
1631 3339 1757 3409 propria.
1774 3339 1804 3395 Si
1818 3339 1895 3396 enim

133 3484 135 3489 ,
194 3425 267 3482 siam
281 3426 456 3498 :letomnem
471 3427 609 3498 populum
625 3428 675 3498 qui
691 3428 739 3484 hic
753 3432 806 3498 est,
824 3428 881 3485 imo
895 3429 1016 3485 orienta-
1073 3441 1128 3483 non
1149 3429 1277 3499 potuerit
1304 3428 1456 3483 ascendere
1486 3427 1543 3484 huc
1567 3426 1652 3499 (quod
1676 3433 1816 3498 putamus
1839 3425 1896 3487 uon

196 3514 249 3571 lem
265 3516 362 3572 codem
379 3516 461 3572 modo
476 3516 660 3586 seduxerunt,
672 3520 700 3570 et
711 3516 741 3572 iu
758 3516 902 3586 propriam
917 3516 1017 3573 voluu-
1069 3516 1130 3573 lieri
1143 3535 1149 3571 :
1163 3516 1271 3572 scimus
1285 3515 1362 3570 enim
1372 3529 1437 3571 eum
1449 3515 1611 3572 studiosum
1622 3516 1773 3572 essecirca
1783 3516 1896 3589 divinal

193 3607 279 3659 tatem
300 3607 503 3672 retraxerunt,
523 3617 673 3674 usquequo
692 3605 767 3659 Deus
793 3605 946 3659 suscitavit
963 3618 1015 3660 nos
1069 3605 1159 3678 eligat
1186 3605 1264 3660 viros
1292 3603 1494 3674 honorabiles,
1515 3604 1651 3661 habentes
1678 3605 1849 3678 scientiam,
1864 3612 1894 3663 et

193 3704 311 3762 regnare
331 3692 360 3747 iu
382 3692 437 3760 his,
459 3693 508 3762 qui
529 3692 697 3747 inveritate
717 3692 873 3763 querimus
893 3692 1014 3765 gloriam
1067 3694 1175 3766 dirigat
1191 3707 1247 3749 uua
1261 3706 1325 3749 cum
1339 3691 1467 3764 syllabis,
1480 3699 1512 3749 ut
1523 3695 1705 3751 invenientur
1719 3708 1754 3751 ex
1770 3709 1892 3765 persona

191 3778 265 3847 elus,
280 3784 308 3834 et
323 3784 417 3834 tenere
432 3792 495 3849 que
510 3779 616 3835 tradita
631 3779 748 3836 suntab
763 3780 902 3850 apostolis
916 3781 1015 3842 suiset
1068 3790 1192 3841 sacreet
1203 3787 1325 3853 paterne
1341 3787 1441 3838 vestre
1455 3782 1645 3840 beatitudinis
1660 3783 1717 3840 hic.
1736 3785 1892 3842 Verumta-

192 3864 327 3921 omnibus
355 3866 418 3922 suis
441 3866 617 3924 doctoribus.
643 3867 722 3923 Unde
747 3883 822 3924 nunc
850 3874 1015 3925 constanter
1069 3887 1130 3930 men
1142 3871 1377 3928 convenientibus
1388 3871 1460 3941 ipsis
1471 3856 1681 3929 'cumomuibus
1691 3874 1893 3930 sacerdotibus

191 3966 257 4009 cum
272 3954 379 4010 mundo
392 3954 477 4010 corde
487 3959 515 4010 et
531 3969 596 4012 vero
606 3957 697 4026 cultu,
714 3971 776 4028 que
790 3958 825 4013 ad
842 3959 930 4013 Deum
946 3972 1015 4028 per-
1069 3961 1119 4032 qui
1131 3961 1178 4016 hic
1188 3964 1265 4031 sunt,
1280 3960 1414 4031 synodice
1431 3959 1615 4016 confirmetur
1631 3961 1752 4032 antiqua
1772 3962 1894 4019 traditio

191 4041 294 4113 tinent,
319 4055 374 4097 una
395 4056 460 4099 cum
484 4043 619 4101 omnibus
643 4044 770 4101 subditis
790 4046 899 4102 nostris
919 4046 1014 4102 ethis
1067 4054 1231 4107 sanctorum
1244 4050 1359 4105 Patrum
1377 4054 1553 4119 nostrorum,
1564 4055 1593 4104 et
1603 4047 1798 4106 confundatur
1811 4064 1894 4107 omne

191 4128 388 4187 sacerdotibus
402 4132 589 4204 doctissimis,
603 4132 692 4189 locuti
708 4148 819 4206 sumus,
831 4139 860 4191 et
872 4149 936 4190 cum
950 4148 1014 4191 con·
1067 4129 1208 4197 zizanium
1218 4139 1464 4209 maleplautatum,
1476 4138 1622 4195 etDomini
1635 4139 1725 4196 nostri
1736 4138 1894 4197 salvatoris

191 4218 259 4274 silio
273 4219 461 4291 decrevimus,
477 4227 509 4278 ut
524 4220 603 4277 heret
618 4223 780 4279 universale
794 4223 961 4280 concilium.
978 4227 1013 4281 Et
1065 4227 1248 4284 lesuChristi
1259 4226 1377 4283 verbum
1389 4226 1552 4298 impleatur,
1568 4226 1703 4297 quoniam
1710 4230 1894 4298 porteinterr'

192 4320 326 4378 rogamus
338 4313 460 4365 vestram
479 4315 622 4379 paternam
639 4310 846 4367 beatitudinem
859 4331 866 4383 3
879 4313 1013 4370 imovero
1067 4332 1121 4371 non
1138 4316 1328 4386 prevalebunt
1353 4315 1484 4370 adversus
1506 4332 1565 4371 eum
1585 4314 1691 4386 (Metti.
1713 4316 1783 4389 rvr).
1803 4318 1838 4373 Et
1858 4332 1892 4375 ex

190 4395 325 4452 dominus
339 4397 414 4453 Deus
427 4402 517 4469 rogat,
533 4400 652 4467 quivult
665 4415 755 4454 omnes
769 4401 858 4455 saluos
870 4404 930 4470 pori
943 4408 969 4457 et
982 4405 1012 4458 in
1068 4404 1121 4461 hoc
1148 4418 1204 4460 non
1227 4405 1266 4461 sit
1287 4405 1411 4462 schisma
1435 4409 1463 4460 et
1484 4405 1627 4475 separatio
1653 4406 1683 4460 in
1708 4420 1764 4462 una
1791 4413 1892 4463 saucia

190 4487 355 4552 apoitioncm
366 4488 488 4540 cantatis
497 4489 588 4541 conire
600 4485 623 4556 (l
629 4489 702 4543 Rom.
716 4488 763 4561 n)3
774 4494 805 4545 ut
813 4490 861 4545 det
871 4503 900 4545 se
911 4491 1011 4563 ipsam,
1067 4494 1208 4550 catholica
1218 4500 1247 4549 et
1255 4494 1413 4565 apostolica
1429 4493 1565 4567 Ecclesia,
1584 4495 1819 4566 cujusestcaput
1829 4496 1891 4567 ipse

190 4577 218 4627 et
229 4573 336 4630 nullam
347 4574 511 4629 tarditatem
523 4573 620 4647 iaciat,
632 4581 660 4630 et
669 4577 804 4633 ascendat
815 4578 872 4637 huc
883 4579 912 4634 in
925 4579 1013 4635 stabi·
1065 4581 1199 4639 christus
1214 4596 1298 4638 verus
1311 4583 1386 4639 Deus
1403 4587 1509 4639 noster.
1526 4583 1744 4640 Constantinum
1756 4590 1890 4655 preterea

190 4659 298 4716 litatem
310 4667 338 4716 et
349 4662 511 4718 firmitatem
526 4663 651 4734 antique
662 4665 829 4722 traditionis
839 4681 925 4737 super
934 4682 1013 4725 vene-
1025 4672 1051 4735 D
1066 4671 1450 4742 sanctissimumepiscopum
1460 4673 1628 4728 Leontinum
1640 4668 1805 4748 [leontiae]
1812 4673 1892 4730 Chri·

190 4747 334 4806 rabilibus
346 4749 539 4823 imaginibus:
555 4752 683 4808 debitum
698 4755 774 4810 enim
789 4755 835 4811 illi
850 4761 894 4812 est
908 4756 961 4812 hoc
974 4755 1012 4812 la·
1066 4765 1111 4817 sto
1131 4760 1267 4817 amabilis
1289 4761 1399 4817 Sicilie
1424 4765 1527 4817 nostre
1554 4760 1665 4832 insule,
1694 4775 1777 4832 quem
1803 4763 1889 4820 etiam

189 4849 253 4892 cere
264 4856 272 4906 3
284 4840 415 4910 agnoscit
428 4854 494 4897 vero
509 4841 577 4911 quia
594 4842 804 4912 scriptumest:
817 4844 1010 4909 Consulumini,
1065 4849 1160 4905 noscit
1175 4854 1290 4920 paterna
1305 4855 1396 4906 vestra
1411 4849 1568 4919 beatitudo,
1586 4850 1761 4906 adduximus
1775 4852 1811 4908 ad
1827 4865 1888 4921 nos,

189 4927 366 4981 consolamini
376 4930 510 4998 populum
523 4945 611 4984 meum
625 4932 785 4995 sacedotes,
801 4933 867 4988 dicit
881 4936 1011 4989 eominus
1064 4942 1093 4993 et
1102 4936 1175 4992 facie
1185 4938 1219 4994 ad
1231 4936 1331 4995 faeiem
1346 4938 1494 5008 loquentes
1508 4938 1668 4994 direximus
1678 4952 1742 4995 cum
1755 4940 1888 5011 praesenti

189 5009 251 5082 (lsu.
267 5015 321 5088 xc).
335 5016 388 5072 Et:
404 5018 491 5072 lubia
505 5019 673 5074 sacerdotum
690 5021 845 5077 costodiunt
859 5024 1009 5088 serentium,
1066 5030 1163 5083 nostra
1181 5026 1337 5082 venerabili
1352 5027 1482 5097 jussione
1499 5028 1532 5083 ad
1551 5042 1609 5084 vos.
1628 5027 1763 5097 Quicum
1779 5029 1891 5085 venerit

187 5107 213 5157 et
227 5103 260 5157 de
273 5120 318 5158 ore
332 5105 392 5173 rjus
404 5107 556 5173 epredietur
571 5109 624 5170 lec,
638 5112 766 5178 quonium
780 5111 892 5179 cuprius
904 5115 1013 5167 Dmoini
1065 5113 1099 5169 ad
1120 5128 1179 5185 vos,
1200 5115 1337 5171 continue
1359 5114 1473 5172 absolve
1493 5129 1568 5182 eum,
1590 5120 1623 5172 ut
1643 5119 1747 5171 remeet
1767 5118 1803 5172 ad
1826 5130 1886 5188 nos,

188 5194 353 5246 meritarum
367 5198 406 5248 cst
420 5192 546 5264 (maloch.
565 5194 604 5267 n).
622 5198 657 5252 Et
670 5197 773 5253 iterum
788 5197 906 5255 divinus
919 5207 947 5257 et
961 5216 1013 5257 ve-
1065 5201 1193 5258 scribens
1210 5201 1295 5259 uobis
1310 5217 1359 5272 per
1373 5203 1467 5273 ipsum
1483 5205 1646 5274 adventum,
1667 5208 1760 5276 tuom,
1781 5204 1889 5275 quibus

189 5280 285 5336 ritatis
307 5282 476 5352 predicator
493 5283 656 5353 Apostolus,
678 5286 727 5356 qui
751 5286 786 5341 ab
808 5287 963 5345 Jerusalem
983 5298 1011 5348 et
1063 5292 1166 5348 diebus
1193 5292 1277 5348 habet
1299 5294 1404 5350 moveri
1425 5292 1508 5350 illinc
1534 5298 1563 5350 et
1582 5293 1726 5364 pronciscl
1753 5294 1790 5349 ad
1814 5309 1886 5352 nos:

187 5369 314 5427 circuitu
326 5385 417 5442 usque
426 5370 572 5442 lllpricum
584 5373 750 5442 predicavit
759 5376 954 5449 Evangelium,
967 5380 1009 5436 sic
1064 5381 1889 5453 porrosanctisslmumepiscopumNeapolitanumomniuo

187 5458 350 5516 mandavit:
365 5461 470 5516 Pascite
494 5477 600 5530 prepete
626 5464 735 5532 Domini
762 5479 823 5518 cum
850 5465 1008 5538 disciplina,
1063 5474 1159 5527 tenere
1183 5469 1277 5541 habet,
1303 5475 1336 5528 ut
1353 5484 1418 5529 cum
1439 5472 1502 5543 ipso
1527 5473 1664 5530 ascendat
1681 5471 1748 5529 huc.
1774 5472 1886 5531 Etenim
