3876 6090
88 274 97 289 .
126 229 181 289 715
653 234 892 291 succensuisti
915 233 1129 292 CASSINENSIS
1151 236 1307 294 blodncld

128 370 185 428 quo
200 357 209 402 ¹
226 357 330 415 reversi
354 358 423 414 dum
441 358 564 430 capuam
590 363 793 430 repeteremus,
811 360 950 416 attractis
962 359 989 419 Α
1005 359 1112 415 reddiit
1127 366 1291 434 sanaturus,
1305 362 1339 418 ad
1357 375 1439 433 quem
1454 360 1649 422 Landonollus

127 446 203 515 capti
227 446 365 518 exutique
388 462 488 507 sumus
509 451 537 503 et
561 448 764 519 exequitat123
789 448 950 519 ablatisque
1007 447 1129 504 invisere
1144 450 1270 522 veniens,
1292 450 1484 508 Landonollus
1498 453 1578 509 solus
1601 452 1663 511 urbi

126 534 245 603 equiset
258 534 361 604 spoliis
373 539 401 591 ct
410 535 686 606 ministriscunctls,
698 536 950 608 hominesargento
1008 539 1060 590 est.

126 621 263 691 redempti
280 626 365 695 sant3
378 637 468 694 equos
481 624 681 696 recollegimus
690 623 716 680 5.
734 625 789 697 Ego
801 629 895 680 nutem
910 639 952 680 sn·
1042 620 1085 677 et.
1102 623 1226 681 Cernens
1245 632 1339 683 autem
1358 628 1410 683 imc
1429 627 1589 701 litenolius,
1608 632 1637 685 et
1659 644 1663 660 ¹

127 707 172 766 lus
191 724 256 767 cum
273 717 445 782 preceptore
467 712 595 782 pedestre
614 712 753 780 remansi,
779 712 952 782 aCapuanis
1008 714 1120 781 tempus
1131 713 1243 769 adesset
1265 729 1433 787 congruum,
1457 717 1539 787 prius
1553 716 1663 775 simula*

125 799 212 855 delati
229 814 329 858 sumus
345 802 374 857 in
390 801 498 872 urbem,
514 802 580 858 inde
590 801 739 873 Neapolim
753 805 955 872 pertranscun·
1008 800 1129 870 conjuge
1141 801 1304 859 etliberise
1323 805 1341 848 ΙΙ
1357 806 1474 861 civitate
1487 806 1582 877 egredi
1598 806 1663 862 etit

124 893 167 945 tes
181 888 530 961 nicbilqueprotlcientes,
546 889 746 947 infructuosit
764 891 953 947 remeavimus
1008 887 1034 942 si
1054 886 1239 947 habitaturus
1254 890 1378 949 ttadire.
1404 893 1481 949 inter
1499 894 1553 950 ista
1571 895 1663 965 euml

124 976 376 1046 capuamnebtnc
389 979 445 1035 tria
457 979 707 1049 plaustraonerata
718 979 866 1036 victualiis
882 979 954 1035 mul·
1009 977 1129 1044 pecunia
1155 978 1318 1035 ambitiosis
1343 982 1499 1053 paciscens,
1520 982 1587 1038 dato
1611 995 1663 1039 sac·

124 1065 219 1137 tisque
234 1066 393 1136 opulentiis
409 1068 491 1138 Juxta
505 1068 672 1140 ltnglenam,
700 1081 757 1139 quo
777 1068 859 1138 prius
873 1068 950 1138 capti
1007 1065 1158 1133 promissis
1175 1067 1274 1123 multis
1290 1070 1468 1140 muneribus,
1483 1071 1663 1141 dirrumpens

124 1168 225 1210 sumus
238 1168 298 1225 nos,
310 1156 486 1226 apprehensa
502 1161 529 1212 et
544 1157 706 1227 depredata
729 1162 806 1216 sunt.
1005 1151 1073 1207 (lum
1088 1154 1163 1223 quod
1187 1169 1252 1211 cum
1280 1156 1350 1213 illus
1376 1159 1520 1215 Landonls
1539 1166 1583 1215 ter
1599 1163 1663 1228 lura

159 1240 203 1298 62.
229 1243 292 1299 iliis
307 1244 347 1299 ita
366 1244 523 1301 crudeliter
546 1246 645 1318 gestis,
671 1244 821 1303 litenollus
847 1245 951 1317 spole-
1006 1242 1118 1310 sompni
1144 1246 1256 1312 tempus
1277 1245 1440 1301 advenisset
1461 1247 1610 1303 sabbatum
1628 1261 1663 1318 po

123 1333 201 1390 cium
215 1332 228 1377 t
243 1347 371 1407 pergens,
393 1336 460 1391 dato
482 1336 574 1405 pretio
593 1336 753 1409 Suabilum,
773 1336 949 1410 gastaldeum
1007 1327 1083 1382 ssiam
1099 1328 1123 1371 ¹³
1139 1371 1145 1400 ,
1161 1328 1298 1386 bocesti.
1316 1333 1391 1388 l'dus
1406 1335 1547 1404 ianuarii,
1564 1336 1663 1392 advoca

123 1424 292 1494 Marsorum,
313 1436 377 1480 cum
398 1423 466 1479 aliis
478 1424 566 1481 sociis
581 1425 729 1498 vassisque
745 1425 756 1469 5
770 1424 889 1498 ,quasi
915 1424 949 1479 ad
1007 1415 1062 1472 bus
1079 1413 1189 1489 668665,
1208 1433 1296 1490 super
1311 1420 1386 1477 6605
1407 1423 1552 1478 66660165
1570 1422 1661 1480 illust

123 1515 264 1568 trecentos
283 1516 418 1583 armatos,
447 1526 543 1569 secum
560 1514 674 1570 adrexit
686 1532 693 1586 3
706 1528 772 1571 cum
795 1514 902 1586 quibus
922 1517 952 1568 et
1007 1504 1086 1581 (887).
1103 1508 1172 1564 Filii
1183 1514 1277 1564 autem
1296 1510 1440 1566 landonis
1456 1525 1511 1568 non
1524 1513 1651 1583 segniter

122 1600 277 1657 consilium
289 1601 367 1672 iniit,
381 1605 411 1656 ut
421 1601 611 1673 gastaldatum
624 1603 790 1673 Capuanum
801 1603 845 1659 illi
858 1601 953 1658 tirma·
1006 1602 1141 1653 naverunt
1155 1597 1291 1654 adversus
1305 1600 1470 1670 huiusmodi
1486 1615 1663 1674 conamen,s

122 1693 195 1745 rent.
211 1689 259 1745 Set
276 1689 470 1762 ingredientes
488 1691 623 1764 Capuam,
639 1706 704 1749 cum
720 1692 773 1749 boc
793 1692 951 1762 adimplere
965 1687 992 1748 B
1008 1685 1115 1742 bus‘eis
1128 1685 1175 1741 bis
1186 1687 1216 1741 in
1232 1687 1347 1757 quidem
1360 1689 1549 1760 confidebant,
1566 1704 1663 1747 concur

123 1778 330 1850 nequivissent,
354 1779 425 1835 dicti
441 1779 554 1851 Franci,
582 1782 732 1838 resistente
755 1782 950 1839 accontradi-
1006 1775 1073 1832 lide.
1098 1775 1218 1831 blaxime
1235 1790 1268 1831 ex
1289 1777 1341 1832 boc
1365 1777 1565 1851 turbabantur,
1592 1779 1663 1849 qula

122 1873 202 1924 cente
217 1869 359 1939 praecipue
373 1869 730 1941 LandonegermanoeJus,
746 1872 950 1944 quemdudum
1006 1863 1080 1934 (1606
1111 1864 1206 1919 modo
1232 1878 1296 1920 cum
1320 1865 1454 1921 omnibus
1474 1867 1619 1938 germanis
1637 1880 1663 1925 st

123 1955 184 2025 ipse
196 1969 262 2011 cum
277 1956 380 2013 ceteris
393 1954 534 2013 iratribus
549 1959 726 2030 gastaldeum
742 1959 772 2015 ln
789 1960 836 2016 bis
849 1960 937 2033 quae6
1005 1953 1117 2008 adesset
1137 1951 1273 2008 66566660·
1300 1954 1433 2010 Vident&
1447 1959 1541 2011 66666
1561 1955 1616 2027 66,
1631 1955 1663 2013 dt

121 2045 156 2099 ad
177 2058 225 2101 eos
245 2045 425 2116 pertinebant
452 2046 629 2118 instituerat,
645 2047 681 2103 ab
704 2048 801 2104 ecdem
819 2047 951 2105 litenolio
1006 2045 1069 2097 sent
1081 2040 1117 2096 ab
1132 2041 1276 2112 omnibus,
1293 2048 1441 2099 cesserunt
1462 2042 1663 2115 Atenolt0‚ett

120 2132 258 2204 absoluti,
274 2133 321 2189 via
337 2147 393 2205 qua
408 2139 543 2190 venerant
558 2135 740 2205 repedarunt.
761 2138 839 2195 Tunc
853 2138 951 2196 dictus
1006 2134 1092 2185 60666
1115 2144 1150 2185 <³1
1175 2130 1255 2200 6666,
1278 2132 1401 2188 Teanum
1425 2133 1609 2203 6666666666
1630 2134 1663 2189 66

120 2219 271 2278 dtenollus
287 2221 412 2279 consilio
431 2223 529 2279 babito
544 2238 608 2280 cum
623 2225 696 2296 suis,
716 2226 783 2283 Sadi
798 2232 949 2300 cognatum
1005 2218 1101 2274 Ρ6660
1114 2224 1142 2273 et
1155 2232 1241 2288 66668
1256 2232 1353 2276 666661
1366 2219 1544 2289 6666666668,
1560 2221 1662 2278 616666

121 2324 204 2365 suurn
220 2310 255 2366 ad
270 2310 460 2367 Athanasium
479 2312 585 2382 sapius
598 2313 707 2369 dictum
723 2314 843 2371 subdole
859 2316 948 2387 misit,
1005 2311 1116 2378 litteo
1134 2308 1168 2362 de
1183 2308 1318 2363 civitate:
1339 2310 1429 2364 delto
1448 2311 1487 2363 ire
1502 2311 1632 2373 Teanum,
1655 2326 1663 2380 t

121 2411 242 2467 poscens
255 2398 291 2454 ab
306 2413 339 2455 eo
350 2399 504 2470 auxilium,
521 2404 553 2457 ut
563 2400 748 2471 adjuvaretur
761 2402 950 2475 singulariter
1005 2397 1071 2450 sime
1079 2398 1224 2466 capiemini
1236 2399 1246 2450 !
1261 2396 1296 2453 At
1313 2397 1356 2452 illi
1373 2398 1496 2453 Teanum
1508 2399 1663 2468 appropiat

121 2483 183 2540 fleri
203 2499 298 2542 comes
321 2487 350 2542 in
365 2487 469 2556 Capua.
491 2489 548 2543 lloc
574 2495 667 2544 autem
686 2490 817 2560 audiens,
833 2493 950 2562 gavisus
1006 2485 1094 2541 silere
1109 2484 1133 2528 ¹⁶
1147 2490 1304 2555 coellertlsslt
1324 2499 1358 2541 ¹10
1374 2485 1501 2542 stiifflsst
1521 2488 1655 2543 Landone

120 2578 173 2643 est,
183 2575 371 2644 et'spopondit
380 2590 410 2631 sc
419 2577 448 2631 in
460 2577 595 2633 omnibus
604 2577 706 2635 illumi
721 2579 930 2636 auxiliaturum
941 2598 949 2651 3
1005 2573 1118 2629 astricti
1130 2592 1137 2644 i
1149 2574 1285 2629 nunciato
1299 2574 1396 2644 itaque
1408 2575 1531 2631 adventu
1545 2588 1608 2645 suo,
1620 2573 1663 2632 old

120 2674 244 2734 cumque
257 2663 311 2718 boc
325 2675 341 2719 a
357 2663 493 2733 plurimis
504 2669 533 2720 et
545 2667 668 2722 maxime
678 2671 777 2738 terque
792 2674 950 2740 quaterque
1005 2666 1074 2717 sunt
1092 2662 1229 2732 suscepti·

119 2749 247 2807 Landonl
264 2748 368 2807 luisset
388 2750 520 2826 relatum,
538 2752 588 2809 ille
601 2753 687 2810 solita
707 2756 830 2828 segnitie
843 2761 871 2829 et
887 2762 950 2813 tor·
1040 2747 1085 2804 65
1107 2747 1258 2806 66666666
1273 2751 1462 2821 gastaldatum
1479 2751 1651 2821 capuanum

120 2852 187 2910 pore
199 2838 342 2910 detentus,
354 2840 562 2912 parvipendens
573 2856 624 2912 pro
637 2842 747 2900 nichilo
758 2844 880 2901 ducebat
890 2845 950 2901 bu·
1004 2845 1048 2897 ter
1062 2837 1235 2909 suscipiens,
1247 2839 1385 2895 continuo
1395 2853 1425 2894 se
1436 2839 1568 2895 comitem
1582 2839 1663 2910 appel

116 2926 245 2996 jusmodi
262 2928 412 2986 nuncium.
1005 2940 1127 2998 moxque
1151 2926 1243 2982 tilium
1271 2941 1356 2983 suurn
1381 2927 1539 2984 Athanasio
1559 2927 1660 2985 obside

154 3010 198 3071 63.
227 3016 301 3073 Exin
316 3021 489 3076 memoratus
512 3020 608 3077 Laudo
634 3018 950 3080 tebrtstardore‘suc-
964 3023 989 3085 C
1004 3016 1081 3073 sicut
1102 3021 1279 3071 sacramento
1296 3014 1318 3058 ¹7
1335 3015 1485 3086 pollicitus
1512 3015 1614 3088 fuerit,
1639 3018 1663 3073 b:

118 3117 231 3174 census,
244 3105 369 3163 teanum
386 3106 491 3176 habiit,
506 3110 681 3167 curandusa
695 3111 811 3186 langore
826 3127 882 3184 quo
894 3113 950 3169 de-
1003 3107 1126 3174 capuam
1143 3103 1197 3160 sub
1212 3103 1402 3173 iureiurando
1418 3103 1470 3160 illo
1490 3105 1642 3161 concessit.
1657 3140 1663 3160 ι

118 3191 274 3250 tinebatur.
293 3194 444 3252 dtenollus
463 3197 607 3255 interime
627 3213 657 3255 re
671 3200 786 3271 coeptat
800 3213 851 3257 nec
866 3216 949 3274 gres-
1003 3206 1070 3250 v0t⁰
1085 3193 1207 3248 retinuit
1219 3192 1301 3247 illius
1313 3192 1449 3263 sobolem,
1462 3207 1611 3264 quousque
1625 3206 1663 3264 pa«

118 3294 241 3352 sumque
259 3296 349 3354 neque
372 3289 492 3341 mentem
509 3287 655 3362 ammovit,
673 3291 721 3347 sed
745 3295 895 3361 promptus
920 3295 949 3347 et
1002 3281 1429 3350 Guidoneducerepromissum
1443 3281 1663 3351 sustiltitldlssl

118 3366 246 3428 fervidus
260 3372 387 3429 existens
413 3375 558 3444 parturire
573 3378 646 3447 quod
669 3378 840 3449 jamdudum
864 3379 949 3435 corde
1004 3370 1061 3442 sus,
1075 3376 1249 3441 acceptoque
1270 3369 1504 3441 6666666166οι
1527 3370 1655 3428 reddidit

118 3465 296 3534 conceperat,
313 3461 349 3518 ob
365 3461 419 3520 boc
440 3466 587 3535 Neapolim
602 3467 644 3523 ire
663 3467 799 3524 anxiabat
813 3466 946 3525 festinus.
1005 3474 1100 3515 stium·
1114 3463 1142 3514 66
1156 3459 1285 3514 6660666
1299 3464 1342 3514 686
1357 3473 1411 3528 pax
1428 3459 1503 3514 illel
1518 3463 1663 3530 utillitu*

117 3549 174 3605 lloc
189 3563 256 3622 ergo
270 3563 335 3607 cum
356 3551 390 3606 ad
407 3565 492 3609 aures
508 3554 651 3611 landonis
669 3556 853 3626 pervenisset,
880 3557 948 3612 ilico
1004 3551 1032 3602 et
1049 3545 1195 3602 mensibus
1209 3546 1312 3602 tribus.
1334 3548 1470 3603 66666661
1486 3547 1663 3617 6661665666

116 3635 245 3694 bleisum
262 3643 290 3693 et
304 3637 616 3711 adelfriduncapuam
631 3642 721 3712 misit,
738 3643 890 3699 ecdicum
901 3645 949 3700 vt·
1003 3635 1077 3691 adem
1091 3633 1242 3691 attenctius
1254 3636 1380 3706 bornam,
1395 3637 1504 3706 ttaione
1519 3634 1663 3693 venerabil

118 3738 181 3780 rum
197 3738 250 3781 suo
266 3725 381 3782 bertam
397 3731 488 3797 coepto
509 3727 613 3785 itinere
627 3730 764 3802 deviaret,
780 3735 808 3786 et
823 3731 946 3801 adjecit:
1002 3720 1140 3779 nanterre
1154 3723 1287 3795 diacono,
1302 3729 1334 3780 ut
1344 3724 1516 3780 subderetur
1526 3724 1663 3793 sumnam

116 3814 173 3880 Epo
193 3817 293 3875 auten,
313 3815 398 3868 misso
424 3815 521 3870 ondita
535 3822 561 3871 et
582 3821 740 3873 comestione
762 3821 851 3890 pinita,
878 3821 948 3876 sub·
1002 3816 1133 3884 essetque
1150 3812 1195 3868 illi
1212 3814 1347 3884 proprius
1362 3812 1545 3884 famulus3et
1567 3813 1663 3885 promi

116 3915 216 3968 sequar
233 3916 289 3956 vos.
310 3900 356 3956 nln
372 3903 448 3958 enam
463 3903 603 3975 abrentes,
631 3905 722 3964 tatum
742 3908 838 3966 virum
863 3910 947 3967 rnre·
1001 3902 1158 3974 cajetanos,
1180 3915 1252 3973 quos
1268 3903 1377 3973 priten
1392 3902 1497 3958 callide
1516 3906 1639 3974 ceperat,

117 3986 228 4043 nientes
248 3987 371 4045 retinere
382 3991 590 4065 nequiverunt,
604 3998 666 4050 erat
680 3995 757 4053 enim
771 3997 834 4055 dies
848 3999 948 4056 domi·
1002 4006 1058 4064 que
1081 4005 1146 4048 eum
1181 3997 1280 4048 contra
1308 3993 1463 4048 Saracenos
1483 3992 1633 4049 66161Ιᾶ60

117 4073 211 4130 nicus.
224 4075 331 4132 Deinde
345 4078 441 4134 Laudo
456 4079 650 4154 proticiscens,
668 4096 731 4140 enm
744 4085 863 4142 minime
877 4101 946 4158 rep-
1001 4083 1069 4152 Quae
1091 4086 1187 4152 postea
1201 4086 1303 4137 cuncta
1323 4081 1442 4152 oblitus,
1463 4095 1497 4136 ex
1513 4082 1560 4137 bis
1579 4095 1644 4152 que
1662 4144 1663 4151 ,

116 4161 208 4233 perit3
228 4165 286 4234 jam
308 4166 385 4222 enim
411 4167 530 4225 abierat.
555 4169 617 4240 Quo
646 4172 720 4230 iacto
733 4174 776 4243 16,
803 4177 946 4234 sustinuit
1002 4171 1092 4227 nicbil
1112 4170 1419 4241 omninoadimttlttit·

115 4250 211 4308 lando
223 4253 366 4312 redditum
384 4257 457 4330 ejus,
474 4258 577 4330 illique
596 4262 746 4318 revertenti
759 4262 835 4320 dixit
851 4266 945 4321 lando
1036 4259 1080 4316 66.
1103 4260 1152 4315 llis
1172 4273 1285 4330 quoque
1307 4259 1410 4316 diebus
1432 4261 1658 4331 Tbeopbilaetus

114 4344 144 4398 et
158 4342 252 4398 caeteri
272 4342 391 4401 iratres:
409 4347 481 4413 Quid
496 4350 575 4416 eqo'sti
596 4350 671 4413 illoc,
687 4366 740 4419 qoo
750 4353 820 4407 isti?
832 4353 945 4423 Quibus
959 4377 987 4439 D
1002 4350 1065 4406 Bari
1080 4350 1203 4405 Teanum
1222 4348 1366 4404 nostiliter
1380 4349 1495 4405 advenit
1511 4351 1616 4407 biemis
1630 4356 1663 4408 ter

116 4429 166 4488 ille
184 4433 333 4503 respondit
349 4435 434 4491 verba
459 4435 533 4492 bona
551 4436 692 4509 verbaque
711 4441 902 4498 consolatoria
917 4446 945 4499 ct
1002 4453 1119 4496 racenos
1136 4444 1279 4508 temptans
1299 4439 1488 4511 impugnare;
1505 4440 1655 4512 nichilque

113 4519 333 4591 deceptionibus
346 4523 438 4594 plena.
449 4524 513 4579 iliis
524 4525 635 4581 auditis
645 4532 672 4583 et
683 4527 805 4585 nimium
821 4531 943 4604 creduli,
1001 4529 1200 4586 intructuosus
1215 4527 1373 4601 abscessit,
1389 4529 1546 4601 abiensque
1567 4532 1663 4601 neapo

114 4608 318 4678 acquieverunt
332 4611 480 4667 credentes
494 4612 530 4667 ei.
546 4613 668 4670 Proinde
685 4616 781 4673 Lando
792 4617 943 4677 advertens
1000 4632 1068 4675 num
1084 4617 1245 4690 gastaldum
1267 4619 1353 4674 castri
1369 4616 1391 4662 ¹8
1406 4623 1511 4674 sanctae
1524 4617 1663 4692 ngatbet

113 4693 271 4754 fraternum
288 4699 397 4771 dolum,
421 4705 464 4755 set
477 4714 596 4772 sompno
605 4703 718 4774 sopitus
732 4710 760 4763 et
776 4706 944 4781 iueglegen-
1000 4708 1102 4765 bellem
1111 4704 1275 4778 percepit2⁰
1286 4709 1470 4778 ‚etdpuliam
1481 4709 1595 4765 rediens
1603 4722 1661 4767 non

113 4783 158 4840 cia
170 4782 332 4857 depressus,
354 4800 410 4843 non
426 4787 592 4863 intelligens
612 4793 772 4866 telumque
791 4796 965 4871 jaculabas
1000 4797 1127 4854 ultiones
1148 4797 1275 4868 ejusdem
1291 4797 1392 4867 Ajonts
1402 4797 1431 4852 vi
1447 4797 1648 4868 apprehendit.

114 4872 274 4930 lundense
292 4874 717 4949 transigereturtlbraeiccoris
734 4884 942 4957 elaqueanda
1001 4886 1083 4943 sione
1103 4890 1228 4959 accepta,
1247 4885 1321 4942 idem
1333 4885 1386 4956 Ajo
1408 4886 1546 4942 adversus
1566 4899 1663 4959 augus

797 5034 913 5094 VARIAE
933 5034 1129 5094 LECTIONES.

148 5148 158 5195 ¹
174 5148 411 5237 Hercbempertus
425 5171 490 5213 cum
502 5157 572 5216 aliis
584 5164 691 5230 septem
707 5160 849 5219 iratribus
862 5177 879 5219 a
893 5164 986 5221 Teano
1000 5163 1124 5234 carinam
1146 5165 1266 5222 tendens
1278 5164 1360 5236 iuxta
1384 5162 1541 5237 ltnglenam
1567 5177 1663 5226 omnes

113 5228 269 5297 exequitati
292 5230 319 5280 et
333 5229 470 5298 expoliati
489 5231 597 5299 pariter
614 5237 683 5287 sunt
704 5231 729 5288 l.
769 5233 1008 5357 2exequietatil.
1048 5236 1274 5293 tlrrtrutuosic.
1319 5237 1521 5306 tspolencium
1547 5253 1569 5290 c.
1610 5239 1663 5296 ibt

111 5293 243 5367 ibisque
265 5311 288 5349 c.
346 5299 418 5355 villi
441 5297 467 5353 3.
524 5300 693 5370 8lrebisc.,
750 5306 791 5359 ito
809 5310 835 5359 et
863 5307 933 5359 nodie
953 5309 1102 5376 neapolites
1127 5307 1153 5362 la
1173 5305 1270 5369 lrellbe
1289 5309 1394 5375 (licent,
1451 5311 1574 5380 tarenta
1600 5326 1623 5365 c.

116 5367 137 5413 ¹¹
154 5375 216 5424 etc.
259 5365 486 5426 ttbabttaruso.
525 5371 958 5446 tisabbatopreepypbaniad.
1001 5377 1214 5435 ttsolaltbusc.
1255 5379 1525 5450 caproprtautesc.
1568 5377 1663 5439 ¹6exit

114 5441 370 5571 {ffiaerffrrqnffgztg
384 5439 590 5584 cpraelcssesspagsffis
605 5459 628 5497 ⁶·
668 5444 734 5500 1966
757 5449 883 5516 margine
906 5465 992 5504 monac
1008 5452 1126 5506 recenti.-
1146 5456 1271 5507 castrum
1290 5451 1386 5507 nobile
1406 5456 1449 5508 est
1464 5452 1663 5524 incapitinata

216 5553 223 5567 .
371 5554 379 5584 ,
558 5554 563 5567 ,
