3876 6090
110 204 159 264 &ii
608 208 756 266 iaoanosl
776 210 871 265 444)Ᾰί
890 209 1062 265 aristote
1081 211 1123 265 ET
1142 209 1307 265 DECRETA.
1766 201 1820 263 832

113 335 258 392 nationem
282 336 713 410 septemepisooporum,quam
740 336 1049 407 relertposteaAtola
1075 336 1173 391 charta
1215 334 1428 402 commentitia,
1456 347 1520 389 cum
1554 332 1677 387 hsserns
1704 328 1820 399 primus

114 405 215 462 iactam
229 420 299 476 esse,
318 414 466 478 postquam
480 415 538 463 4444
557 411 604 463 itio
624 412 734 464 coneilio
746 410 936 479 l’iegmundus
990 408 1190 463 schireburniae
1201 407 1363 477 episcopus,
1386 407 1442 460 imo
1466 410 1493 460 et
1512 403 1656 475 sigelmus
1668 414 1819 456 successor

117 479 201 534 iloma
225 479 322 546 rediit,
347 485 375 533 44
397 480 514 541 rediens,
542 481 593 547 ait,
621 483 658 534 hd
687 482 851 550 4444444444
872 479 936 532 arbe
991 480 1249 548 ejuseoannojam
1271 476 1503 533 mortuiiuerint
1529 482 1556 529 et
1575 473 1820 529 hsserusllsuc-

114 550 281 604 Doroherniu
297 555 396 619 4444444
414 553 549 621 episcopos
571 558 670 620 septem
688 552 815 605 Ecclesiis
832 554 861 603 in
883 565 936 602 4444
992 550 1110 606 cesserit
1126 551 1275 605 werstano
1288 562 1363 603 anno
1376 553 1487 603 tarnum
1501 517 1698 615 90444444444
1712 543 1821 624 schire-

114 621 314 674 dieordineoit.
324 621 404 677 Certe
414 623 688 690 ilalmesburiensis,
700 639 707 677 4
720 635 782 677 444
792 621 936 690 sequitur,
992 621 1130 677 burnensi
1142 621 1229 675 dicto.
1245 620 1355 675 iaudat
1367 620 1452 674 etiam
1464 618 1622 672 wartonus
1635 617 1818 671 donationem

114 691 694 750 44444444444444444444444444444444.
743 692 936 763 icoritigisse,
993 693 1069 762 regis
1085 691 1210 748 Eduardi
1226 692 1317 746 eidem
1347 690 1518 745 monasterio
1539 687 1642 742 iactam
1665 682 1817 753 44444904,

115 762 267 833 9444490ῑί
284 768 368 832 natet.
992 763 1040 819 cui
1064 764 1140 818 inter
1165 763 1238 818 alios
1257 761 1445 818 subscribunt
1469 758 1591 814 Deneuil
1611 758 1769 828 episcopus
1793 761 1820 810 et

149 834 317 905 wartonus,
331 840 385 889 tam
403 833 465 890 loco
478 834 567 892 citato
580 850 664 907 quam
679 850 741 907 pag.
757 833 810 890 909
824 839 852 890 44
865 848 936 903 seq,
992 836 1077 890 lissor
1091 834 1253 904 episcopus.
1275 833 1342 888 Eam
1367 833 1505 914 integram
1532 829 1619 885 relert
1632 827 1774 911 hilardus
1784 840 1817 909 eo

113 903 156 959 ait
175 904 366 976 scarbitrarl,
384 908 547 962 neusciam
572 905 936 975 i'ormosiepistoiam,sed
993 920 1067 960 4444
1083 905 1191 960 numb'
1217 911 1243 960 et
1263 918 1321 974 seq.
1349 909 1467 958 4444444
1497 901 1658 971 respondet,
1689 904 1819 968 imperite

114 980 143 1030 ot
158 975 296 1047 integram
312 978 347 1032 dc
361 978 574 1033 consecratione
587 985 692 1047 septem
708 976 906 1046 episcoporum
922 988 938 1030 a
993 977 1145 1032 admodum
1160 977 1228 1046 llngi
1244 975 1441 1045 lieneulphum
1458 973 1676 1028 vintoniensem
1694 970 1820 1051 444444·

115 1046 288 1117 Plegmondo
305 1045 378 1102 lacta
404 1053 431 1102 ct
445 1049 480 1104 44
491 1049 649 1118 septennali
665 1049 812 1103 vocatione
824 1047 939 1116 episco-‘
994 1062 1057 1103 rum
1068 1047 1339 1102 schireburnensem
1355 1046 1462 1114 (hujus
1486 1044 1598 1098 scilicet
1620 1042 1753 1097 nominis
1768 1055 1820 1109 pn·

100 1121 244 1188 paruum,
261 1131 345 1188 quam
366 1089 630 1175 iialmesburiensis
650 1126 678 1174 et
693 1119 852 1189 Florilegus
871 1130 941 1172 nar·
994 1133 1082 1189 mum,
1113 1132 1196 1244 <luem
1223 1118 1315 1173 solum
1342 1115 1488 1188 agnoscit)
1504 1113 1676 1184 superstites
1703 1124 1774 1183 esse,
1794 1115 1819 1166 et

116 1194 190 1258 rant,
222 1188 372 1244 historiam
399 1191 624 1246 commentitiam
649 1204 720 1246 esse.
751 1191 853 1245 verum
884 1200 940 1243 non
994 1187 1124 1245 444490
1150 1189 1366 1258 subscripsisse.
1575 1255 1585 1263 ,
1690 1254 1696 1266 ,

116 1264 227 1316 mnium
237 1259 501 1317 malmesburiensis
513 1269 542 1318 et
553 1262 776 1333 wigorniensis,
790 1260 837 1315 sed
853 1259 939 1315 etiam
1030 1261 1081 1316 Sed
1099 1275 1154 1317 non
1167 1260 1260 1316 solum
1281 1258 1515 1314 schireburniam
1533 1263 1560 1317 et
1580 1257 1747 1311 vintoniam
1760 1260 1821 1308 ante

113 1330 283 1400 ingulphus,
312 1332 466 1388 Gervasius
495 1334 728 1402 Dorobernensis,
757 1332 941 1387 westmona-
996 1346 1040 1387 an.
1059 1328 1111 1387 904
1128 1332 1291 1402 pastoribus
1309 1331 1441 1386 viduatas
1468 1328 1557 1384 luisse
1576 1333 1710 1383 constat:
1727 1338 1820 1380 rerum

115 1402 697 1474 stertensis,etpotioreshngliaehistorici
708 1418 767 1459 eam
778 1400 939 1471 relerunut3
995 1405 1081 1459 etiam
1092 1403 1293 1472 Dorcestriam,
1304 1402 1351 1457 cui
1365 1415 1397 1456 eo
1408 1399 1658 1468 annolienuiphus
1670 1397 1820 1485 episcopus

117 1486 208 1543 neque
223 1474 328 1529 mirum
353 1474 377 1528 si
394 1474 423 1529 in
438 1474 536 1544 aliqua
549 1475 767 1530 circumstantia
784 1473 938 1544 peccarint,
996 1473 1214 1544 praeiet-,tuscan
1228 1475 1388 1542 inutraque
1404 1469 1820 1539 enirnchronologiasaxomm

116 1557 181 1598 cum
193 1545 296 1599 hoceis
306 1557 361 1599 rron
373 1544 465 1600 solum
480 1546 532 1600 hoc
544 1546 571 1601 in
583 1546 676 1615 eapite
688 1552 716 1600 et
726 1545 849 1600 diversis
859 1543 938 1614 aliis,
995 1559 1069 1601 anno
1081 1543 1133 1600 894
1144 1546 1253 1600 dicitur
1272 1543 1443 1599 Ealhardum
1457 1543 1622 1611 episcopum
1636 1543 1821 1596 0444444444-

116 1614 164 1669 sed
176 1615 637 1673 etiamoculatissimishistoricis
648 1630 702 1673 non
716 1630 779 1671 raro
790 1614 936 1670 acciderit.
954 1653 981 1713 B
996 1631 1053 1672 sem
1070 1617 1193 1684 obiisse,
1210 1629 1299 1685 aquare
1312 1614 1478 1683 0444444444
1489 1628 1538 1669 444
1555 1611 1729 1689 4444444444
1749 1622 1820 1691 non-

115 1686 465 1755 Primumsuppositionis
479 1696 679 1759 argumentum
692 1689 737 1744 vir
756 1687 939 1757 pereruditus
997 1688 1054 1743 nisi
1085 1695 1148 1756 post
1173 1686 1363 1756 septennalem
1393 1686 1568 1740 vacationem
1592 1683 1627 1738 ad
1654 1685 1821 1736 4444444444

116 1755 233 1813 deducit
247 1756 282 1812 ab
307 1758 411 1813 hssero
433 1757 668 1815 schirebornensi
693 1760 838 1829 episeopo,
855 1770 938 1827 (quern
997 1759 1182 1830 presulatum
1207 1764 1320 1812 evectus
1332 1755 1399 1812 luit.
1416 1757 1511 1811 Restat
1527 1760 1630 1826 quarta
1652 1753 1746 1835 sedes,
1764 1765 1821 1833 qua

115 1826 189 1883 dicit
202 1827 237 1882 ab
264 1827 389 1884 AEilredo
408 1843 472 1884 rere
490 1830 939 1900 episcopumschireburnensem
995 1837 1061 1886 ante
1076 1830 1232 1885 concilium
1250 1829 1326 1885 istud
1340 1831 1748 1897 porannossepteruracavn,
1762 1823 1822 1877 4444

117 1899 324 1969 renuntiatum,
349 1913 423 1956 anno
434 1873 487 1956 903
506 1901 600 1957 adhuc
615 1903 733 1972 sedisse,
747 1901 870 1955 4444444
880 1913 939 1969 444
996 1903 1138 1958 enimtres
1146 1915 1179 1955 ex
1193 1900 1371 1955 vintoniensi
1381 1906 1408 1954 44
1416 1913 1448 1953 ex
1456 1896 1697 1953 schireburnensi
1709 1894 1819 1950 evulsa.

117 1970 235 2026 duxisse
250 1984 340 2041 usque
358 1971 392 2026 ad
409 1985 454 2027 44.
471 1970 533 2027 949.
550 1972 601 2028 Sed
617 1986 651 2027 ex
673 1973 710 2028 iis
721 1986 784 2043 quaa
799 1985 873 2027 anno
888 1967 941 2024 ast
996 1971 1276 2041 Eaestseolsiensls,
1290 1971 1375 2041 vulgo
1390 1971 1491 2038 844444,
1505 1970 1554 2039 qui
1574 1968 1657 2023 locus
1673 1965 1823 2036 peninsula

119 2041 148 2097 in
170 2042 293 2099 medium
320 2042 517 2099 attulimusac
535 2057 569 2099 ex
592 2057 655 2099 mox
676 2044 807 2099 dicendis
830 2047 942 2097 constat
998 2048 1150 2115 tuncerat,
1166 2057 1240 2099 4444
1262 2043 1382 2097 4444444
1398 2041 1535 2097 liuctibus
1559 2040 1674 2107 hausta,
1688 2038 1824 2106 sedesque

117 2113 942 2187 444444444444,44444444444444444444444448444·
997 2116 1050 2172 sub
1077 2129 1122 2170 an.
1156 2111 1223 2170 i0i0
1257 2113 1422 2168 Cicestriam
1461 2111 1608 2167 translata.
1643 2108 1821 2164 hustraiiun

118 2185 490 2242 reburnensisconstitutus
499 2191 551 2243 cst.
563 2187 670 2243 obiisse
680 2185 814 2242 4444884
823 2192 851 2240 44
860 2185 941 2254 44444
996 2189 1148 2254 Saxonum,
1174 2185 1249 2255 apud
1271 2199 1343 2311 43444
1357 2184 1468 2254 selseya
1491 2183 1593 2253 posita,
1618 2182 1825 2251 Bernegusseu

117 2257 262 2312 diversum
273 2255 515 2312 luisseabhssero
527 2258 693 2328 vitathujus
704 2258 780 2330 regis
790 2257 940 2326 scriptore,
997 2260 1157 2314 Beornocus
1169 2270 1244 2311 anno
1258 2254 1276 2309 o
1296 2253 1311 2309 4
1329 2256 1482 2325 episcopus
1496 2254 1666 2323 designatus
1678 2271 1685 2319 ς
1699 2251 1750 2305 sed
1762 2263 1824 2305 cum

119 2341 203 2398 quam
229 2327 381 2383 Eduardus
407 2342 456 2383 rex
488 2330 654 2398 episcopum
668 2329 941 2385 schireburnensem
996 2329 1229 2398 seolseiensium,
1256 2341 1316 2396 seu,
1340 2326 1637 2395 utnuncioquiruur,
1659 2323 1824 2378 Cicestren-

118 2399 195 2454 dixit
209 2405 272 2467 post
285 2398 441 2453 werstani.
455 2402 504 2468 qui
520 2413 595 2455 anno
610 2406 721 2455 tantum
736 2396 943 2468 90444444444-
997 2403 1073 2457 siam
1094 2401 1294 2469 episcoporum
1317 2413 1366 2467 per
1388 2398 1446 2452 haec
1474 2404 1599 2465 tempora
1625 2393 1824 2475 successlo'in

121 2476 180 2524 tum
196 2469 278 2524 illum
294 2469 415 2539 adeptus
427 2477 479 2540 est,
505 2477 633 2533 mortem,
651 2472 772 2541 ideoque
783 2476 839 2525 tarn
856 2470 944 2523 wer-
997 2472 1119 2529 obscuro
1134 2473 1183 2539 sit,
1199 2485 1233 2525 ea
1248 2475 1383 2541 tempore,
1397 2483 1454 2538 quo
1482 2468 1546 2522 alia
1571 2474 1628 2522 tres
1658 2465 1743 2520 sedes
1767 2477 1827 2518 stne

120 2546 233 2595 stanam
250 2552 333 2608 quam
349 2539 483 2596 4444444
499 2541 523 2596 44
542 2541 620 2597 brevi
636 2548 762 2611 tempore
786 2539 941 2596 Ecclesiam
997 2544 1141 2614 episcopis
1167 2542 1255 2611 luere,
1273 2541 1356 2596 facile
1382 2547 1424 2596 est
1445 2539 1607 2609 intelligere
1619 2535 1824 2592 seolseiensem

122 2610 200 2666 iliam
224 2609 340 2665 rexisse.
355 2611 567 2667 Contirmantur
590 2613 648 2667 haec
660 2626 694 2668 ex
715 2612 943 2667 ivestmonaste-
997 2621 1063 2670 ante
1075 2626 1181 2668 annum
1194 2610 1247 2668 904
1260 2614 1322 2667 4444
1333 2612 1466 2681 episcopo
1480 2611 1564 2664 etiam
1579 2608 1682 2676 luisse,
1703 2608 1825 2676 ideoque

119 2680 209 2737 riensi
225 2681 338 2736 44444.
361 2680 424 2752 4499,
439 2682 488 2738 uhi
509 2683 629 2752 loquens
650 2685 685 2739 de
700 2683 873 2738 Ethelnaido
887 2685 944 2737 lls-
998 2693 1026 2741 et
1040 2685 1195 2741 concilium
1219 2685 1271 2739 hoc
1303 2684 1492 2754 anglicanum
1514 2676 1550 2735 ab
1569 2693 1602 2735 co
1625 2678 1737 2734 Christi
1752 2689 1826 2732 anno

119 2752 177 2808 scri
194 2754 245 2807 let
262 2751 401 2823 Sighelmi
419 2766 583 2809 successore
597 2755 656 2809 ait:
680 2755 778 2808 Eodem
799 2769 871 2808 4444
893 2754 945 2807 de-
999 2756 1137 2812 removeri
1151 2768 1206 2811 non
1230 2768 1320 2825 posse.
1343 2725 1577 2809 inimadrertens
1591 2751 1754 2806 wartonus
1766 2756 1827 2803 tra-

120 2826 214 2892 nmeto
234 2822 404 2877 Ethelwoido
423 2823 648 2879 schireburnensi
663 2828 794 2895 episeopo,
814 2826 944 2879 remeasti
997 2828 1137 2883 ditionem
1151 2826 1325 2896 septennalis
1340 2825 1498 2880 vacationis
1515 2823 1737 2893 episcopatuum
1754 2833 1828 2890 pra-

117 2895 261 2966 prooimcio
283 2892 495 2949 Occidentalium
518 2896 658 2950 Scaeuam
683 2899 742 2950 sine
770 2898 900 2967 episcopis
919 2899 944 2948 et
999 2897 1122 2954 latorum
1147 2897 1344 2952 aithlstoricis
1357 2896 1485 2967 hugiicis
1498 2901 1665 2950 constanter
1677 2890 1825 2953 4444444444,

121 2981 188 3019 cure
206 2966 350 3036 postorali,
372 2968 400 3019 ui
425 2967 593 3030 hostilitatis,
617 2973 716 3038 septem
735 2970 827 3038 anais,
857 2967 981 3053 Danisc
997 2970 1145 3027 concludit
1170 2983 1199 3024 se
1219 2969 1245 3024 ei
1271 2969 1353 3024 lldctn
1379 2973 1471 3022 tamen
1496 2966 1634 3035 abrogare
1661 2963 1749 3030 nolle,
1778 2962 1823 3017 sod

121 3042 179 3091 tam
191 3036 263 3090 mari
275 3048 359 3106 quam
370 3042 445 3092 terra
459 3039 635 3106 provinciam
649 3039 727 3095 iliam
738 3039 940 3094 amirantibus.
998 3048 1104 3111 septem
1120 3041 1236 3095 iliorum
1247 3040 1447 3108 episcoporum
1458 3037 1670 3093 ordinationem
1684 3047 1744 3091 uno
1755 3033 1825 3089 dica

120 3109 221 3178 illagno
240 3120 306 3178 ergo
328 3121 424 3164 errore
436 3108 493 3164 duo
507 3109 603 3166 hsseri
626 3111 753 3182 episcopi
770 3112 803 3165 Sc
828 3110 944 3165 irehur-
998 3112 1170 3183 l‘legmundo
1183 3110 1284 3166 iactam
1304 3111 1338 3165 ad
1354 3123 1400 3164 an.
1426 3107 1488 3176 909,
1512 3109 1555 3164 444
1567 3109 1625 3177 jam
1654 3105 1767 3172 monui,
1782 3117 1828 3160 rc·

122 3191 222 3234 nenses
242 3178 272 3233 iu
290 3192 377 3234 unum
391 3179 506 3235 conhati
521 3195 537 3235 a
552 3182 701 3251 wartona,
717 3180 851 3252 aliisque.
995 3185 1075 3254 jecit.
1092 3183 1128 3237 44
1139 3182 1191 3238 hoc
1209 3189 1289 3250 pacto
1303 3181 1422 3250 ipsemet
1443 3180 1546 3235 evertit
1561 3179 1636 3248 quod
1652 3177 1712 3248 jam
1728 3182 1825 3254 astru-

157 3249 206 3304 nit
224 3249 349 3306 secundo
374 3251 532 3308 wartonus
559 3253 755 3324 Deneulphum
775 3253 942 3322 episcopum
997 3260 1087 3323 xerat,
1099 3267 1164 3309 cum
1177 3260 1258 3308 44444
1274 3253 1431 3308 4444444444
1443 3251 1641 3318 Deneulphum
1658 3247 1826 3328 vintonien-

122 3321 469 3378 vintoniensemcreatum
478 3324 561 3393 justa
572 3325 686 3395 aliquos
698 3323 944 3380 rerumBritanni·
998 3341 1066 3395 sem,
1081 3330 1109 3380 et
1123 3325 1256 3380 lisseium
1274 3321 1563 3390 schireburnensem(
1574 3321 1701 3389 primum
1712 3318 1823 3374 scilicet

120 3405 219 3449 carum
235 3392 389 3448 historicos
403 3407 448 3449 an.
469 3390 523 3450 849
549 3403 577 3450 44
591 3397 649 3453 vita
668 3396 797 3451 iunctum
812 3409 858 3450 an.
870 3392 941 3461 909;
1000 3398 1087 3466 huius
1103 3396 1238 3466 nominis,
1261 3409 1344 3465 quem
1360 3395 1463 3463 solum,
1480 3394 1521 3449 uti
1538 3391 1686 3461 hilardus,
1704 3390 1823 3459 aliique,

121 3464 244 3534 indeque
258 3461 345 3519 inlert
367 3471 433 3520 ante
446 3479 492 3521 an.
518 3436 571 3522 904
585 3468 629 3523 rel
657 3466 711 3522 llll-i
725 3469 818 3522 sedem
840 3467 945 3521 vinto-
997 3467 1143 3540 agnoscit}
1159 3468 1297 3537 usquead
1314 3480 1379 3521 ann.
1394 3464 1447 3520 909
1466 3463 1638 3533 superstites
1655 3460 1759 3530 luisse,
1773 3472 1825 3531 quo

122 3535 249 3590 niensem
273 3548 322 3604 per
341 3548 432 3591 annos
457 3543 563 3607 septem
591 3552 646 3594 non
671 3552 794 3606 vacasse,
823 3537 943 3606 ideoque
997 3553 1064 3594 casu
1081 3539 1161 3593 sedes
1182 3538 1378 3593 vintoniensis
1392 3542 1421 3592 et
1432 3533 1690 3591 schireburnensis
1707 3540 1826 3588 antean·

122 3605 278 3661 concilium
291 3606 944 3679 auglteanum,dequoagirur,reicommen-
999 3624 1065 3667 num
1087 3607 1140 3664 909
1165 3623 1213 3678 444
1236 3609 1417 3678 septennium
1442 3620 1497 3662 non
1525 3611 1683 3661 vacassent.
1713 3605 1822 3659 Certum

123 3677 232 3747 titium,
249 3676 291 3731 vel
304 3676 362 3731 4444
385 3691 460 3733 4444
474 3685 676 3749 congregatum
693 3693 762 3734 esse.
778 3677 943 3748 Respondeo
999 3682 1096 3751 itaque
1112 3693 1224 3735 manere
1242 3680 1327 3735 debet
1342 3678 1547 3749 l’legmundum
1563 3678 1593 3731 in
1613 3675 1743 3731 concilio
1754 3686 1824 3729 anuo

124 3747 220 3817 negari
230 3759 284 3801 non
293 3748 451 3817 possequin
462 3749 621 3818 Deneuiphi
632 3751 759 3819 episcopi
772 3750 944 3804 vintonien-
998 3749 1051 3807 904
1065 3751 1206 3808 celebrato
1217 3758 1322 3821 septem
1337 3763 1393 3806 uno
1406 3751 1453 3805 die
1466 3750 1616 3818 episcopos
1626 3746 1822 3810 constituisse,

124 3819 165 3874 sis
180 3816 277 3872 obitus
287 3817 317 3871 in
329 3820 643 3892 utraqoechronoiogia
653 3822 865 3876 saxonicarum
876 3833 941 3875 ann.
1000 3828 1149 3894 postquam
1163 3829 1267 3892 septem
1286 3827 1352 3877 4444
1363 3835 1454 3876 44444
1464 3821 1494 3875 44
1509 3833 1596 3890 regno
1606 3819 1824 3874 westsaxonum

123 3886 181 3969 soll·
206 3892 401 3959 connectatur,
435 3891 483 3946 sed
517 3890 583 3946 inde
615 3898 726 3947 tantum
756 3906 944 3974 consequens,
1001 3895 1073 3951 nulii
1088 3894 1215 3964 episcopi
1236 3893 1367 3950 luissent.

123 3964 428 4027 utriusqueauctorem
438 3962 467 4016 in
476 3975 509 4017 eo
519 3962 713 4034 consignando
726 3977 845 4034 errasse,
856 3963 944 4019 sicuti
1036 3968 1131 4035 Neque
1140 3966 1265 4036 aliquem
1283 3979 1392 4021 morere
1409 3963 1502 4030 dehet,
1515 3962 1591 4033 quod
1604 3961 1647 4016 ait
1659 3960 1823 4025 wartonus,

123 4034 151 4084 et
166 4028 280 4099 quando
290 4029 464 4088 Frithestani
476 4033 538 4101 ejus
548 4034 724 4090 successoris
735 4035 945 4092 ordinationem
1001 4050 1107 4092 annum
1134 4050 1234 4106 nempe
1248 4034 1301 4092 906
1324 4049 1460 4091 novorum
1476 4035 1696 4103 episcopatuum
1722 4029 1825 4086 44444-

125 4101 154 4156 44
167 4112 213 4154 44.
229 4096 283 4156 949
297 4101 456 4158 cont'erunt.
473 4105 613 4161 Errarunt
625 4106 721 4177 itaque
738 4107 947 4177 uterquechro-
1002 4109 1075 4164 ttoni
1087 4112 1114 4162 et
1130 4108 1331 4177 parochiarum
1345 4105 1547 4162 distributioni
1565 4104 1662 4159 minus
1677 4102 1771 4158 luisse
1788 4112 1826 4154 ao

123 4171 244 4243 nologus
257 4177 313 4228 tam
328 4173 356 4228 in
369 4188 443 4231 anno
457 4177 610 4234 emortuali
626 4180 796 4248 Deuouiphi,
819 4190 903 4247 quam
917 4176 946 4230 in
1001 4179 1191 4248 commodum,
1209 4179 1283 4247 quod
1310 4180 1382 4232 Dani
1405 4175 1641 4233 Nerthumhriam
1654 4181 1683 4229 44
1708 4175 1827 4253 444444-

124 4255 200 4299 auno
210 4246 434 4302 consecrationis
453 4249 479 4303 S.
496 4248 687 4319 Frithestani3
707 4263 772 4305 cum
792 4248 947 4317 scriptores
1003 4250 1089 4322 gliara
1113 4256 1180 4305 tunc
1208 4249 1385 4319 insederint,
1412 4248 1509 4303 hiereli
1536 4247 1571 4301 ad
1599 4245 1728 4301 44444444
1755 4256 1828 4314 regis

126 4320 247 4386 utroque
259 4316 310 4371 illo
324 4318 497 4391 chronologo
510 4320 593 4392 longe
608 4321 787 4389 vetustiores,
808 4324 837 4374 et
857 4317 947 4374 multo
961 4339 987 4400 D
1003 4326 1104 4376 nutum
1120 4320 1214 4376 adhuc
1236 4335 1292 4377 non
1314 4320 1488 4390 spectarint,
1511 4324 1650 4387 utrosque
1680 4315 1829 4371 94444444

126 4386 222 4457 plures
241 4401 273 4443 44
288 4388 414 4458 44444444
430 4390 511 4447 44444
528 4389 643 4462 iaciant,
657 4391 879 4460 Fritbestanum,
894 4389 947 4444 ele
1003 4391 1203 4461 trequentihus
1223 4393 1332 4462 praeliis
1347 4392 1399 4447 ilio
1421 4391 1483 4461 ipso
1498 4402 1573 4445 anuo
1588 4386 1761 4456 debellarit,
1783 4397 1829 4440 se-

125 4464 203 4515 ctum
218 4459 308 4517 luisse
318 4461 484 4533 episcopum
500 4462 713 4518 vintoniensem
727 4476 793 4518 cum
809 4475 857 4517 sex
878 4461 947 4517 aliis
1004 4463 1160 4534 quentibus
1170 4477 1238 4533 pace
1253 4462 1327 4519 lacta
1339 4464 1368 4518 in
1382 4462 1521 4518 ditionem
1537 4459 1692 4529 acceperit.
1719 4458 1830 4513 Eduar-

125 4531 269 4602 episcopis
289 4532 323 4588 ad
348 4534 421 4590 alias
441 4534 583 4590 Ecclesias
606 4533 745 4603 promotis
765 4551 772 4602 3
798 4539 948 4604 postquam

127 4614 175 4669 per
183 4604 363 4673 septennium
374 4604 501 4660 Ecclesia
519 4605 842 4675 vintoniensisaliaeque
857 4618 950 4660 vacas-

126 4678 200 4727 58444.

161 4743 210 4797 444
224 4745 310 4800 tertio
322 4747 479 4803 wartonus
491 4748 586 4804 sedem
602 4749 816 4806 vintoniensem
838 4747 948 4818 plenam

126 4809 303 4871 luisseanno
323 4816 375 4873 990
387 4823 414 4874 44
428 4833 520 4890 seqq,
542 4827 571 4876 et
584 4821 780 4890 iteneuiphum
799 4820 884 4876 rebus
915 4833 949 4874 e-

127 4885 224 4968 444444
238 4892 297 4944 4444
318 4889 368 4946 4444
383 4892 532 4962 444444444
554 4892 730 4959 interfuisse,
757 4893 832 4962 quod
849 4835 949 4961 paim

126 4956 282 5041 chartrseo
293 4965 419 5034 tempore
434 4963 511 5019 datis
526 4978 577 5033 pro
590 4978 662 5020 noro
676 4964 848 5020 monasterio
876 4963 948 5017 vin-

126 5032 261 5096 toniensi,
276 5038 304 5085 et
320 5034 348 5088 in
366 5035 486 5106 registro
497 5035 623 5103 llidensi,
639 5043 671 5091 ut
683 5043 793 5101 444444,
806 5035 945 5090 recitatis

128 5100 195 5157 lllas
208 5112 264 5155 non
277 5103 394 5160 exhibet
409 5108 574 5176 wartonus,
586 5107 633 5162 sed
645 5113 759 5162 exstant
769 5105 843 5175 apud
855 5104 947 5160 44444-

127 5172 206 5240 444,
243 5172 272 5226 ui
286 5187 352 5228 ann.
366 5173 428 5247 904,
446 5190 472 5231 4.
488 5172 499 5230 4
513 5184 541 5232 44
555 5191 645 5248 seqq,
663 5177 749 5233 refert
763 5177 945 5233 donationem

126 5185 252 5326 Eduarii
262 5244 337 5316 regis
348 5245 449 5302 laetam
463 5261 537 5303 4444
551 5249 722 5303 4444444444
736 5248 886 5317 Vintonia,
898 5247 946 5303 cui

129 5317 203 5373 inter
214 5314 289 5370 ahos
301 5317 645 5387 episcopossuhscrihunt
659 5319 744 5374 ,44444
755 5320 907 5389 episcopus
919 5324 948 5373 et

126 5383 414 5458 Deneuilepiscopus.
424 5390 475 5445 sed
487 5395 560 5445 recte
570 5391 719 5459 respondet
728 5389 871 5458 hit'ordus,
881 5404 947 5445 cum

126 5460 220 5516 omnis
236 5459 434 5517 westsaxonia
449 5462 582 5531 episcopo
592 5462 727 5529 caruerit,
740 5475 754 5514 e
767 5461 946 5516 subscriben-

127 5532 201 5587 tium
217 5530 564 5660 hooannoepiscossorum
579 5534 653 5587 serie
663 5532 871 5588 oblitterandos
886 5546 948 5588 esse

126 5605 262 5660 44444444
282 5609 311 5660 44
332 5603 459 5676 Deneulp
482 5616 540 5661 uu.
565 5604 662 5676 Neque
686 5602 814 5661 dubitari
843 5609 945 5675 potest,

1002 4536 1058 4591 dus
1075 4535 1161 4605 enim,
1180 4535 1229 4604 qui
1257 4549 1354 4591 omnes
1375 4534 1441 4589 illas
1459 4532 1586 4589 ditiones
1599 4530 1657 4586 sibi
1687 4529 1829 4597 subiicere

1003 4607 1175 4672 decreverat,
1212 4607 1362 4676 episcopos
1398 4606 1427 4659 in
1458 4611 1638 4659 antecessum
1675 4601 1829 4657 instituere

1003 4677 1105 4746 voluit,
1133 4690 1166 4732 eo
1190 4675 1248 4731 lere
1271 4679 1353 4733 modo
1380 4689 1437 4747 quo
1451 4674 1585 4731 Gelasius
1600 4675 1635 4741 ll,
1655 4685 1734 4728 anno
1752 4667 1829 4737 lil8,

1002 4750 1225 4820 Caesaraugusta
1248 4748 1342 4804 adhuc
1375 4748 1405 4803 in
1448 4748 1653 4802 Saracenorum
1694 4747 1832 4812 potestate

1003 4821 1138 4876 existenti
1155 4819 1320 4889 episcopum
1334 4819 1422 4888 dedit,
1439 4819 1523 4888 cujus
1534 4818 1574 4872 rei
1586 4816 1645 4871 alia
1657 4828 1716 4870 non
1728 4814 1832 4894 desunt

1003 4892 1140 4961 exempla.
1167 4892 1258 4961 liujus
1280 4891 1398 4946 concilii
1423 4890 1529 4959 epocha
1558 4892 1600 4944 tot
1625 4893 1831 4941 controversus

1004 4964 1161 5032 implicata,
1193 4976 1268 5016 nunc
1298 4962 1410 5017 tarrdem
1446 4960 1610 5016 indubitata
1648 4970 1713 5013 esse
1738 4955 1830 5020 debet,

1003 5035 1310 5159 salatisbquaecuuque
1331 5033 1467 5088 adversus
1486 5045 1547 5087 eam
1577 5029 1684 5085 adduci
1711 5033 1831 5099 possunt

1002 5105 1108 5161 rationi
1134 5120 1175 5162 aa.

1037 5176 1199 5232 cossartius
1215 5189 1272 5232 uno
1296 5181 1393 5232 tenore
1417 5173 1503 5230 relect
1518 5173 1658 5245 synodum
1686 5170 1830 5231 laudatam

1001 5255 1029 5304 44
1054 5248 1204 5318 epistolam
1230 5247 1355 5302 4444444
1378 5260 1456 5316 pape
1481 5246 1515 5301 ad
1539 5245 1692 5315 episcopos
1713 5244 1830 5314 hugliae,

1003 5333 1066 5390 quac
1088 5325 1132 5374 est
1158 5319 1194 5374 de
1227 5318 1352 5373 Ecclesia
1373 5319 1530 5390 anglicana
1553 5323 1625 5371 4444
1658 5315 1829 5381 ordinanda,

1003 5390 1086 5461 quasi
1104 5392 1161 5444 haec
1178 5390 1259 5445 iilius
1281 5389 1399 5445 concilii
1425 5404 1491 5458 pars
1518 5387 1616 5444 luerit.
1639 5388 1678 5441 Ea
1705 5396 1832 5442 rereraa

1002 5463 1135 5516 Formoso
1150 5475 1220 5531 papa
1234 5462 1310 5531 data,
1326 5461 1447 5530 ideoque
1462 5459 1498 5514 ab
1514 5472 1589 5514 anno
1601 5455 1658 5512 894
1672 5471 1731 5513 444
1745 5469 1832 5512 remo·

1001 5533 1180 5603 vendacem
1201 5545 1295 5587 annus
1313 5545 1371 5602 quo
1386 5533 1495 5601 scripta
1511 5529 1601 5586 luerit
1617 5530 1782 5601 ignoretur.
1800 5527 1829 5582 44

1003 5604 1053 5659 illa
1066 5604 1219 5660 Formosus
1231 5601 1285 5658 ait:
1302 5603 1417 5664 444444,
1429 5602 1565 5670 nefandos
1576 5602 1649 5656 ritas
1656 5611 1830 5670 4444444444

129 5674 200 5741 quin
213 5675 441 5746 subscriptiones
463 5674 521 5733 iiia
543 5674 687 5733 addititia
709 5675 779 5742 sint,
799 5679 827 5731 cl
850 5673 946 5732 forsan
997 5674 1128 5746 partibus
1139 5676 1170 5729 im
1182 5675 1280 5730 uestris
1293 5674 1487 5743 repullulasse,
1500 5677 1526 5729 et
1540 5688 1589 5729 444
1603 5674 1728 5728 mulsea
1745 5670 1830 5727 444444-
