3876 6090
139 289 193 349 395
751 286 930 342 consinsit
950 283 1220 341 blolloicm'lalttl

139 429 215 472 nunc
230 415 344 486 quidem
367 414 495 470 dicentes
517 427 577 469 eam
601 426 665 469 cum
681 410 811 468 Nestoris
835 409 923 479 impio
936 411 964 464 et
979 407 1004 463 Α
1021 408 1152 464 unitione
1169 424 1231 480 quae
1256 425 1305 480 per
1326 412 1542 469 subsistentiam
1566 414 1596 469 in
1611 412 1721 471 carnei

137 503 264 561 divisore
283 502 474 573 commisceri,
497 501 639 573 pingendo
655 501 684 556 in
705 499 798 556 iconis
826 498 965 554 bumani-
1019 495 1069 550 Dei
1087 497 1179 552 Verbi.
1194 500 1236 569 lit,
1253 505 1285 556 ul
1302 508 1428 571 apparet,
1448 506 1579 572 paternas
1602 516 1683 560 voces
1697 516 1721 561 n*

138 597 222 648 tatem
237 589 430 660 bominicam3
451 603 527 646 nunc
541 603 607 645 vero
626 603 691 646 cum
704 586 831 657 Eutyche
841 599 875 642 ac
894 586 966 641 Dio-
1020 583 1164 656 legerunt:
1185 601 1269 657 porro
1293 590 1317 647 si
1334 591 1472 663 legerunt,
1499 591 1674 652 transeundo
1702 590 1721 649 lt

139 692 220 736 scoro
232 677 379 736 sceleratis
400 676 592 735 confundere:
617 690 681 732 nam
705 673 888 732 manifestum
909 678 962 729 est,
1018 682 1046 734 et
1070 685 1125 730 non
1150 678 1314 736 seruando.
1336 680 1495 752 belloquus
1516 680 1673 753 Gregorius
1701 678 1721 737 fr

137 768 214 825 sicut
238 782 325 839 supra
345 773 490 825 ostensum
510 773 563 838 est,
579 766 654 838 quod
679 764 823 823 contrarie
846 763 963 820 sibimet
1020 767 1103 823 inane
1126 768 1253 838 ipsorum
1279 772 1479 840 commentum,
1498 769 1537 824 ita
1557 768 1657 825 dicens
1672 765 1721 841 (Or

135 858 269 929 sentiant,
286 856 352 914 licet
368 862 487 928 uterque
500 855 648 928 impugnet
660 854 824 911 Ecclesiam.
839 853 870 909 Si
884 853 961 908 enim
1018 857 1088 911 liiiio
1098 855 1106 928 )
1117 875 1124 912 :
1137 856 1207 914 Cum
1223 861 1332 913 naturae
1344 857 1462 922 distent,
1474 871 1540 914 cum
1556 855 1721 914 intellectib·

132 946 307 1016 dederimus,
322 945 396 1018 quod
407 944 570 1002 Nestorium
592 943 748 1000 secundum
765 942 893 1012 ipsorum
908 954 963 997 vo-
1016 958 1072 1015 que
1093 944 1265 1002 dividuntur
1280 941 1360 1020 [dr.,
1375 945 1485 1002 distant
1503 945 1721 1003 consideration

132 1049 192 1093 cem
212 1041 349 1107 secamur
373 1032 509 1103 Ecclesia,
533 1032 721 1102 mentiuntur,
747 1031 876 1087 dicentes
898 1043 959 1085 eam
1015 1031 1410 1109 lectus,simuldividuntur]
1424 1035 1721 1092 etnominazetomne

131 1138 195 1182 cum
210 1123 337 1194 Eutyche
348 1135 381 1179 ac
390 1123 527 1178 Dioscoro
542 1133 650 1191 sapere.
666 1120 695 1176 si
712 1133 777 1176 vcro
788 1118 886 1190 potius
896 1131 957 1174 eam
1014 1124 1110 1179 Patres
1132 1122 1223 1179 nostri
1242 1121 1439 1180 confusionem
1462 1137 1518 1179 non
1542 1123 1721 1183 admittentet

130 1211 222 1286 (quod
236 1211 413 1269 contrariam
428 1210 487 1283 est)
501 1209 622 1281 Eutychi
634 1222 668 1265 ac
685 1209 823 1266 Dioscoro
834 1221 960 1265 consen-
1014 1214 1090 1268 ratas
1109 1211 1211 1268 dieunt
1225 1211 1373 1269 intellectu
1396 1212 1468 1268 duas
1490 1216 1608 1268 naturas
1623 1211 1720 1269 ration·

129 1303 185 1360 tire
205 1301 408 1373 permittimus,
427 1299 513 1356 etiam
530 1299 560 1355 in
578 1299 631 1375 froc
650 1297 871 1355 manifestantur
885 1296 957 1353 falso
1013 1301 1121 1369 rentiae,
1146 1312 1203 1356 non
1222 1300 1386 1357 divisionis.
1404 1301 1496 1371 igitur
1517 1304 1568 1356 aut
1587 1298 1685 1372 ignota
1706 1312 1720 1356 e

129 1391 286 1462 loquentes.
300 1389 337 1445 Ut
357 1389 434 1446 enim
454 1394 546 1445 serino
568 1387 729 1459 praecedens
749 1387 885 1454 ostendit,
898 1388 957 1440 Ne-
1011 1387 1097 1443 etiam
1110 1387 1141 1444 in
1167 1388 1219 1445 boc
1236 1403 1300 1445 vera
1322 1389 1486 1461 dogmatum
1508 1389 1630 1461 agnitio,
1651 1393 1705 1447 aut

127 1479 236 1536 storius
249 1484 277 1535 et
291 1477 432 1548 Eutyches
443 1476 479 1533 ab
501 1476 622 1533 invicem
639 1475 785 1546 impletate
796 1474 954 1548 variantur,
1011 1475 1130 1531 niantur
1150 1481 1263 1533 sanctos
1283 1478 1379 1533 Patres
1402 1483 1524 1547 nostros,
1547 1477 1623 1548 quod
1649 1474 1720 1534 nulle

126 1572 155 1623 et
170 1565 368 1623 irrationabile
381 1579 414 1622 ac
429 1565 605 1636 superfluum
620 1568 663 1622 est
675 1563 841 1634 hujusmodi
857 1576 956 1620 eorum
1009 1563 1452 1622 dicantdivisioneminduarum
1466 1564 1719 1623 naturarumunitf

126 1660 326 1713 commentum.
1010 1653 1187 1722 pensationis
1200 1653 1318 1710 Christi.
1335 1655 1368 1710 Et
1389 1655 1539 1712 Nestorius
1554 1654 1670 1725 quidem
1686 1653 1720 1713 rd

391 1760 506 1818 TOMUS
532 1759 684 1816 Tgppfflg,
970 1727 1082 1797 vidit
1102 1747 1227 1814 naturas,
1249 1733 1349 1799 dicens
1362 1742 1483 1801 alterum
1496 1744 1547 1799 Dei
1565 1744 1697 1816 Verbum,

1007 1831 1720 1979 alarattaliamentum

157 1975 193 2032 Et
206 1974 275 2047 ΨΜ
288 1975 318 2031 ⁵¹¹
331 1973 426 2045 ⁸pi¹¹¹⁵
437 1969 953 2045 mm‘abapoewlicis“minim
1006 2008 1124 2066 confuse
1140 1936 1268 2067 confegsa
1285 1963 1455 2080 unitionem,
1479 2010 1627 2067 intellectu
1649 2011 1712 2068 solo

122 2064 216 2122 aliena
237 2062 396 2135 profantur,
417 2067 446 2119 et
464 2063 663 2120 baereticorum
687 2061 863 2118 zizaniorum
885 2074 953 2131 ger·
1008 2100 1268 2168 natumsindivise'
1284 2115 1371 2158 unum
1385 2097 1715 2171 eumdemqueconsm

123 2155 200 2210 mina
221 2153 406 2224 ‘mmmmm’
427 2153 461 2209 ad
482 2166 531 2255 5⁰⁸
551 2151 691 2208 D⁰mi¹¹¹¹⁸
713 2164 763 2252 Ψ
784 2149 950 2221 pmphemm
1006 2187 1072 2244 nuel
1087 2189 1171 2244 etiam
1185 2189 1426 2259 postunitionem.
1439 2189 1719 2261 Porroinjuriamsp

121 2244 242 2300 clamat:
266 2244 389 2298 Pastores
412 2242 492 2297 mults
520 2244 699 2310 compereant
718 2254 827 2294 cineam
852 2254 948 2310 mum,
1007 2276 1037 2333 ,n
1051 2277 1114 2333 suis
1130 2277 1217 2349 nasis,
1235 2276 1369 2334 efferunt:

120 2333 241 2388 demoliti
262 2336 328 2387 sunt
350 2332 503 2402 militm
530 2345 617 2384 'llll‘
633 2325 702 2400 Uir·
730 2328 800 2401 '¹¹¹³’
821 2327 880 2384 Μ’
899 2328 951 2382 ὥ·
1217 2385 1362 2451 creconus
1376 2385 1515 2454 marmus
1533 2384 1616 2452 brar:

119 2425 229 2477 cemes·
349 2507 494 2575 Greporius
504 2507 643 2576 episcopus
655 2504 736 2572 repar:
1040 2510 1054 2540 r
1074 2489 1145 2559 Quis
1165 2494 1209 2545 est
1225 2489 1388 2546 insensatus
1412 2489 1575 2547 intellectus
1589 2491 1656 2546 vani
1673 2504 1719 2548 scr

1004 2596 1017 2628 r
1040 2574 1050 2652 f
1058 2577 1207 2648 pictorlsl,
1226 2583 1340 2649 propter
1352 2577 1487 2636 frivolum
1497 2585 1525 2635 et
1538 2585 1620 2650 turpe
1636 2580 1719 2641 lucra

155 2635 169 2667 α
183 2614 262 2671 Unde
268 2614 378 2683 justum
390 2613 523 2669 arbitrati
537 2626 647 2680 sumus,
657 2610 806 2667 subtiliter
819 2625 868 2682 per
881 2626 950 2682 prae-
1004 2685 1017 2717 „
1037 2668 1132 2724 demis
1144 2667 1219 2739 quod
1237 2668 1345 2724 studeri
1363 2682 1417 2724 non
1432 2669 1544 2739 pom?
1560 2669 1588 2726 id
1601 2674 1654 2740 es„
1669 2683 1719 2728 ω,

119 2708 256 2760 »sentem
268 2700 597 2759 delinitionemnostram
610 2700 768 2767 ostendere,
778 2701 827 2771 nul
841 2699 949 2758 faciant
1060 2757 1066 2770 ,
1190 2757 1196 2769 ι
1347 2758 1353 2770 ι
1622 2760 1628 2771 ⁸

118 2811 131 2843 r
147 2797 175 2849 et
186 2791 282 2848 colant
295 2804 430 2847 errorem.
443 2789 578 2845 Omnium
595 2789 686 2860 pgpgur
697 2787 871 2848 deiferorum
891 2790 946 2844 Pa,
1004 2775 1017 2807 r
1037 2757 1099 2813 drta
1112 2760 1140 2812 et
1154 2771 1215 2813 orvs
1233 2754 1411 2815 confessione
1429 2758 1538 2827 profata
1553 2758 1689 2816 manibus
1705 2773 1719 2831 p

118 2888 224 2938 »trum
246 2884 274 2936 et
295 2883 457 2937 sanctarum
471 2891 504 2935 ac
527 2877 732 2934 universalium
756 2877 942 2948 synodorum,
1004 2864 1017 2897 ''
1038 2844 1200 2903 s⁰fm³ffil

118 3006 131 3037 „
147 2970 198 3041 qui
214 2983 314 3039 puram
328 2973 356 3023 et
373 2966 624 3023 incontaminatam
638 2970 667 3022 et
685 2967 741 3023 beo
755 2971 899 3036 acceptam
914 2965 946 3021 ll-
1213 2954 1386 3025 Epiphanius
1399 2954 1532 3009 diaconus
1543 2955 1616 3023 lenit.

117 3075 130 3108 n
146 3058 246 3114 demet
257 3053 463 3114 confessionem
478 3062 601 3110 nostram
617 3053 657 3109 ita
672 3053 853 3111 tradiderunt
866 3055 946 3124 lGr„
965 3057 989 3120 c
1038 3078 1194 3149 Amplexi,
1208 3083 1252 3135 es,
1266 3078 1319 3134 hoc
1333 3079 1429 3136 dice„
1443 3080 1485 3135 ,el
1500 3080 1622 3136 semim,
1640 3093 1718 3153 nequ

116 3165 130 3197 s
146 3146 286 3203 Omnibus
299 3145 389 3217 igitur
402 3141 531 3214 deiferis,
547 3147 612 3211 etc,
631 3156 730 3212 puram
741 3147 769 3198 et
780 3143 951 3200 incontami·
1003 3167 1058 3223 ,m
1076 3169 1275 3238 mudenfisest
1289 3168 1613 3239 „mminculpabssffi
1624 3170 1694 3225 Nam
1709 3187 1719 3227 (

116 3254 130 3286 »
147 3240 241 3292 natam
256 3229 465 3306 tradentibus],
483 3234 515 3287 ut
528 3231 639 3290 nullum
663 3231 777 3288 modum
793 3231 949 3289 divisionis
1003 3258 1222 3314 ,ommium
1233 3258 1564 3328 ,ammisemogiij'
1576 3258 1719 3316 moden,

115 3341 129 3374 n
146 3324 188 3381 vel
204 3321 384 3381 confusionis
396 3321 569 3393 excogitaret
584 3320 693 3391 aliquis
708 3321 738 3375 in
752 3320 832 3377 illam
844 3319 948 3377 lnetfa-
1003 3345 1183 3418 ,affligendi
1194 3347 1222 3402 h,
1235 3347 1362 3402 ,wlesiae
1375 3347 1481 3402 dicatis
1496 3347 1602 3403 rebus,
1615 3347 1644 3403 εἰ
1662 3348 1690 3404 ,8
1703 3363 1719 3421 q

115 3412 232 3469 »bilem
250 3418 278 3468 ct
302 3411 426 3483 ignotam
452 3410 624 3480 unitionem,
649 3424 711 3481 quar
733 3423 820 3479 super
833 3422 945 3466 omnem
1001 3435 1054 3506 git,
1069 3440 1184 3507 ωομεν
1198 3440 1280 3506 ,nme
1296 3436 1407 3491 ,uorum
1421 3437 1536 3492 dicam,
1556 3437 1713 3508 imaginari

114 3521 128 3552 r>
145 3513 259 3558 sensum
272 3504 301 3555 et
319 3498 520 3572 cogitationem
537 3504 591 3567 est,
616 3498 738 3554 duarum
759 3497 872 3554 scilicet
896 3510 945 3566 per
1002 3536 1069 3578 num
1081 3529 1209 3580 „ostrum
1222 3524 1379 3580 secundum
1390 3524 1465 3595 quod
1479 3524 1562 3580 homo
1578 3524 1719 3595 perfectu,

113 3609 127 3641 r
145 3588 362 3647 subsistentiam
376 3593 544 3644 naturarum
565 3586 860 3642 unicedemonstratae
875 3598 944 3656 per-
997 3617 1050 3683 es,
1064 3618 1093 3667 e,
1107 3620 1220 3670 samos
1238 3615 1320 3683 ejus:
1344 3618 1457 3684 oporte,
1476 3614 1544 3671 mos
1559 3614 1646 3670 enam
1660 3615 1712 3687 qu,

115 3697 128 3729 v
144 3693 229 3736 sonae·
248 3694 261 3727 l
996 3701 1148 3772 Evangelia
1164 3701 1304 3772 scribunt,
1317 3701 1459 3771 incusare,
1475 3710 1504 3758 et
1517 3715 1566 3758 eos
1580 3702 1631 3772 qui
1644 3717 1718 3762 cruc

325 3762 497 3834 apparatus
516 3761 647 3816 d5⁰⁰⁰m¹⁵
662 3762 743 3831 tegit:
995 3790 1105 3847 colores
1119 3795 1246 3861 exarant,
1260 3790 1364 3847 stultos
1382 3791 1505 3859 pictores
1519 3791 1663 3862 appellare
1684 3806 1718 3849 ac

148 3874 218 3928 Vere
239 3883 323 3927 suum
344 3883 468 3925 errorem
492 3868 678 3924 ostenderant
698 3867 846 3925 subtiliter
869 3882 941 3925 vana
996 3878 1069 3948 quon
1094 3883 1208 3949 propter
1230 3884 1312 3949 tur-pre
1333 3879 1445 3936 lucrum
1461 3881 1515 3936 noc
1534 3878 1650 3936 faciant.
1670 3882 1718 3956 Erg

113 3959 264 4031 sapientes.
291 3957 432 4014 Omnibus
450 3957 525 4013 enim
545 3957 654 4013 sanctis
672 3957 806 4013 Patribus
820 3958 939 4029 nostris,
995 3965 1075 4022 faber
1088 3967 1138 4038 qui
1149 3981 1261 4024 crucem
1275 3966 1353 4038 facit,
1370 3968 1505 4027 stultitia.
1520 3967 1678 4026 fabricator
1689 3983 1718 4028 n<

113 4048 162 4120 qui
173 4048 202 4103 in
213 4046 321 4104 sanctis
331 4061 380 4103 sex
392 4045 605 4103 universalibus
612 4046 729 4118 synodis
737 4051 939 4105 convenerunt.
996 4056 1093 4126 bitur,
1110 4062 1138 4112 et
1151 4056 1273 4112 latomus
1285 4070 1410 4113 mensam
1430 4063 1556 4114 sancum
1571 4058 1704 4116 idcidcns

112 4135 287 4194 venerabiles
305 4135 444 4208 imagines
463 4135 554 4206 pictas
578 4136 606 4191 in
620 4136 728 4192 sanctis
743 4136 857 4207 templis
869 4141 897 4192 ct
911 4138 940 4193 ln
997 4159 1087 4216 mans,
1098 4144 1232 4201 stultitiae
1247 4146 1370 4201 latomus
1383 4151 1446 4217 est3
1461 4151 1490 4202 et
1503 4145 1627 4207 aurifex.
1639 4152 1669 4203 et
1687 4161 1718 4205 ar

111 4225 180 4282 aliis
191 4224 415 4297 lmngruontibus
430 4224 501 4281 focis
516 4224 734 4281 stabilientibus
745 4231 772 4280 et
783 4226 943 4296 susciplen-
996 4233 1068 4303 rius,
1082 4239 1110 4289 et
1123 4238 1214 4289 textor
1226 4233 1387 4289 similiter?
1400 4237 1498 4305 ltaque
1511 4236 1593 4304 juxta
1609 4236 1718 4294 illornn

112 4315 191 4373 tibus
206 4314 267 4386 bas,
282 4313 337 4384 ipsi
350 4313 630 4384 reprobaveruntper
642 4314 778 4383 quasdam
792 4312 941 4372 falsidicas
996 4323 1073 4378 niam
1092 4322 1226 4379 discessit
1249 4322 1343 4379 omnis
1363 4323 1520 4392 disciplina
1534 4330 1563 4380 et
1584 4338 1632 4381 ars
1647 4337 1664 4380 a
1678 4327 1718 4383 fle

111 4403 299 4473 ratiunculas,
307 4402 609 4474 errorcmdicenteset
621 4401 939 4461 idololatriamalteram
956 4411 981 4471 D
996 4417 1053 4466 tam
1067 4411 1102 4467 ad
1116 4411 1236 4483 gloriam
1248 4425 1338 4479 suam,
1353 4424 1438 4481 quam
1448 4412 1483 4467 ad
1499 4417 1606 4468 statum
1623 4412 1718 4471 vitaer

112 4498 213 4564 praeter
223 4491 408 4549 daemonicam
422 4490 626 4562 subrogantes:
644 4493 671 4547 et
686 4490 758 4547 duas
770 4505 814 4548 res
824 4491 941 4550 sibimet
996 4502 1030 4555 Et
1040 4500 1253 4570 quiavenerant
1263 4501 1292 4555 in
1304 4501 1516 4572 ignorantiaeac
1526 4501 1718 4574 malignitatis

110 4582 293 4657 adversantes
317 4594 372 4635 non
401 4579 598 4635 discreverunt
621 4578 657 4634 ab
679 4579 810 4637 invicem.
834 4582 940 4637 Eorum
996 4588 1147 4660 nutarem,
1168 4602 1202 4645 en
1223 4588 1322 4644 [lirina
1340 4589 1488 4659 Scriptura
1510 4595 1539 4646 et
1556 4591 1666 4648 sanctis
1687 4591 1718 4648 Pr

110 4671 186 4727 enim
198 4684 260 4741 quae
275 4669 309 4725 ad
323 4667 443 4741 gloriam
456 4667 563 4723 Christi
579 4668 627 4724 Dei
643 4670 745 4740 nostri,
761 4674 790 4726 et
800 4684 941 4727 rememo-
995 4677 1103 4734 nostris
1113 4678 1233 4734 audiant
1248 4678 1360 4734 laudari
1371 4678 1542 4749 sapientiam
1558 4693 1622 4749 quae
1635 4680 1718 4736 dala

112 4759 249 4814 rationem
272 4758 302 4812 in
319 4770 404 4813 carne
418 4756 643 4814 conversationis
657 4758 720 4827 ejus
736 4763 846 4829 patrata
860 4766 938 4834 sunt,
994 4771 1066 4823 turae
1091 4773 1193 4823 nostrae
1214 4781 1414 4840 permagnum
1438 4768 1564 4824 datorem
1587 4769 1717 4842 Deumq

110 4853 138 4904 et
156 4859 254 4903 eorum
270 4860 333 4917 quae
348 4851 462 4916 propter
476 4846 596 4918 gloriam
609 4853 636 4903 ct
653 4847 817 4905 memoriam
829 4848 901 4905 daem
920 4879 941 4892 -
994 4855 1133 4920 condidit,
1150 4861 1178 4912 et
1201 4857 1315 4926 quinem
1329 4857 1379 4914 tob
1394 4857 1429 4913 de
1452 4858 1509 4913 beo
1527 4862 1708 4916 asseverante

111 4936 225 4993 nicrum
240 4949 257 4991 a
279 4935 397 5008 paganis
411 4939 438 4992 et
458 4936 630 5007 quibusdam
645 4938 752 4995 Jndaeis
764 4938 815 5010 qni
828 4938 871 4995 eis
885 4938 940 4995 de-
993 4943 1073 5001 dedit
1089 4944 1260 5002 mulieribus
1275 4950 1393 5002 texture
1406 4945 1599 5016 sapientiam?
1613 4944 1672 5016 (roo
1692 4960 1717 5003 x:

111 5025 241 5083 serviunt
254 5022 328 5080 facta
343 5028 420 5096 sunt,
437 5039 521 5083 unam
535 5026 697 5083 eteamdem
715 5027 939 5085 nominationem
994 5049 1045 5088 sec.
1069 5033 1171 5105 lxx.)
1189 5035 1292 5090 Divina
1303 5049 1417 5106 quoque
1428 5035 1577 5105 Scriptura
1590 5040 1715 5093 testatur

111 5128 160 5172 ore
172 5127 224 5170 suo
235 5112 453 5185 circumferunt,
471 5119 498 5169 ct
513 5113 664 5182 scriptura
677 5115 788 5171 tradere
802 5129 858 5172 uon
871 5122 940 5173 su'nt
995 5136 1061 5178 nnm
1074 5122 1188 5179 dedisse
1198 5122 1367 5193 sapientiam
1381 5124 1501 5180 beseleel
1517 5123 1669 5180 inomnem
1685 5122 1717 5182 fa

111 5202 238 5261 reveriti.
253 5203 404 5259 miscentes
415 5216 478 5272 quae
496 5201 609 5258 misceri
624 5215 679 5258 non
701 5209 830 5276 possunt,
843 5212 872 5262 et
886 5220 940 5261 en·
993 5211 1188 5281 disciplinam,
1206 5211 1245 5267 ita
1268 5211 1384 5268 dicens:
1401 5215 1457 5281 ligo
1466 5215 1560 5268 occasi
1573 5229 1607 5268 ec
1618 5215 1717 5270 nomba

111 5298 243 5349 cusantcs
257 5290 455 5347 excusationes
471 5291 500 5345 in
513 5290 643 5361 peccatis.
655 5291 815 5350 Divisionls
826 5298 854 5351 ct
868 5309 942 5352 con-
995 5301 1043 5355 leet
1051 5301 1138 5370 tilium
1154 5303 1211 5356 Uria·
1228 5301 1281 5371 filii
1297 5300 1380 5357 Orda
1395 5302 1469 5356 tribu
1488 5301 1580 5357 tuda:
1594 5307 1619 5357 et
1633 5303 1717 5374 impie

112 5378 237 5439 fusionis
253 5380 505 5437 deliramentorum
521 5379 674 5450 strepitum
691 5382 760 5438 dant
775 5383 805 5440 fn
825 5386 940 5446 theolo-
993 5390 1093 5460 spim'tu
1120 5392 1170 5446 Dei
1189 5392 1325 5460 sapientia
1346 5396 1371 5446 et
1391 5392 1571 5459 intelligentia
1599 5397 1624 5446 et
1645 5393 1717 5448 scien

58 5520 64 5527 .
112 5471 205 5545 glcam
230 5469 413 5540 disciplinam
435 5467 568 5525 Ecclesiae
590 5471 747 5544 catholicae,
763 5477 791 5529 ct
807 5477 940 5549 gamiunt
993 5480 1067 5534 omni
1089 5494 1176 5550 opere,
1195 5479 1233 5533 cd
1250 5481 1487 5549 cncopipitondam
1506 5480 1643 5551 quidquid
1664 5481 1717 5551 [cb

111 5561 249 5632 dicentes,
272 5558 384 5618 nulfum
409 5558 523 5616 modum
548 5559 703 5619 divisionis
723 5563 885 5637 excogitare
906 5565 937 5627 in
984 5572 1074 5644 potest
1092 5573 1117 5624 et
1135 5573 1250 5625 annover
1264 5574 1376 5638 arpena>
1392 5573 1418 5626 et
1439 5585 1503 5634 cre,
1516 5585 1650 5627 marmore
1664 5575 1717 5642 etg
