3876 6090
109 275 180 336 ‘tuot

684 318 689 325 ·
785 282 883 367 hibuit
901 282 946 336 DE
966 280 1135 336 CObtt’b't't).

1743 280 1814 342 toto

109 409 166 460 tem
188 418 317 474 gressum
346 406 460 476 dirigit,
485 405 524 460 ita
549 411 581 460 ut
597 406 677 474 prior
691 420 758 475 pars
782 406 821 462 sit
838 405 978 475 poste-A
991 407 1142 464 misterium
1152 410 1205 465 Dei
1225 412 1337 479 scitote,
1355 412 1429 481 quod
1447 425 1502 468 non
1519 411 1624 468 mirum
1642 414 1668 469 si
1683 414 1820 471 accende·

110 492 183 562 rior,
209 498 238 547 ει
266 493 408 562 posterior
437 493 524 562 prior.
554 493 672 549 Leonem
693 493 723 549 in
749 495 859 549 Gracia
886 493 936 548 in·

109 589 222 653 gentem
264 581 399 637 tlercules
436 582 553 645 occidit,
589 589 618 638 ει
656 588 771 653 propter
800 583 935 638 virtutem

110 683 193 726 snam
210 669 286 725 hunc
301 670 376 725 inter
400 675 477 725 astra
500 677 526 725 et
540 671 690 726 duodecim
720 672 802 743 signa
824 670 937 727 consti-

109 764 208 814 tuunt.
223 759 280 813 Hoc
293 758 407 828 signum
418 757 464 813 Sol
477 774 542 815 cum
555 759 702 831 adtigerit,
718 759 839 816 nimium
855 758 936 815 calo—

110 860 171 901 rem
193 847 299 903 mundo
316 846 419 913 reddit,
431 853 459 903 et
474 859 585 904 annuos
597 849 692 918 tintus,
709 848 820 903 Etesias
837 859 936 916 nempe

111 932 191 989 iacit.
218 934 347 1006 Virginis
371 935 457 990 ettam
482 935 596 1006 signum
622 936 731 992 idcirco
758 936 832 991 inter
859 941 937 990 astra

110 1022 333 1091 collocaverunt,
365 1030 511 1092 propterea
537 1024 612 1094 quod
637 1024 737 1080 iisdem
761 1024 874 1091 diebus,
906 1023 934 1077 in

109 1112 220 1181 quibus
236 1125 284 1180 per
297 1111 369 1166 illud
383 1111 429 1169 Sol
449 1113 587 1179 decurrit,
610 1119 683 1168 terra
703 1112 841 1168 exhausta
860 1111 936 1166 Solis

109 1200 213 1256 ardore
227 1200 301 1255 nihil
319 1201 420 1270 pariat.
436 1202 485 1256 Est
497 1202 573 1256 enim
589 1201 641 1257 hoc
654 1207 766 1271 tempus
780 1199 936 1256 Canicula-

110 1289 188 1344 rium
203 1289 325 1344 dierum.
346 1290 458 1345 Libram
480 1296 574 1346 autem
597 1297 768 1347 vocaverunt
782 1290 818 1345 ab
836 1302 936 1360 aqua-

111 1376 194 1433 litate
217 1378 323 1433 mensis
344 1378 448 1448 ipsius,
471 1379 540 1449 quia
563 1392 614 1434 vnr
628 1379 689 1434 Kal.
705 1378 804 1435 Octoh.
824 1378 870 1433 Sol
889 1391 936 1447 per

112 1464 185 1522 illud
202 1466 316 1538 signum
331 1481 451 1523 currens
471 1467 685 1537 AEquinoctium
707 1466 787 1537 iacit,
814 1467 888 1522 unde
908 1469 937 1521 et

110 1555 260 1611 Lucanus:
283 1557 330 1610 Ad
346 1557 431 1625 justae
449 1557 567 1626 pondere
585 1557 670 1610 liora.
687 1556 836 1625 Scorpium
861 1569 936 1624 quo-

111 1657 168 1714 que
186 1648 215 1699 et
237 1644 421 1716 Sagittarium
441 1649 557 1713 propter
578 1642 690 1716 fulgora
711 1645 817 1699 mensis
841 1644 936 1713 ipsius

991 502 1043 566 ret,
1059 496 1104 552 'si
1125 498 1308 566 injudicium
1327 500 1720 570 conveneritaequinoctium,
1738 501 1813 573 quod

990 590 1033 639 εει
1044 596 1096 641 ιιιι
1109 585 1172 642 Kal.
1186 587 1253 657 dpr.
1269 594 1347 643 sexta
1357 587 1438 643 Feria
1458 587 1526 644 luna
1546 585 1588 658 ll,
1599 594 1627 646 ει
1642 590 1832 665 resurrectio,

991 671 1059 728 luna
1076 671 1109 727 ld
1124 680 1187 742 post
1210 688 1252 730 ιιι
1269 674 1329 731 liat.
1344 675 1423 746 ltpr,
1442 676 1517 745 quod
1529 677 1734 747 aequinoctium
1749 693 1817 736 rer-

990 761 1065 831 nale,
1082 761 1134 818 hoc
1145 768 1187 818 εει
1199 764 1315 819 initium
1331 764 1399 820 anni
1410 762 1528 833 solaris,
1543 771 1573 821 et
1594 772 1660 822 ante
1678 768 1731 825 hoc
1753 768 1817 825 ini-

991 847 1061 903 tium
1081 863 1136 904 non
1150 849 1257 907 iacitur
1278 853 1383 908 Pascha
1403 852 1478 922 apud
1494 853 1635 923 ltebraeos,
1651 861 1678 911 et
1691 857 1815 923 Graecos,

990 942 1019 991 ει
1029 937 1154 1008 Latinos,
1168 939 1226 996 nisi
1247 941 1276 995 in
1303 954 1409 1004 errore,
1427 941 1494 1011 quia
1517 942 1580 998 dies
1600 943 1759 1013 Dominica,
1784 939 1814 1000 in

992 1037 1047 1094 qua
1062 1024 1135 1081 tacita
1154 1036 1196 1082 εει
1208 1028 1266 1096 lux,
1285 1043 1339 1084 non
1354 1027 1410 1086 luit
1424 1035 1490 1085 ante
1510 1043 1550 1085 nn
1567 1031 1628 1086 Kal.
1643 1032 1721 1103 apr,
1739 1032 1815 1103 quod

990 1119 1033 1168 εει
1049 1114 1078 1168 in
1092 1120 1173 1171 nocte
1186 1114 1214 1172 ι.
1234 1116 1305 1172 ιειιε
1322 1131 1439 1175 numero
1455 1118 1561 1174 crucis.
1584 1132 1624 1174 ιιιι
1641 1102 1735 1176 autem
1751 1120 1814 1176 Kal.

989 1201 1056 1272 hpr.
1071 1202 1191 1274 3Feria,
1205 1212 1260 1260 etr
1278 1206 1339 1261 Kal.
1355 1207 1419 1276 bpr.
1434 1203 1451 1261 l
1467 1208 1557 1279 Feria,
1574 1207 1603 1262 in
1625 1222 1681 1279 qua
1704 1209 1815 1266 dictum

990 1297 1050 1346 est:
1064 1294 1128 1346 Post
1146 1293 1258 1348 biduum
1272 1295 1375 1348 Posrlto
1389 1298 1442 1365 fici.
1456 1294 1564 1351 Deinde
1578 1296 1695 1367 aliquod
1712 1296 1752 1353 iia
1765 1297 1816 1355 hai

992 1385 1055 1450 post
1078 1380 1200 1438 biduum
1221 1384 1336 1454 Pascha,
1364 1385 1438 1440 idest
1459 1389 1523 1454 post
1544 1385 1762 1455 completionem
1786 1392 1816 1445 et

992 1469 1184 1541 integritatem
1199 1471 1321 1528 duorum
1335 1477 1578 1540 testamentorum,
1591 1481 1620 1530 et
1632 1479 1816 1533 transcensus

990 1558 1025 1613 ad
1040 1572 1157 1630 regnum
1167 1560 1218 1615 Dei
1227 1560 1411 1617 conveniente
1422 1563 1457 1617 ad
1472 1560 1498 1617 6.
1515 1563 1624 1618 Feriam
1640 1563 1816 1635 aequinoctio

991 1646 1058 1701 luna
1076 1643 1108 1701 tt
1120 1654 1148 1702 et
1162 1647 1341 1705 solemnitate
1355 1636 1583 1707 Resurrectionis
1596 1651 1645 1705 die
1653 1652 1814 1722 Dominica,

110 1732 336 1803 appellaverunt.
347 1730 936 1804 Sagittariusnirequiniscruribusdeior·
950 1739 977 1800 Β
991 1735 1045 1791 hoc
1058 1741 1101 1790 εει
1112 1737 1203 1792 totius
1220 1737 1333 1808 generis
1350 1737 1478 1806 humani,
1489 1752 1524 1794 ex
1542 1752 1598 1809 quo
1620 1752 1720 1811 genere
1734 1741 1817 1812 virga

111 1826 218 1892 matus,
234 1822 281 1877 cui
302 1822 433 1892 sagittam
451 1827 478 1877 ct
499 1836 596 1878 arcum
616 1822 787 1892 adjungunt,
805 1828 837 1876 ut
851 1835 885 1876 ex
903 1833 936 1875 eo
988 1822 1129 1886 deradice
1141 1824 1217 1879 lesse
1229 1823 1301 1879 exiit
1316 1838 1379 1894 quae
1392 1826 1511 1881 redemit
1523 1825 1630 1882 Israhel
1642 1827 1814 1899 deAEgypto,

110 1908 938 1980 mensisipsiusfulminademonstrentur,undeetSagit-
989 1925 1053 1981 qua
1076 1925 1211 1967 conuersa
1239 1917 1282 1967 est
1307 1913 1336 1967 in
1373 1912 1546 1983 Serpentem,
1571 1920 1603 1970 ut
1625 1914 1817 1973 liberarentur

111 1999 219 2056 tarius.
760 2070 765 2077 Ι
989 1999 1814 2074 IsrahelitaeabAEgypto.QuidSerpeuspersuasitbomini,

274 2089 374 2157 lrrcr'pit
389 2088 503 2157 epistola
522 2088 649 2155 Dionysii
663 2088 774 2154 Enipei.
942 2104 947 2119 ·
992 2088 1103 2144 horest
1128 2089 1266 2145 Diabolus
1290 2095 1418 2146 mortem.
1440 2090 1470 2145 Si
1494 2104 1560 2162 ergo
1587 2104 1603 2146 a
1625 2092 1759 2162 serpente
1773 2098 1818 2148 est

147 2177 265 2232 CXLIII.
280 2177 442 2232 Domintsa
461 2190 505 2231 me
527 2175 683 2245 plurimum
698 2174 868 2230 venerandis
881 2174 939 2228 Bo-
993 2191 1079 2248 mors,
1100 2178 1185 2250 Firga
1213 2179 1244 2234 in
1279 2180 1453 2250 Serpentem,
1474 2179 1607 2237 Christus
1632 2179 1661 2236 in
1687 2185 1817 2253 mortem,

114 2263 224 2321 nilacio
253 2265 421 2320 Primicerio
446 2265 641 2333 Notariorum,
670 2270 698 2319 ct
724 2264 800 2320 Dono
828 2264 940 2318 Secun-
992 2265 1113 2336 Serpens
1133 2266 1275 2324 exaltatur
1301 2269 1330 2323 in
1347 2268 1460 2324 heremo
1475 2281 1549 2337 aere,
1572 2273 1604 2324 ut
1623 2269 1819 2326 sanaretrul-

114 2353 234 2409 dicario
246 2353 402 2423 Dionysius
416 2352 555 2423 Exiguus,
566 2358 620 2408 etr.
633 2352 728 2421 (ildito
739 2369 756 2406 o
767 2352 898 2406 nurnero
909 2353 940 2404 in
994 2370 1062 2413 nera
1074 2369 1225 2426 corporum
1241 2357 1440 2427 respicientem
1455 2359 1601 2415 'aenium
1617 2358 1653 2414 Ut
1662 2358 1749 2415 solvit
1764 2372 1821 2416 ser-

114 2442 257 2512 Appertd.)
543 2507 548 2518 ι

203 2532 305 2599 Irrripit
315 2531 428 2600 epistola
442 2530 470 2585 S.
497 2530 594 2598 Cprilli
607 2546 622 2586 r
637 2533 697 2585 h'nl.
714 2530 849 2584 Decrmhr.

995 2446 1114 2501 vitutem
1135 2444 1351 2501 Israhelitarum
1371 2445 1572 2502 tamulantium
1588 2447 1619 2502 in
1633 2447 1761 2518 AEgypto,
1776 2447 1821 2503 sic

996 2535 1090 2590 omnis
1112 2536 1121 2556 ⁶
1147 2534 1235 2604 Moysi
1260 2548 1277 2589 a
1303 2533 1485 2604 serpentibus
1505 2548 1522 2590 a
1543 2535 1659 2591 venenis
1682 2536 1821 2594 intuendo

150 2619 264 2676 thll'.
287 2620 418 2675 horninis
432 2620 646 2676 verrembilibus
665 2621 774 2675 sanctis
792 2617 943 2674 Fratribus
995 2623 1157 2691 serpentem
1171 2635 1304 2693 magnum
1314 2623 1527 2679 Sacramentum
1540 2624 1614 2692 quod
1629 2630 1673 2679 εει
1683 2623 1822 2680 intuendo

116 2709 262 2779 episcopis
289 2709 417 2777 Aurelio,
440 2708 603 2778 Valentino,
623 2709 715 2764 sedet
733 2709 810 2763 omni
834 2709 942 2763 Sancta
996 2711 1159 2773 Serpentem
1175 2710 1283 2779 sanari,
1300 2709 1357 2765 nisi
1373 2710 1459 2766 credo
1472 2711 1501 2765 in
1517 2717 1662 2767 mortuum
1673 2704 1821 2768 Christum

116 2797 349 2869 congregationi,
363 2802 415 2851 etr.
436 2798 526 2860 th'dito
542 2814 558 2850 o
572 2798 713 2866 Bnclrrrio,
724 2813 790 2866 pop.
805 2793 850 2852 72.
862 2799 942 2851 linae
997 2798 1115 2854 sanaria
1125 2804 1215 2853 morte
1225 2804 1415 2867 peccatorum.
1428 2798 1463 2853 Et
1473 2803 1504 2854 ut
1519 2798 1824 2869 liberareturpopnlus

116 2892 208 2941 autem
226 2889 305 2955 paren
318 2887 348 2938 in
363 2885 458 2939 Cortice
477 2890 568 2939 nostro
583 2886 683 2950 lintre.)
705 2887 737 2939 tlt
757 2885 853 2952 omnia
867 2885 944 2939 scri·
998 2885 1033 2941 ab
1056 2885 1175 2956 AEgypto
1200 2899 1249 2954 per
1267 2886 1381 2955 Firgam
1404 2886 1434 2941 in
1460 2886 1621 2955 Serpentem
1648 2899 1823 2956 conversam,

118 2982 166 3046 pta
193 2975 337 3030 autentica
361 2973 462 3043 synodi
491 2973 612 3028 Nicaenae
648 2973 756 3043 protuli
778 2972 943 3029 innocentio
998 2979 1026 3029 et
1038 2974 1149 3043 agnum
1168 2973 1198 3027 ιιι
1214 2972 1319 3028 Pascha
1332 2973 1471 3033 occisum,
1497 2974 1608 3030 horest
1625 2973 1772 3031 Christum
1795 2974 1825 3030 in

118 3062 282 3134 presbytero
293 3067 325 3118 ut
337 3060 447 3117 adierat
460 3062 495 3117 ad
511 3075 569 3117 nos.
585 3063 640 3117 Pax
652 3075 715 3117 cum
730 3061 836 3131 spiritu
851 3066 944 3116 restro
959 3065 983 3126 c
1000 3068 1127 3129 mortem,
1155 3060 1194 3115 ita
1223 3059 1361 3116 liberator
1385 3064 1475 3116 totum
1502 3062 1658 3117 humanum
1685 3075 1775 3133 genus
1795 3063 1825 3119 in

117 3159 147 3208 ει
157 3166 218 3207 mco
235 3153 263 3207 in
276 3151 392 3206 Christo
402 3152 477 3206 lesu.
492 3151 580 3206 Finit.
593 3150 690 3205 Amen.
999 3149 1104 3205 Pascha
1122 3148 1267 3204 Passionis
1280 3147 1400 3216 Christi,
1412 3148 1462 3219 qui
1474 3155 1517 3203 est
1529 3162 1613 3204 verus
1623 3162 1740 3219 serpens
1754 3150 1829 3206 occi·

118 3261 219 3328 Incipit
231 3260 353 3328 Epistola
364 3260 454 3312 stracti
472 3259 589 3312 Proterir'
613 3258 800 3311 Alrrundrini
825 3259 943 3326 episcopi
997 3239 1069 3294 dens
1080 3238 1252 3306 Sffl'llsssslssfflr
1271 3236 1344 3292 l‘lffll
1356 3235 1519 3307 Diabolum,
1535 3241 1563 3291 θῑ
1574 3237 1714 3293 (lelffl'afls
1724 3237 1775 3293 Vir
1776 3250 1827 3310 8²⁸

155 3330 192 3382 od
215 3331 406 3385 beatissimam
435 3331 539 3398 Papum
562 3331 676 3383 Leonem
706 3330 831 3384 Pomona
865 3329 945 3383 Urbis
999 3329 1156 3398 magorum,
1184 3326 1258 3381 idest
1290 3324 1540 3393 Philosophorum,
1573 3330 1602 3381 ει
1626 3325 1826 3383 ιιιιιιιειιοιιιιιι

154 3402 317 3471 Episcopum
334 3401 367 3453 de
381 3402 487 3454 ''alili‘’
504 3401 640 3454 Poscdoii.
999 3415 1123 3471 Diaboli.
1133 3415 1188 3484 Qui
1200 3420 1356 3478 estantem,
1367 3413 1608 3484 expauitbtoyses,
1620 3417 1647 3468 ει
1658 3412 1744 3486 iuglt,
1758 3413 1827 3484 quia

154 3505 254 3562 (lxlv.
269 3506 390 3561 Domino
407 3518 468 3561 meo
482 3504 674 3560 dilectissimo
688 3505 791 3574 Fratri,
803 3510 830 3560 ει
844 3504 947 3559 Consa·
1000 3504 1115 3575 quando
1129 3502 1319 3558 mortificatus
1332 3506 1376 3557 cst
1387 3501 1532 3568 Christus,
1548 3508 1731 3575 expiaverunt,
1746 3507 1775 3558 et
1786 3501 1830 3558 iu·

119 3595 229 3651 cerdoli
242 3594 326 3651 Leoni
336 3594 568 3663 Proterius,'eic.,
579 3593 694 3662 (Editor
702 3595 842 3653 Burlrerio,
845 3610 876 3662 p.
886 3590 944 3662 89.)

119 3704 221 3770 lneipit
248 3702 371 3770 Epistola
403 3702 525 3755 Floriani
552 3702 680 3770 Episcopi
706 3700 893 3754 dlranndrini
914 3699 947 3754 de

193 3781 255 3824 ortu
268 3772 404 3834 l’nsclrnli,
419 3788 447 3825 ro
458 3772 531 3840 quod
540 3777 682 3826 arriserunt
696 3773 747 3825 olii
759 3772 874 3826 diuerso.

156 3860 270 3916 cxcvi.
294 3862 333 3916 Do
353 3876 386 3915 eo
406 3861 481 3931 quod
503 3861 717 3929 scriptumest:
743 3863 804 3915 Post
834 3861 947 3915 biduum

122 3951 224 4005 Pascha
241 3954 295 4019 sart,
320 3950 510 4021 incongruum
531 3948 586 4005 luit
617 3949 721 4005 Pascha
735 3951 896 4005 iudaeorum
916 3950 945 4004 in

119 4039 313 4109 AEquinoctio,
331 4038 382 4093 hoc
395 4044 439 4093 εει
451 4038 479 4093 in
491 4053 540 4092 rnr
556 4037 617 4092 h'al.
633 4039 701 4107 ltpr.
718 4041 748 4093 ln
763 4038 946 4107 AEquinoctio

121 4126 268 4182 renovatio
290 4126 445 4181 norissima
467 4125 577 4196 ltundi,
594 4133 621 4180 et
637 4126 794 4195 redemptio
809 4140 858 4195 per
871 4128 948 4182 Cru-

120 4230 180 4270 cem
193 4214 312 4282 Christi,
323 4215 391 4284 quia
406 4214 434 4268 in
444 4214 625 4284 AEquinoctio
636 4213 801 4270 luitbtundi
811 4221 949 4271 constru-

1001 3599 1105 3665 gerunt
1130 3590 1281 3662 discipuli.
1310 3590 1434 3646 caudam
1462 3590 1642 3660 apprehende
1671 3592 1829 3662 posteriorc

1000 3682 1238 3753 adprehendente,
1256 3686 1288 3736 ut
1301 3685 1344 3736 εει
1367 3678 1456 3736 illud:
1473 3682 1627 3734 Posteriora
1638 3696 1697 3735 meo
1710 3681 1826 3736 uidetis.

1000 3771 1097 3826 Primo
1116 3769 1209 3826 lactus
1222 3774 1265 3825 est
1288 3770 1410 3838 Serpens
1423 3768 1471 3824 sed
1490 3768 1582 3824 cauda
1611 3773 1730 3837 retenta,
1746 3767 1827 3827 risus

1000 3868 1044 3917 εει
1057 3860 1175 3929 Capina,
1190 3859 1295 3915 deinde
1311 3854 1354 3912 ll.
1372 3859 1420 3913 Est
1430 3858 1517 3913 etiam
1530 3857 1559 3912 in
1575 3859 1668 3924 canda,
1680 3857 1827 3928 Serpentis

1001 3948 1262 4017 hnisseculi,quia
1275 3946 1434 4003 mortalitas
1446 3945 1559 4018 generis
1571 3945 1829 4003 humaniambulat

1001 4052 1051 4107 per
1066 4043 1216 4091 rnrrrtemn
1238 4035 1358 4091 ntaboto
1383 4035 1511 4104 inlatam,
1532 4035 1626 4090 sedin
1649 4034 1705 4091 tine
1725 4034 1827 4103 seculi,

1001 4125 1105 4181 sienta
1120 4124 1208 4178 cauda
1225 4123 1352 4178 redimus
1364 4125 1399 4179 ad
1417 4137 1530 4179 manum
1551 4123 1613 4193 Dei,
1638 4127 1667 4179 ει
1687 4122 1829 4179 edicimur

1001 4213 1162 4270 stabilitum
1176 4225 1294 4283 regnum
1308 4211 1368 4266 uei.
1386 4213 1452 4267 Post
1465 4212 1524 4267 haec
1536 4218 1631 4268 autem
1647 4213 1744 4268 omnia
1759 4212 1829 4268 hre-

120 4305 189 4373 ctio,
215 4310 243 4358 et
267 4303 476 4373 compositione
496 4303 597 4373 dispar
623 4303 680 4358 sibi
711 4304 832 4358 invicem
855 4302 948 4360 iuerat
1001 4303 1075 4357 viter
1089 4301 1192 4369 dicam,
1208 4299 1282 4369 quod
1296 4312 1450 4368 numquam
1468 4298 1592 4354 breviter
1603 4300 1678 4368 apud
1696 4299 1827 4355 Hebraeos

124 4399 254 4462 utraque.
283 4391 391 4447 Deinde
405 4392 493 4447 Adam
510 4390 660 4462 longitudo
677 4389 749 4446 lacta
767 4396 819 4461 cst,
843 4399 872 4447 et
894 4406 948 4462 po-
960 4406 988 4468 Β
1002 4396 1067 4445 ante
1079 4403 1118 4444 ,ιιι
1136 4388 1196 4442 lieri.
1212 4389 1277 4457 apr.
1291 4386 1360 4456 quia
1375 4386 1441 4440 luna
1458 4393 1522 4440 nata
1538 4385 1827 4443 inpraeparati

123 4481 211 4535 tentia
227 4480 276 4535 Dei
289 4479 384 4535 trihus
402 4479 505 4535 diebus
518 4477 618 4549 lactis;
635 4479 682 4534 sed
701 4479 746 4535 Sol
760 4479 874 4535 addidit
886 4495 950 4537 cur.
1003 4480 1034 4535 in
1049 4493 1076 4533 nr
1093 4475 1153 4532 liat.
1168 4479 1235 4546 ltpr.
1247 4476 1368 4532 Observa
1377 4474 1469 4545 igitur
1482 4488 1598 4530 cursum
1610 4474 1737 4529 lunarem
1744 4474 1828 4544 juxta

122 4583 185 4625 sum
197 4569 321 4638 dicrum,
332 4568 563 4638 quandoinlnxit
578 4569 606 4622 tn
618 4569 723 4623 blundo
735 4574 836 4638 quarto
848 4569 949 4625 diei·o
1004 4568 1130 4639 regulam
1155 4565 1328 4634 Graecorum,
1344 4568 1373 4619 et
1397 4576 1473 4618 more
1495 4563 1701 4634 AEgyptiorum,
1725 4566 1754 4618 ει
1768 4576 1825 4620 non

121 4656 268 4712 contrario
282 4657 417 4724 dempsit,
431 4670 483 4712 cur
495 4660 503 4678 ·
517 4661 644 4711 unctium
661 4657 765 4711 eterrim
780 4656 847 4711 dda
863 4671 949 4713 rone·
1003 4656 1158 4712 secundum
1176 4655 1306 4722 Epactas,
1326 4653 1399 4708 idest
1420 4651 1593 4720 adjectiones
1611 4650 1738 4721 lunares,
1753 4653 1823 4720 quta

123 4744 439 4800 rationcmcthonorem
450 4744 616 4814 aquinortii
627 4745 824 4821 novissimi,et
835 4746 948 4801 Pascha
1003 4744 1043 4799 ibi
1059 4741 1224 4813 pervenitur
1238 4737 1278 4795 al
1291 4740 1359 4795 luna
1375 4739 1506 4810 usquead
1519 4735 1561 4806 ld,
1578 4737 1625 4792 hic
1640 4740 1734 4793 autem
1745 4739 1780 4793 ad
1791 4736 1825 4795 l'o'

121 4832 230 4887 Christi
243 4832 405 4904 persignata
420 4836 472 4902 est,
484 4837 512 4887 et
527 4832 601 4888 lacta
614 4839 657 4888 εει
668 4833 760 4902 prima
774 4835 871 4890 ltnndi
884 4849 948 4891 con·
999 4834 1081 4902 juxta
1090 4829 1325 4897 compositionem
1336 4827 1461 4890 Ensehii,
1473 4828 1523 4897 qui
1533 4826 1826 4898 primusconsoripsit

122 4921 246 4976 structio
260 4921 290 4976 in
303 4920 478 4991 acquinoctio
489 4922 589 4991 primo.
603 4925 633 4977 ln
647 4922 821 4992 acquinoctio
833 4937 948 4993 quoque
1001 4920 1142 4976 circulum
1155 4915 1189 4974 to
1200 4931 1349 4989 annnorum,
1362 4917 1522 4985 Attianasii,
1534 4914 1697 4986 Theophili,
1709 4914 1824 4989 Cyrilli,

122 5008 198 5064 iacta
213 5016 255 5064 est
270 5009 389 5079 solutio,
402 5015 430 5065 ει
452 5010 609 5080 redemptio
633 5010 739 5067 israhel
754 5011 789 5066 de
809 5011 946 5069 servitute
1000 5009 1189 5079 Dionysiique
1203 5007 1311 5078 exigui,
1337 5005 1507 5077 usquedum
1531 5005 1650 5075 scripsit
1678 5004 1825 5061 Victorius

122 5097 295 5167 ludaeorum,
307 5099 484 5155 etineodem
496 5099 670 5170 aequinoctio
681 5105 794 5170 postnn
807 5100 944 5170 liuthpr.
1000 5098 1203 5166 llilarioPapae
1232 5095 1317 5151 Urbis
1339 5096 1432 5151 Rornae
1459 5095 1608 5164 Episcopo.
1633 5095 1823 5149 Funcacees·

85 5185 91 5192 '
124 5186 260 5255 praecepit
287 5188 357 5242 tiliis
385 5187 469 5242 lsrael
499 5188 642 5244 celebrare
663 5189 778 5253 Pascha,
803 5190 878 5258 quod
903 5194 947 5245 est
1000 5186 1305 5255 seruntdisputatores
1324 5182 1509 5239 Alexandrini
1529 5187 1557 5238 ει
1578 5178 1825 5237 incrementen-

124 5284 210 5344 typus
224 5276 335 5332 Paschae
352 5276 442 5332 laturi
455 5277 563 5333 Christi
585 5293 633 5346 per·
645 5277 740 5332 omnia
764 5280 792 5333 in
808 5280 888 5334 tinen
912 5293 946 5334 en
1000 5276 1082 5331 culos
1098 5281 1161 5344 post
1178 5274 1252 5329 alios
1264 5272 1435 5328 ‹lescribcro
1452 5273 1572 5328 Finiunt
1588 5271 1629 5325 hae
1643 5266 1777 5335 Epistolae
1794 5264 1825 5320 ltt

125 5365 222 5420 initio.
235 5365 331 5436 Typus
344 5379 466 5438 namque
477 5366 586 5422 Christi
597 5381 698 5438 agnus,
711 5368 761 5437 qui
771 5369 946 5436 estoccisus,
1001 5367 1051 5422 Dei
1069 5364 1195 5421 nomine.
1209 5365 1305 5418 hatten.

122 5459 153 5510 ει
166 5455 357 5510 manducatur
378 5455 510 5525 quotidie
528 5457 653 5527 lignosa
669 5461 775 5524 septem
798 5456 881 5527 viris,
895 5457 948 5514 hoc
1145 5455 1244 5524 incipit
1252 5456 1380 5524 pra-sntio
1395 5454 1522 5507 introitio
1537 5449 1680 5516 Episcopo

124 5550 168 5599 est
190 5557 203 5597 a
220 5550 327 5614 septem
340 5544 479 5616 gradibus
491 5545 634 5601 Ecclesiae.
648 5545 768 5601 Tantum
784 5552 878 5601 autem
895 5548 953 5602 rni-
1038 5548 1164 5604 tlxhi'tt.
1190 5543 1311 5601 [turnino
1335 5542 1503 5599 Beatissimo
1520 5544 1548 5594 et
1567 5535 1690 5591 nimium
1711 5533 1830 5592 deside-
