3876 6090
188 230 258 289 roes
490 229 636 286 urrann.
657 227 802 286 sessu.
824 223 1090 285 rx.-sueeceu.
1111 220 1157 276 uu
1176 194 1585 275 incucuervuursunnr.
1825 199 1890 260 tusc

186 343 300 400 himina
314 355 398 415 quem
413 342 511 414 templi
525 342 667 414 quondam
686 348 803 400 tenuere
816 340 972 412 sepultum,
1025 338 1051 395 Α
1101 333 1204 402 Filius,
1218 347 1250 389 nc
1266 331 1369 403 praesul
1386 330 1522 387 lliucmar
1536 331 1639 399 utrque
1651 337 1735 382 sacra

219 433 383 490 servantem
393 431 508 489 bomini
522 435 610 503 saepta
623 445 793 505 gregemque
809 431 866 498 sui,
1064 427 1147 482 vectu
1156 421 1458 495 augeutdeenrautque
1469 417 1568 489 simul,
1578 415 1725 485 bustoque
1738 410 1892 468 recondunt

184 521 332 594 Extemplo
347 524 378 578 ut
399 521 524 593 populus
537 521 625 591 hujus
633 521 693 591 jam
707 520 840 593 dogmate
855 518 957 589 plenus
1101 515 1272 570 Francorum
1293 523 1425 582 maguum
1448 505 1613 580 pontificale
1634 504 1736 561 decus.

220 610 380 682 concrevit,
399 609 508 681 pariter
522 609 613 665 crevit
630 616 658 664 et
678 608 733 665 ista
745 609 867 665 domus:

184 699 347 758 Transtulit
363 702 391 756 et
406 703 537 756 sanctum
552 697 673 755 sublimi
688 697 755 754 sede
771 696 886 766 locavit,
1100 693 1182 749 duno
1198 704 1215 747 a
1232 687 1388 746 Nativitate
1400 684 1515 744 Domini
1536 680 1601 752 852,
1615 696 1643 739 rv
1662 679 1727 738 Kal.
1742 680 1836 752 lunii,
1848 694 1893 737 re-

221 791 355 847 Cerueret
368 792 401 845 ut
413 787 533 859 plebem,
550 786 630 857 plebs
637 800 752 858 quoque
765 785 819 842 dde
836 787 957 842 Patrem.
1067 782 1115 854 gni
1130 794 1197 838 vero
1209 778 1303 836 Caroli
1315 791 1369 844 ιιι,
1385 773 1569 833 ordinatione
1581 783 1699 844 quoquc
1713 769 1892 840 episcopatus

187 881 245 937 lieu
260 892 358 936 verum
380 877 499 934 Carolus
512 875 649 933 ludovici
662 876 784 933 Caesaris
795 875 889 931 ulmus
1067 869 1213 928 llincmari
1231 881 1295 940 xrrv,
1312 865 1471 923 indictione
1488 877 1537 919 xv.

191 1019 1887 1056 ——.........-..-----——-——-——-——

846 1169 934 1213 nunt
954 1167 1072 1211 DOMINI
1095 1167 1116 1209 D
1127 1167 1184 1209 CCC
1195 1166 1248 1209 Lv.

789 1315 1307 1438 nantharius

599 1539 1064 1615 inculhrlscovbs
1122 1534 1482 1612 tunonensis,

702 1835 1014 1957 ulhluhll
1053 1837 1106 1956 B.
1139 1834 1400 1956 ululllll

196 2018 280 2083 Post
297 2019 374 2101 esus
392 2020 702 2116 reuersiocemeicue
719 2022 870 2104 corporis
883 2022 998 2116 ipsius
1021 2020 1261 2114 depositionem
1278 2018 1396 2102 suctu,·
1415 2019 1509 2111 editu
1529 2015 1585 2112 cd
1597 2017 1777 2110 Hanuurvo,
1806 2012 1898 2097 prim

408 2100 524 2165 cbdcte
550 2104 699 2183 Magoras
716 2105 933 2183 Monnsterec,
962 2105 1038 2185 post
1063 2100 1315 2184 urchwpescopo
1340 2101 1491 2163 Turones
1515 2099 1686 2164 cruuntur.

660 2236 760 2301 (Apud
776 2236 878 2300 Reium,
888 2235 1057 2288 Miscellnuea
1070 2248 1151 2296 sacra,
1166 2237 1230 2285 tom.
1244 2234 1276 2295 ll,
1294 2247 1356 2297 pag.
1372 2232 1444 2296 ibt.)

233 2469 340 2527 ibsida
355 2470 510 2544 siquidem,
527 2470 577 2529 nbi
593 2484 698 2541 corpus
715 2470 791 2528 beati
802 2470 919 2528 lfartiui
934 2470 1024 2529 conti·
1038 2469 1063 2531 B
1078 2468 1190 2527 fuerant
1202 2470 1322 2542 evocati,
1335 2468 1457 2525 maxime
1468 2466 1667 2526 verobarones
1677 2463 1820 2523 Turonici
1831 2461 1895 2536 pagi,

199 2556 329 2627 uebatur,
357 2572 442 2629 quum
466 2560 553 2616 etium
573 2560 736 2617 detulerant
757 2558 794 2616 ab
810 2559 1021 2630 Autissiodoro,
1077 2558 1253 2617 foedaverunt
1268 2560 1432 2617 societatem
1444 2563 1472 2615 et
1482 2556 1652 2615 benedcium
1663 2553 1798 2612 ccclesia
1810 2551 1895 2624 largiti

198 2642 366 2702 fusiliserat
378 2659 412 2702 er
425 2659 495 2704 nuru
505 2655 533 2704 et
543 2654 660 2720 argento
671 2648 1021 2720 quoddiciturelectrum,
1076 2648 1291 2721 suntcontigit
1302 2652 1397 2704 autem
1408 2646 1505 2704 eodem
1519 2658 1624 2715 meuse,
1635 2644 1708 2701 dum
1721 2637 1896 2700 essetcnnsul

197 2731 702 2808 spissitudineduorumdigitorum,
713 2741 914 2807 auctoremque
926 2736 1023 2807 operis
1078 2736 1253 2810 ingelgerius
1275 2736 1408 2806 Turonis,
1435 2735 1616 2794 ddalaudum
1642 2730 1811 2790 confectum
1829 2729 1897 2786 senio

198 2820 312 2877 heatmn
333 2822 502 2894 Perpetuam
526 2824 736 2895 insculptarum
754 2837 788 2882 ac
791 2865 845 2880 .....
867 2823 1023 2898 designans
1077 2827 1151 2882 viam
1165 2828 1305 2882 universa
1317 2825 1414 2882 carnis
1427 2824 1544 2880 intrare.
1561 2821 1745 2897 ingelgerius
1756 2833 1824 2877 vero
1838 2831 1896 2875 con-

199 2907 336 2982 suffragio
359 2909 522 2969 litterarum
544 2916 572 2969 et
603 2926 748 2983 versuum,
775 2926 826 2970 uec
849 2918 911 2969 erat
936 2912 1020 2985 rima,
1076 2914 1312 2984 sul,nutilinute
1331 2914 1389 2971 Dec
1403 2917 1432 2970 et
1452 2911 1645 2968 intercedente
1667 2909 1755 2966 beato
1774 2908 1896 2976 liartino,

197 2994 335 3069 foramen,
352 2998 476 3058 fenestra
489 3005 519 3058 et
532 3000 639 3058 ostium
651 3001 681 3058 in
701 3014 743 3058 ea.
756 3003 833 3059 Hauc
845 3006 940 3059 autem
953 3000 1023 3059 fece·
1076 3001 1289 3074 opitulantibus
1298 3002 1383 3058 etiam
1396 3000 1521 3073 clericis,
1534 3012 1643 3057 necnon
1654 2995 1897 3056 consentientibus

197 3090 242 3143 rat
258 3086 358 3146 beatus
379 3091 546 3163 Perpetuus,
563 3090 677 3163 quando
694 3090 817 3148 elevavit
839 3105 945 3163 corpus
958 3091 1023 3163 ejus
1076 3091 1189 3149 civibus
1200 3090 1349 3148 Turouicae
1364 3090 1504 3162 civitatis,
1524 3086 1739 3145 inthronizavit
1752 3089 1783 3144 ct
1798 3084 1829 3142 iu
1843 3083 1897 3141 sede

197 3189 213 3232 a
229 3181 314 3249 terra,
331 3177 493 3237 involutum
508 3179 591 3250 prius
606 3180 636 3236 in
652 3194 780 3252 purpura
796 3180 893 3252 rubea,
905 3185 934 3238 et
946 3180 1023 3238 dili·
1075 3179 1232 3253 episcopali
1250 3179 1419 3238 sublimavit
1432 3179 1603 3248 lieberuum,
1619 3190 1730 3247 senem,
1748 3175 1826 3233 beati
1839 3174 1897 3230 ilar

198 3271 297 3338 genter
317 3272 480 3340 consutum,
507 3268 607 3342 sicque
622 3270 653 3326 iu
667 3270 740 3328 hauc
762 3269 892 3327 absidam
912 3271 1018 3341 posuit.
1076 3270 1131 3327 tiui
1144 3270 1262 3340 majoris
1271 3268 1575 3327 monasteriiahhatem
1585 3266 1808 3325 etmiuistrum.
1818 3263 1895 3322 beni-

196 3356 366 3414 Fecitetiaru
375 3358 465 3415 altare
476 3360 681 3430 quadratumet
690 3372 864 3416 coronamer
874 3358 1022 3430 lapidibus
1076 3374 1132 3431 que
1144 3363 1207 3430 post
1222 3359 1297 3416 beati
1310 3358 1425 3416 liartlui
1439 3357 1475 3415 ab
1489 3357 1694 3415 Autissiodoro
1704 3355 1893 3418 reversionem,

197 3443 344 3517 tabulatis,
357 3446 433 3519 quod
448 3461 549 3520 magua
559 3447 656 3503 tabula
669 3447 828 3519 cooperuit,
840 3451 942 3504 etcum
952 3448 1021 3506 aliis
1076 3451 1136 3506 sive
1148 3454 1212 3520 post
1223 3449 1353 3520 corporis
1365 3450 1428 3519 ejus
1440 3447 1662 3519 depositionem,
1686 3446 1725 3502 ob
1739 3445 1835 3518 ipsius
1845 3456 1895 3500 me-

196 3534 382 3591 eaemeutavit.
407 3535 488 3592 Eecit
509 3535 596 3591 etiam
621 3534 702 3591 intus
724 3534 811 3591 aliam
834 3534 963 3592 absidam
986 3551 1022 3593 ex
1078 3539 1133 3594 rita
1146 3539 1229 3610 louge
1240 3538 1353 3611 lateque
1366 3536 1550 3609 propalanda,
1562 3535 1759 3594 creberrimas
1770 3533 1893 3592 Dominus

196 3623 373 3695 aurichalco,
382 3637 470 3695 cupro
481 3629 508 3679 et
521 3629 632 3693 stanno,
641 3623 768 3694 fusilem,
781 3621 887 3680 habeus
896 3623 1021 3694 palmum
1075 3628 1110 3684 ud
1121 3628 1184 3698 ejus
1196 3627 1358 3697 sepulcrum
1368 3625 1544 3683 venerabiles
1552 3625 1677 3683 virtutes
1687 3624 1805 3696 operari
1813 3623 1895 3695 digm

198 3713 227 3768 iu
243 3712 435 3782 spissitudine
448 3727 512 3769 cum
528 3712 604 3769 ostio
617 3709 716 3780 fusili;
729 3712 887 3784 gumphiis,
903 3713 1023 3770 etvirte·
1078 3722 1133 3772 tur.
1150 3716 1189 3771 De
1211 3715 1319 3788 quibus
1333 3716 1448 3789 quidem
1464 3713 1623 3772 virtutibus
1637 3713 1733 3770 multa
1746 3711 1894 3786 frequenter

197 3800 297 3856 vellis:
311 3806 339 3856 et
349 3806 472 3871 quatuor
482 3800 612 3856 clavibus
623 3799 799 3856 firmabatur.
811 3801 1022 3875 Fecitdeuique
1035 3805 1061 3880 c
1076 3804 1252 3862 audivimus.
1266 3804 1318 3860 Sed
1331 3806 1366 3861 de
1377 3803 1514 3876 plurimis
1528 3802 1670 3860 nouuulla
1690 3801 1894 3872 miraculaque

197 3888 306 3945 fredum
318 3889 441 3960 desuper
456 3904 526 3947 nuru
546 3889 654 3960 optimc
669 3895 697 3945 et
717 3888 864 3959 lapidibus
888 3893 1024 3962 pretiosis
1076 3894 1204 3951 divimus
1230 3894 1376 3952 declarare
1393 3893 1581 3950 decrevimus.

199 3983 278 4034 tauto
302 3979 448 4036 sacerdote
474 3979 655 4050 condignam.
672 3980 801 4050 Denique
827 3981 933 4037 meruit
948 3982 1023 4040 idem
1114 3985 1134 4038 l.
1152 3983 1310 4054 Episcopus
1333 3983 1458 4053 Leudici,
1480 3981 1629 4038 llildricus
1643 3980 1775 4054 nomine,
1788 3981 1832 4039 vir
1844 3991 1896 4034 mo-

198 4068 298 4124 consul
312 4082 376 4124 cum
395 4067 609 4125 venerabilibus
622 4068 768 4141 episcopis
778 4068 926 4127 hdaiaudo
938 4073 1025 4129 Turo-
1079 4087 1141 4130 rum
1154 4073 1300 4129 honestate
1309 4071 1476 4143 laudabilis,
1487 4069 1600 4129 occulto
1608 4069 1660 4125 Dei
1670 4070 1790 4139 iudicio
1800 4066 1894 4136 morbo,

199 4157 292 4228 neusi,
308 4160 337 4214 et
361 4158 389 4213 S.
412 4160 489 4228 Lupo
503 4157 708 4232 andegavensi,
729 4161 757 4214 et
772 4157 917 4216 liuiuoldo
930 4158 1025 4216 ceno-
1078 4159 1441 4233 quivulgolupusdlcitur,
1450 4157 1728 4217 miserabiliterivuo
1737 4157 1897 4217 mirabiliter

199 4247 397 4319 manneusi,et
408 4246 545 4304 haimone
552 4247 765 4319 aurelianensi,
779 4261 885 4318 corpus
895 4262 969 4320 saepe
977 4262 1026 4307 no-
1079 4249 1235 4306 laborabat.
1252 4249 1417 4307 Patiehutur
1431 4253 1525 4307 autem
1543 4249 1573 4304 iu
1589 4247 1721 4305 uatibus.
1736 4249 1807 4305 Erat
1818 4247 1897 4320 igitur

200 4336 634 4394 minandiconfessorisllartiui
647 4334 868 4392 lufraumbitum
879 4336 980 4394 altaris
994 4338 1023 4395 iu
1078 4338 1175 4395 videre
1191 4339 1317 4395 miseria.
1333 4339 1400 4395 Tam
1421 4338 1547 4410 graviter
1568 4336 1646 4394 euim
1663 4337 1710 4394 vis
1735 4333 1898 4394 valetudinis

199 4427 290 4484 altera
310 4426 411 4484 absida
439 4439 618 4496 componere,
646 4425 799 4496 ipsumque
828 4425 935 4482 ostium
956 4441 1024 4484 cum
1079 4427 1262 4501 grassabatur
1277 4434 1310 4485 ut
1333 4427 1439 4484 mirum
1456 4428 1485 4483 lu
1506 4427 1621 4485 modum
1643 4439 1751 4484 carues
1762 4428 1818 4485 viri
1833 4436 1898 4482 nore

199 4516 299 4572 absida
325 4515 536 4588 sigillaverunt,
566 4515 605 4570 ita
630 4519 662 4570 ut
686 4527 737 4569 uec
757 4519 865 4583 pateret
885 4514 983 4571 aditus
997 4519 1025 4571 et
1080 4517 1181 4588 lupino
1204 4520 1393 4585 consumeret,
1415 4516 1589 4587 corroderet,
1611 4516 1780 4590 devoraret,
1799 4516 1899 4574 solun-

201 4604 348 4661 introitus.
365 4606 435 4661 Cum
451 4604 529 4661 omui
542 4609 636 4659 nutem
649 4603 773 4660 consilio
785 4604 925 4661 dederunt
938 4604 1027 4677 lugel·
1080 4618 1134 4675 que
1144 4604 1291 4675 solatium,
1307 4619 1362 4661 uon
1379 4605 1495 4676 quidem
1510 4617 1576 4674 spes
1597 4603 1755 4661 evadendae
1767 4602 1899 4679 agritudo

200 4693 280 4762 gerlo
292 4694 391 4750 comiti
404 4692 581 4764 praebendum
597 4691 671 4750 beuti
688 4692 802 4749 hlartiui
820 4693 875 4763 ipsi
889 4699 917 4749 et
933 4693 1027 4750 haerc-
1080 4693 1197 4765 nis,sed
1219 4695 1317 4751 saltem
1338 4693 1441 4750 dilutio
1462 4692 1574 4763 mortis,
1590 4697 1653 4748 erat
1674 4693 1756 4764 quod
1781 4691 1899 4768 qucbdie

201 4779 289 4837 dibus
312 4781 376 4852 ejus
397 4780 428 4836 in
452 4787 619 4852 perpetuum
635 4781 845 4854 possidendam.
863 4782 936 4853 Quin
960 4797 1025 4840 vero
1079 4783 1137 4839 duo
1150 4783 1223 4854 pulli
1240 4782 1413 4855 gallinarum
1428 4781 1576 4853 explumes
1594 4784 1622 4836 et
1647 4782 1804 4840 eviscerati
1820 4793 1898 4848 mane,

202 4870 322 4930 ecclesia
342 4871 468 4943 ejusdem
488 4871 580 4926 sancti
596 4877 664 4928 tuuc
680 4871 817 4943 temporis
830 4871 945 4928 carebat
959 4871 1027 4929 the-
1079 4874 1194 4946 duoque
1220 4885 1345 4947 vespere,
1372 4872 1434 4928 vice
1458 4871 1590 4928 carnium
1624 4870 1683 4927 viri
1721 4866 1899 4930 cousuneudi

203 4960 1027 5035 saurariuetaedituo,cousulemingelgeriuminthrouiua·
1082 4961 1189 5034 morbo,
1213 4960 1285 5018 acsi
1306 4960 1414 5032 lupinae
1435 4958 1538 5032 rabiei,
1561 4959 1777 5031 opponebatur.
1795 4962 1849 5018 Nec
1864 4957 1901 5015 slc

202 5058 313 5124 verunt,
329 5059 357 5109 et
367 5051 579 5109 thesaurarium
589 5052 802 5109 constituerunt
813 5059 841 5109 et
851 5051 1026 5110 defensorem
1081 5049 1532 5122 cessabatcuusurnptlocaruium
1544 5050 1615 5120 ejus.
1629 5049 1829 5110 invisceratus
1836 5048 1902 5108 cuin

202 5141 328 5201 ecclesiae
340 5140 478 5213 fecerunt,
489 5147 517 5198 et
531 5146 653 5199 tutorem
668 5142 795 5198 omnium
813 5142 1026 5212 possessionum
1041 5140 1068 5203 D
1083 5141 1208 5212 morbus,
1220 5145 1248 5198 et
1261 5140 1286 5196 si
1302 5138 1457 5212 aliquando
1469 5138 1650 5196 extrinsecus
1667 5136 1849 5213 pascebatur,
1861 5138 1904 5196 iu-

203 5235 276 5305 ejus,
300 5230 464 5302 ubicunque
489 5237 593 5301 esseut,
623 5229 833 5301 delegaverunt.
856 5231 910 5301 Qui
932 5232 1026 5288 wdem
1082 5231 1235 5288 trinsecum
1250 5235 1343 5286 umen
1358 5228 1504 5285 materiam
1520 5226 1701 5285 familiarius
1715 5227 1902 5288 consumebat

205 5321 379 5380 thesaurarii
395 5326 422 5377 et
443 5320 543 5376 domos
556 5333 619 5376 curu
637 5319 810 5391 redditibus,
825 5320 956 5392 quandiu
972 5321 1028 5377 ad·
1081 5320 1154 5392 Quid
1182 5319 1288 5392 plural
1309 5317 1534 5390 Desperantfhus
1549 5317 1683 5391 medicis,
1699 5332 1774 5378 cura
1785 5318 1902 5378 omniun

204 5414 288 5482 vixit,
303 5411 440 5471 obtinuit
453 5410 557 5466 Omnes
567 5415 661 5466 autem
674 5409 800 5481 quicum
813 5410 931 5468 consule
940 5411 1029 5484 lugel-
1084 5409 1229 5466 inutiliter
1241 5407 1406 5480 frustraque
1415 5411 1595 5479 cousumpta,
1605 5407 1776 5482 episcopus,
1785 5409 1846 5468 acsi
1857 5419 1904 5463 uo

206 5504 283 5579 gerlo
294 5507 386 5576 eraut,
402 5505 431 5559 et
444 5498 480 5557 ad
495 5513 600 5572 corpus
614 5498 689 5556 beati
705 5499 821 5557 llartiui
835 5498 1026 5558 reducendum
1084 5499 1204 5571 riturns,
1219 5497 1255 5554 ab
1271 5497 1395 5556 humana
1409 5496 1504 5554 salute
1515 5496 1632 5569 penitus
1641 5495 1830 5558 destituitur.
1847 5493 1903 5567 scd,
