<?xml version="1.0" encoding="UTF-8"?>
<!DOCTYPE html PUBLIC "-//W3C//DTD XHTML 1.0 Transitional//EN"
    "http://www.w3.org/TR/xhtml1/DTD/xhtml1-transitional.dtd">
<html xmlns="http://www.w3.org/1999/xhtml" xml:lang="en" lang="en">
 <head>
  <title>
</title>
<meta http-equiv="Content-Type" content="text/html;charset=utf-8" />
  <meta name='ocr-system' content='tesseract 3.04.00' />
  <meta name='ocr-capabilities' content='ocr_page ocr_carea ocr_par ocr_line ocrx_word'/>
</head>
<body>
  <div class='ocr_page' id='page_1' title='image "./patrologiaecurs06migngoog_0110.png"; bbox 0 0 3876 6090; ppageno 0'>
   <div class='ocr_carea' id='block_1_1' title="bbox 114 257 179 316">
    <p class='ocr_par' dir='ltr' id='par_1_1' title="bbox 114 257 179 316">
     <span class='ocr_line' id='line_1_1' title="bbox 114 257 179 316; baseline 0 -1"><span class='ocrx_word' id='word_1_1' title='bbox 114 257 179 316; x_wconf 67' lang='lat'>909</span> 
     </span>
    </p>
   </div>
   <div class='ocr_carea' id='block_1_2' title="bbox 524 258 1425 318">
    <p class='ocr_par' dir='ltr' id='par_1_2' title="bbox 524 258 1425 318">
     <span class='ocr_line' id='line_1_2' title="bbox 524 258 1425 318; baseline -0.001 -3"><span class='ocrx_word' id='word_1_2' title='bbox 524 259 797 318; x_wconf 68' lang='lat' dir='ltr'>paschasiano</span> <span class='ocrx_word' id='word_1_3' title='bbox 815 258 939 317; x_wconf 72' lang='lat' dir='ltr'>sallom</span> <span class='ocrx_word' id='word_1_4' title='bbox 957 260 1004 316; x_wconf 77' lang='lat' dir='ltr'>t⁷11</span> <span class='ocrx_word' id='word_1_5' title='bbox 1022 258 1268 317; x_wconf 78' lang='lat' dir='ltr'>causatus-</span> <span class='ocrx_word' id='word_1_6' title='bbox 1285 259 1386 317; x_wconf 75' lang='lat' dir='ltr'>actio</span> <span class='ocrx_word' id='word_1_7' title='bbox 1405 262 1425 316; x_wconf 90' lang='grc' dir='ltr'>Ι.</span> 
     </span>
    </p>
   </div>
   <div class='ocr_carea' id='block_1_3' title="bbox 1766 255 1821 331">
    <p class='ocr_par' dir='ltr' id='par_1_3' title="bbox 1766 255 1821 331">
     <span class='ocr_line' id='line_1_3' title="bbox 1766 255 1821 331; baseline -0.018 -14"><span class='ocrx_word' id='word_1_8' title='bbox 1766 255 1821 331; x_wconf 79' lang='lat' dir='ltr'>aro</span> 
     </span>
    </p>
   </div>
   <div class='ocr_carea' id='block_1_4' title="bbox 115 385 1821 461">
    <p class='ocr_par' dir='ltr' id='par_1_4' title="bbox 115 385 1821 461">
     <span class='ocr_line' id='line_1_4' title="bbox 115 385 1821 461; baseline 0 -20"><span class='ocrx_word' id='word_1_9' title='bbox 115 386 406 457; x_wconf 73' lang='lat' dir='ltr'>constantinopoleos</span> <span class='ocrx_word' id='word_1_10' title='bbox 424 390 516 446; x_wconf 83' lang='lat' dir='ltr'>dixit:</span> <span class='ocrx_word' id='word_1_11' title='bbox 538 389 735 461; x_wconf 79' lang='lat' dir='ltr'>Opportunum</span> <span class='ocrx_word' id='word_1_12' title='bbox 746 393 788 444; x_wconf 90' lang='lat' dir='ltr'>est</span> <span class='ocrx_word' id='word_1_13' title='bbox 807 385 981 447; x_wconf 80' lang='lat' dir='ltr'>numdi-A</span> <span class='ocrx_word' id='word_1_14' title='bbox 996 385 1145 453; x_wconf 89' lang='lat' dir='ltr'>jusserunt</span> <span class='ocrx_word' id='word_1_15' title='bbox 1163 387 1275 443; x_wconf 90' lang='lat' dir='ltr'>mittere</span> <span class='ocrx_word' id='word_1_16' title='bbox 1293 386 1328 442; x_wconf 90' lang='lat' dir='ltr'>ad</span> <span class='ocrx_word' id='word_1_17' title='bbox 1342 398 1452 442; x_wconf 92' lang='lat' dir='ltr'>omnem</span> <span class='ocrx_word' id='word_1_18' title='bbox 1465 391 1602 441; x_wconf 84' lang='lat' dir='ltr'>sacratam</span> <span class='ocrx_word' id='word_1_19' title='bbox 1620 385 1758 456; x_wconf 90' lang='lat' dir='ltr'>synodum</span> <span class='ocrx_word' id='word_1_20' title='bbox 1768 398 1821 441; x_wconf 86' lang='lat' dir='ltr'>ve-</span> 
     </span>
    </p>
   </div>
   <div class='ocr_carea' id='block_1_5' title="bbox 107 475 943 1521">
    <p class='ocr_par' dir='ltr' id='par_1_5' title="bbox 107 475 943 1521">
     <span class='ocr_line' id='line_1_5' title="bbox 113 475 943 550; baseline 0.001 -21"><span class='ocrx_word' id='word_1_21' title='bbox 113 489 178 530; x_wconf 87' lang='lat' dir='ltr'>cere</span> <span class='ocrx_word' id='word_1_22' title='bbox 190 476 386 545; x_wconf 87' lang='lat' dir='ltr'>propheticam</span> <span class='ocrx_word' id='word_1_23' title='bbox 409 477 487 533; x_wconf 93' lang='lat' dir='ltr'>illam</span> <span class='ocrx_word' id='word_1_24' title='bbox 508 492 613 550; x_wconf 90' lang='lat' dir='ltr'>vocem,</span> <span class='ocrx_word' id='word_1_25' title='bbox 632 491 716 549; x_wconf 87' lang='lat' dir='ltr'>quam</span> <span class='ocrx_word' id='word_1_26' title='bbox 736 491 808 547; x_wconf 87' lang='lat' dir='ltr'>sape</span> <span class='ocrx_word' id='word_1_27' title='bbox 823 475 943 532; x_wconf 89' lang='lat' dir='ltr'>audivi-</span> 
     </span>
     <span class='ocr_line' id='line_1_6' title="bbox 117 564 942 637; baseline -0.002 -19"><span class='ocrx_word' id='word_1_28' title='bbox 117 577 184 618; x_wconf 89' lang='lat' dir='ltr'>mus</span> <span class='ocrx_word' id='word_1_29' title='bbox 194 577 244 633; x_wconf 89' lang='lat' dir='ltr'>per</span> <span class='ocrx_word' id='word_1_30' title='bbox 257 564 446 637; x_wconf 83' lang='lat' dir='ltr'>Evangeiium</span> <span class='ocrx_word' id='word_1_31' title='bbox 459 566 607 636; x_wconf 72' lang='lat' dir='ltr'>praedicari</span> <span class='ocrx_word' id='word_1_32' title='bbox 620 584 626 620; x_wconf 95' lang='lat'><strong>:</strong></span> <span class='ocrx_word' id='word_1_33' title='bbox 647 568 737 620; x_wconf 67' lang='lat' dir='ltr'>Evocat</span> <span class='ocrx_word' id='word_1_34' title='bbox 748 582 837 636; x_wconf 82' lang='lat' dir='ltr'>praue</span> <span class='ocrx_word' id='word_1_35' title='bbox 852 567 881 617; x_wconf 82' lang='grc'>111</span> <span class='ocrx_word' id='word_1_36' title='bbox 893 565 942 617; x_wconf 85' lang='lat' dir='ltr'>di-</span> 
     </span>
     <span class='ocr_line' id='line_1_7' title="bbox 113 652 938 725; baseline 0.002 -21"><span class='ocrx_word' id='word_1_37' title='bbox 113 657 209 713; x_wconf 69' lang='grc'>11111·</span> <span class='ocrx_word' id='word_1_38' title='bbox 224 657 250 705; x_wconf 88' lang='lat' dir='ltr'>rt</span> <span class='ocrx_word' id='word_1_39' title='bbox 268 667 367 721; x_wconf 81' lang='lat' dir='ltr'>aspero</span> <span class='ocrx_word' id='word_1_40' title='bbox 386 655 416 706; x_wconf 81' lang='lat' dir='ltr'>r&#39;rv</span> <span class='ocrx_word' id='word_1_41' title='bbox 438 656 500 722; x_wconf 15' lang='lat' dir='ltr'>uias,</span> <span class='ocrx_word' id='word_1_42' title='bbox 518 654 618 723; x_wconf 83' lang='lat' dir='ltr'>plenos</span> <span class='ocrx_word' id='word_1_43' title='bbox 639 654 712 725; x_wconf 86' lang='lat' dir='ltr'>(Luc.</span> <span class='ocrx_word' id='word_1_44' title='bbox 736 669 781 716; x_wconf 83' lang='lat' dir='ltr'>vti,</span> <span class='ocrx_word' id='word_1_45' title='bbox 803 656 857 708; x_wconf 83' lang='grc'>111.</span> <span class='ocrx_word' id='word_1_46' title='bbox 884 652 938 724; x_wconf 82' lang='lat' dir='ltr'>nt).</span> 
     </span>
     <span class='ocr_line' id='line_1_8' title="bbox 113 738 941 814; baseline 0.001 -20"><span class='ocrx_word' id='word_1_47' title='bbox 113 738 234 806; x_wconf 85' lang='lat' dir='ltr'>Quando</span> <span class='ocrx_word' id='word_1_48' title='bbox 253 740 331 795; x_wconf 92' lang='lat' dir='ltr'>enim</span> <span class='ocrx_word' id='word_1_49' title='bbox 353 740 508 798; x_wconf 87' lang='lat' dir='ltr'>Deusfacit</span> <span class='ocrx_word' id='word_1_50' title='bbox 526 741 650 814; x_wconf 87' lang='lat' dir='ltr'>aliquid,</span> <span class='ocrx_word' id='word_1_51' title='bbox 668 743 763 798; x_wconf 89' lang='lat' dir='ltr'>omnis</span> <span class='ocrx_word' id='word_1_52' title='bbox 780 743 809 798; x_wconf 92' lang='grc'>11</span> <span class='ocrx_word' id='word_1_53' title='bbox 821 741 941 811; x_wconf 83' lang='lat' dir='ltr'>hisqua</span> 
     </span>
     <span class='ocr_line' id='line_1_9' title="bbox 114 827 941 902; baseline 0.005 -20"><span class='ocrx_word' id='word_1_54' title='bbox 114 834 244 899; x_wconf 86' lang='lat' dir='ltr'>aguntur</span> <span class='ocrx_word' id='word_1_55' title='bbox 267 827 395 886; x_wconf 79' lang='lat' dir='ltr'>facilitas</span> <span class='ocrx_word' id='word_1_56' title='bbox 411 831 554 902; x_wconf 86' lang='lat' dir='ltr'>sequitur,</span> <span class='ocrx_word' id='word_1_57' title='bbox 574 831 857 901; x_wconf 85' lang='lat' dir='ltr'>quoniamvoluntati</span> <span class='ocrx_word' id='word_1_58' title='bbox 878 830 941 899; x_wconf 81' lang='lat' dir='ltr'>ejus</span> 
     </span>
     <span class='ocr_line' id='line_1_10' title="bbox 111 917 938 990; baseline 0.002 -18"><span class='ocrx_word' id='word_1_59' title='bbox 111 917 341 974; x_wconf 86' lang='lat' dir='ltr'>resistitnullus.</span> <span class='ocrx_word' id='word_1_60' title='bbox 350 919 479 976; x_wconf 89' lang='lat' dir='ltr'>Nametsi</span> <span class='ocrx_word' id='word_1_61' title='bbox 488 933 522 975; x_wconf 85' lang='grc'>11</span> <span class='ocrx_word' id='word_1_62' title='bbox 532 919 938 990; x_wconf 84' lang='lat' dir='ltr'>antiquihostisimmissione,</span> 
     </span>
     <span class='ocr_line' id='line_1_11' title="bbox 109 1005 938 1083; baseline 0.004 -23"><span class='ocrx_word' id='word_1_63' title='bbox 109 1006 162 1075; x_wconf 84' lang='lat' dir='ltr'>qui</span> <span class='ocrx_word' id='word_1_64' title='bbox 189 1006 251 1061; x_wconf 89' lang='lat' dir='ltr'>vult</span> <span class='ocrx_word' id='word_1_65' title='bbox 276 1007 420 1062; x_wconf 89' lang='lat' dir='ltr'>concitare</span> <span class='ocrx_word' id='word_1_66' title='bbox 445 1022 531 1077; x_wconf 90' lang='lat' dir='ltr'>super</span> <span class='ocrx_word' id='word_1_67' title='bbox 562 1005 683 1082; x_wconf 85' lang='lat' dir='ltr'>[semper</span> <span class='ocrx_word' id='word_1_68' title='bbox 708 1015 736 1064; x_wconf 94' lang='lat' dir='ltr'>et</span> <span class='ocrx_word' id='word_1_69' title='bbox 758 1005 938 1083; x_wconf 78' lang='lat' dir='ltr'>conturbare]</span> 
     </span>
     <span class='ocr_line' id='line_1_12' title="bbox 111 1095 941 1168; baseline 0.004 -19"><span class='ocrx_word' id='word_1_70' title='bbox 111 1098 243 1150; x_wconf 74' lang='lat' dir='ltr'>ancum</span> <span class='ocrx_word' id='word_1_71' title='bbox 259 1095 415 1151; x_wconf 88' lang='lat' dir='ltr'>Ecclesiam</span> <span class='ocrx_word' id='word_1_72' title='bbox 433 1095 614 1167; x_wconf 89' lang='lat' dir='ltr'>catholicam,</span> <span class='ocrx_word' id='word_1_73' title='bbox 637 1097 863 1168; x_wconf 88' lang='lat' dir='ltr'>prateritoanno</span> <span class='ocrx_word' id='word_1_74' title='bbox 880 1098 941 1152; x_wconf 88' lang='lat' dir='ltr'>Ka-</span> 
     </span>
     <span class='ocr_line' id='line_1_13' title="bbox 112 1182 940 1256; baseline 0.002 -18"><span class='ocrx_word' id='word_1_75' title='bbox 112 1183 211 1241; x_wconf 90' lang='lat' dir='ltr'>lendis</span> <span class='ocrx_word' id='word_1_76' title='bbox 226 1182 351 1255; x_wconf 71' lang='lat' dir='ltr'>Augusti</span> <span class='ocrx_word' id='word_1_77' title='bbox 373 1185 403 1239; x_wconf 96' lang='lat' dir='ltr'>in</span> <span class='ocrx_word' id='word_1_78' title='bbox 419 1186 475 1241; x_wconf 86' lang='lat' dir='ltr'>Deo</span> <span class='ocrx_word' id='word_1_79' title='bbox 485 1192 649 1242; x_wconf 88' lang='lat' dir='ltr'>conservata</span> <span class='ocrx_word' id='word_1_80' title='bbox 668 1186 745 1256; x_wconf 91' lang='lat' dir='ltr'>regia</span> <span class='ocrx_word' id='word_1_81' title='bbox 757 1185 827 1241; x_wconf 92' lang='lat' dir='ltr'>urbe</span> <span class='ocrx_word' id='word_1_82' title='bbox 837 1185 940 1255; x_wconf 90' lang='lat' dir='ltr'>prasi-</span> 
     </span>
     <span class='ocr_line' id='line_1_14' title="bbox 108 1272 941 1344; baseline 0.002 -17"><span class='ocrx_word' id='word_1_83' title='bbox 108 1272 250 1328; x_wconf 84' lang='lat' dir='ltr'>dentibus</span> <span class='ocrx_word' id='word_1_84' title='bbox 272 1273 356 1327; x_wconf 92' lang='lat' dir='ltr'>nobis</span> <span class='ocrx_word' id='word_1_85' title='bbox 376 1273 405 1328; x_wconf 89' lang='lat' dir='ltr'>in</span> <span class='ocrx_word' id='word_1_86' title='bbox 427 1273 584 1329; x_wconf 89' lang='lat' dir='ltr'>venerabili</span> <span class='ocrx_word' id='word_1_87' title='bbox 609 1274 714 1344; x_wconf 90' lang='lat' dir='ltr'>templo</span> <span class='ocrx_word' id='word_1_88' title='bbox 727 1274 860 1330; x_wconf 89' lang='lat' dir='ltr'>tubarum</span> <span class='ocrx_word' id='word_1_89' title='bbox 875 1274 941 1344; x_wconf 90' lang='lat' dir='ltr'>spi-</span> 
     </span>
     <span class='ocr_line' id='line_1_15' title="bbox 110 1361 938 1430; baseline 0.002 -14"><span class='ocrx_word' id='word_1_90' title='bbox 110 1361 198 1427; x_wconf 85' lang='lat' dir='ltr'>ritus,</span> <span class='ocrx_word' id='word_1_91' title='bbox 223 1368 394 1430; x_wconf 34' lang='lat' dir='ltr'>,sanctorum</span> <span class='ocrx_word' id='word_1_92' title='bbox 423 1362 557 1419; x_wconf 84' lang='lat' dir='ltr'>videlicet</span> <span class='ocrx_word' id='word_1_93' title='bbox 586 1369 614 1420; x_wconf 90' lang='lat' dir='ltr'>et</span> <span class='ocrx_word' id='word_1_94' title='bbox 644 1362 938 1420; x_wconf 84' lang='lat' dir='ltr'>laudabilissimorum</span> 
     </span>
     <span class='ocr_line' id='line_1_16' title="bbox 107 1450 940 1521; baseline 0.004 -15"><span class='ocrx_word' id='word_1_95' title='bbox 107 1450 318 1521; x_wconf 89' lang='lat' dir='ltr'>apostolorum,</span> <span class='ocrx_word' id='word_1_96' title='bbox 330 1457 469 1508; x_wconf 90' lang='lat' dir='ltr'>commota</span> <span class='ocrx_word' id='word_1_97' title='bbox 488 1457 531 1507; x_wconf 90' lang='lat' dir='ltr'>est</span> <span class='ocrx_word' id='word_1_98' title='bbox 544 1451 698 1507; x_wconf 92' lang='lat' dir='ltr'>multorum</span> <span class='ocrx_word' id='word_1_99' title='bbox 711 1451 795 1508; x_wconf 90' lang='lat' dir='ltr'>turba</span> <span class='ocrx_word' id='word_1_100' title='bbox 812 1453 940 1509; x_wconf 91' lang='lat' dir='ltr'>virorum</span> 
     </span>
    </p>
   </div>
   <div class='ocr_carea' id='block_1_6' title="bbox 994 476 1822 1522">
    <p class='ocr_par' dir='ltr' id='par_1_6' title="bbox 997 476 1263 530">
     <span class='ocr_line' id='line_1_17' title="bbox 997 476 1263 530; baseline 0.011 -3"><span class='ocrx_word' id='word_1_101' title='bbox 997 478 1094 529; x_wconf 92' lang='lat' dir='ltr'>stram.</span> <span class='ocrx_word' id='word_1_102' title='bbox 1107 476 1141 529; x_wconf 87' lang='lat' dir='ltr'>Et</span> <span class='ocrx_word' id='word_1_103' title='bbox 1151 476 1263 530; x_wconf 66' lang='lat' dir='ltr'>aniliter</span> 
     </span>
    </p>

    <p class='ocr_par' dir='ltr' id='par_1_7' title="bbox 996 561 1822 901">
     <span class='ocr_line' id='line_1_18' title="bbox 1031 561 1818 635; baseline 0.001 -18"><span class='ocrx_word' id='word_1_104' title='bbox 1031 563 1131 619; x_wconf 89' lang='lat' dir='ltr'>Sancta</span> <span class='ocrx_word' id='word_1_105' title='bbox 1145 566 1271 635; x_wconf 81' lang='lat' dir='ltr'>synodus</span> <span class='ocrx_word' id='word_1_106' title='bbox 1287 563 1379 619; x_wconf 78' lang='lat' dir='ltr'>dixit:</span> <span class='ocrx_word' id='word_1_107' title='bbox 1400 563 1553 619; x_wconf 88' lang='lat' dir='ltr'>Confirmet</span> <span class='ocrx_word' id='word_1_108' title='bbox 1571 564 1646 617; x_wconf 88' lang='lat' dir='ltr'>Deus</span> <span class='ocrx_word' id='word_1_109' title='bbox 1666 561 1818 630; x_wconf 91' lang='lat' dir='ltr'>imperium</span> 
     </span>
     <span class='ocr_line' id='line_1_19' title="bbox 996 648 1822 709; baseline 0 -5"><span class='ocrx_word' id='word_1_110' title='bbox 996 649 1135 707; x_wconf 90' lang='lat' dir='ltr'>bonorum</span> <span class='ocrx_word' id='word_1_111' title='bbox 1148 653 1329 709; x_wconf 89' lang='lat' dir='ltr'>dominorum</span> <span class='ocrx_word' id='word_1_112' title='bbox 1341 650 1520 707; x_wconf 79' lang='lat' dir='ltr'>nostrorum!</span> <span class='ocrx_word' id='word_1_113' title='bbox 1537 651 1571 706; x_wconf 89' lang='lat' dir='ltr'>Et</span> <span class='ocrx_word' id='word_1_114' title='bbox 1585 648 1706 704; x_wconf 87' lang='lat' dir='ltr'>delatam</span> <span class='ocrx_word' id='word_1_115' title='bbox 1719 649 1748 703; x_wconf 94' lang='lat' dir='ltr'>in</span> <span class='ocrx_word' id='word_1_116' title='bbox 1765 663 1822 704; x_wconf 92' lang='lat' dir='ltr'>ma·</span> 
     </span>
     <span class='ocr_line' id='line_1_20' title="bbox 997 738 1819 812; baseline 0.002 -20"><span class='ocrx_word' id='word_1_117' title='bbox 997 738 1083 794; x_wconf 91' lang='lat' dir='ltr'>uibus</span> <span class='ocrx_word' id='word_1_118' title='bbox 1106 741 1335 812; x_wconf 88' lang='lat' dir='ltr'>gloriosissimus</span> <span class='ocrx_word' id='word_1_119' title='bbox 1360 754 1376 796; x_wconf 90' lang='lat' dir='ltr'>a</span> <span class='ocrx_word' id='word_1_120' title='bbox 1400 740 1518 797; x_wconf 90' lang='lat' dir='ltr'>seeretis</span> <span class='ocrx_word' id='word_1_121' title='bbox 1539 738 1675 795; x_wconf 86' lang='lat' dir='ltr'>Leontius</span> <span class='ocrx_word' id='word_1_122' title='bbox 1693 738 1819 794; x_wconf 86' lang='lat' dir='ltr'>eamdem</span> 
     </span>
     <span class='ocr_line' id='line_1_21' title="bbox 996 826 1288 901; baseline 0.014 -20"><span class='ocrx_word' id='word_1_123' title='bbox 996 826 1073 896; x_wconf 89' lang='lat' dir='ltr'>piam</span> <span class='ocrx_word' id='word_1_124' title='bbox 1089 843 1197 885; x_wconf 87' lang='lat' dir='ltr'>sacram</span> <span class='ocrx_word' id='word_1_125' title='bbox 1210 831 1288 901; x_wconf 88' lang='lat' dir='ltr'>legit.</span> 
     </span>
    </p>

    <p class='ocr_par' dir='ltr' id='par_1_8' title="bbox 994 917 1822 1256">
     <span class='ocr_line' id='line_1_22' title="bbox 1030 917 1821 986; baseline 0 -16"><span class='ocrx_word' id='word_1_126' title='bbox 1030 917 1123 972; x_wconf 78' lang='lat' dir='ltr'>Socra</span> <span class='ocrx_word' id='word_1_127' title='bbox 1144 919 1349 975; x_wconf 85' lang='lat' dir='ltr'>Constantinus</span> <span class='ocrx_word' id='word_1_128' title='bbox 1369 921 1494 974; x_wconf 90' lang='grc'>1111111</span> <span class='ocrx_word' id='word_1_129' title='bbox 1515 917 1612 974; x_wconf 91' lang='lat' dir='ltr'>fideles</span> <span class='ocrx_word' id='word_1_130' title='bbox 1634 917 1821 986; x_wconf 89' lang='lat' dir='ltr'>imperatores</span> 
     </span>
     <span class='ocr_line' id='line_1_23' title="bbox 994 1004 1822 1078; baseline 0 -20"><span class='ocrx_word' id='word_1_131' title='bbox 994 1005 1196 1078; x_wconf 82' lang='lat' dir='ltr'>Romanorum,</span> <span class='ocrx_word' id='word_1_132' title='bbox 1219 1008 1410 1064; x_wconf 81' lang='lat' dir='ltr'>sanctissimis</span> <span class='ocrx_word' id='word_1_133' title='bbox 1424 1006 1577 1077; x_wconf 89' lang='lat' dir='ltr'>episcopis,</span> <span class='ocrx_word' id='word_1_134' title='bbox 1598 1005 1694 1075; x_wconf 88' lang='lat' dir='ltr'>quiin</span> <span class='ocrx_word' id='word_1_135' title='bbox 1714 1004 1822 1060; x_wconf 90' lang='lat' dir='ltr'>volun-</span> 
     </span>
     <span class='ocr_line' id='line_1_24' title="bbox 996 1090 1818 1169; baseline -0.001 -21"><span class='ocrx_word' id='word_1_136' title='bbox 996 1098 1053 1149; x_wconf 88' lang='lat' dir='ltr'>tate</span> <span class='ocrx_word' id='word_1_137' title='bbox 1074 1101 1102 1150; x_wconf 91' lang='lat' dir='ltr'>et</span> <span class='ocrx_word' id='word_1_138' title='bbox 1122 1097 1214 1167; x_wconf 86' lang='lat' dir='ltr'>gratia</span> <span class='ocrx_word' id='word_1_139' title='bbox 1235 1097 1296 1169; x_wconf 86' lang='lat' dir='ltr'>Dei,</span> <span class='ocrx_word' id='word_1_140' title='bbox 1319 1103 1347 1152; x_wconf 90' lang='lat' dir='ltr'>et</span> <span class='ocrx_word' id='word_1_141' title='bbox 1369 1097 1500 1167; x_wconf 90' lang='lat' dir='ltr'>jussione</span> <span class='ocrx_word' id='word_1_142' title='bbox 1522 1094 1563 1166; x_wconf 92' lang='lat' dir='ltr'>pii</span> <span class='ocrx_word' id='word_1_143' title='bbox 1586 1093 1700 1165; x_wconf 91' lang='lat' dir='ltr'>imperii</span> <span class='ocrx_word' id='word_1_144' title='bbox 1727 1090 1818 1148; x_wconf 81' lang='lat' dir='ltr'>nostri</span> 
     </span>
     <span class='ocr_line' id='line_1_25' title="bbox 994 1185 1479 1256; baseline 0.004 -20"><span class='ocrx_word' id='word_1_145' title='bbox 994 1191 1187 1241; x_wconf 90' lang='lat' dir='ltr'>convenerunt</span> <span class='ocrx_word' id='word_1_146' title='bbox 1198 1185 1227 1241; x_wconf 89' lang='lat' dir='ltr'>in</span> <span class='ocrx_word' id='word_1_147' title='bbox 1239 1185 1352 1241; x_wconf 89' lang='lat' dir='ltr'>Nicana</span> <span class='ocrx_word' id='word_1_148' title='bbox 1363 1185 1479 1256; x_wconf 88' lang='lat' dir='ltr'>synodo.</span> 
     </span>
    </p>

    <p class='ocr_par' dir='ltr' id='par_1_9' title="bbox 996 1273 1822 1522">
     <span class='ocr_line' id='line_1_26' title="bbox 1030 1273 1821 1345; baseline 0 -18"><span class='ocrx_word' id='word_1_149' title='bbox 1030 1273 1187 1344; x_wconf 88' lang='lat' dir='ltr'>Sapientia,</span> <span class='ocrx_word' id='word_1_150' title='bbox 1208 1289 1271 1345; x_wconf 87' lang='lat' dir='ltr'>qua</span> <span class='ocrx_word' id='word_1_151' title='bbox 1287 1289 1351 1330; x_wconf 89' lang='lat' dir='ltr'>vere</span> <span class='ocrx_word' id='word_1_152' title='bbox 1371 1274 1421 1330; x_wconf 87' lang='lat' dir='ltr'>Dei</span> <span class='ocrx_word' id='word_1_153' title='bbox 1443 1279 1471 1330; x_wconf 91' lang='lat' dir='ltr'>et</span> <span class='ocrx_word' id='word_1_154' title='bbox 1494 1273 1586 1330; x_wconf 89' lang='lat' dir='ltr'>Patris</span> <span class='ocrx_word' id='word_1_155' title='bbox 1605 1278 1648 1328; x_wconf 90' lang='lat' dir='ltr'>est</span> <span class='ocrx_word' id='word_1_156' title='bbox 1667 1286 1717 1343; x_wconf 91' lang='lat' dir='ltr'>per</span> <span class='ocrx_word' id='word_1_157' title='bbox 1740 1278 1821 1327; x_wconf 90' lang='lat' dir='ltr'>uatu-</span> 
     </span>
     <span class='ocr_line' id='line_1_27' title="bbox 996 1362 1821 1432; baseline 0.001 -18"><span class='ocrx_word' id='word_1_158' title='bbox 996 1375 1067 1432; x_wconf 88' lang='lat' dir='ltr'>ram,</span> <span class='ocrx_word' id='word_1_159' title='bbox 1084 1363 1224 1418; x_wconf 88' lang='lat' dir='ltr'>Dominus</span> <span class='ocrx_word' id='word_1_160' title='bbox 1241 1363 1376 1419; x_wconf 93' lang='lat' dir='ltr'>videlicet</span> <span class='ocrx_word' id='word_1_161' title='bbox 1392 1363 1475 1419; x_wconf 85' lang='lat' dir='ltr'>lesus</span> <span class='ocrx_word' id='word_1_162' title='bbox 1492 1362 1624 1418; x_wconf 86' lang='lat' dir='ltr'>Christus</span> <span class='ocrx_word' id='word_1_163' title='bbox 1644 1375 1727 1416; x_wconf 87' lang='lat' dir='ltr'>verus</span> <span class='ocrx_word' id='word_1_164' title='bbox 1745 1362 1821 1416; x_wconf 87' lang='lat' dir='ltr'>Deus</span> 
     </span>
     <span class='ocr_line' id='line_1_28' title="bbox 997 1449 1822 1522; baseline -0.001 -18"><span class='ocrx_word' id='word_1_165' title='bbox 997 1457 1092 1505; x_wconf 91' lang='lat' dir='ltr'>noster</span> <span class='ocrx_word' id='word_1_166' title='bbox 1105 1465 1154 1521; x_wconf 93' lang='lat' dir='ltr'>per</span> <span class='ocrx_word' id='word_1_167' title='bbox 1173 1452 1301 1506; x_wconf 90' lang='lat' dir='ltr'>divinam</span> <span class='ocrx_word' id='word_1_168' title='bbox 1314 1465 1394 1507; x_wconf 89' lang='lat' dir='ltr'>suam</span> <span class='ocrx_word' id='word_1_169' title='bbox 1414 1459 1441 1507; x_wconf 91' lang='grc'>11</span> <span class='ocrx_word' id='word_1_170' title='bbox 1452 1464 1581 1522; x_wconf 87' lang='lat' dir='ltr'>magnam</span> <span class='ocrx_word' id='word_1_171' title='bbox 1602 1449 1822 1518; x_wconf 88' lang='lat' dir='ltr'>caruisdispen-</span> 
     </span>
    </p>
   </div>
   <div class='ocr_carea' id='block_1_7' title="bbox 107 1537 1822 1790">
    <p class='ocr_par' dir='ltr' id='par_1_10' title="bbox 107 1537 1822 1790">
     <span class='ocr_line' id='line_1_29' title="bbox 109 1537 1821 1612; baseline -0.001 -18"><span class='ocrx_word' id='word_1_172' title='bbox 109 1538 209 1595; x_wconf 89' lang='lat' dir='ltr'>furore</span> <span class='ocrx_word' id='word_1_173' title='bbox 228 1553 262 1595; x_wconf 89' lang='lat' dir='ltr'>ac</span> <span class='ocrx_word' id='word_1_174' title='bbox 277 1539 469 1596; x_wconf 89' lang='lat' dir='ltr'>amaritudine</span> <span class='ocrx_word' id='word_1_175' title='bbox 480 1540 573 1612; x_wconf 88' lang='lat' dir='ltr'>plena,</span> <span class='ocrx_word' id='word_1_176' title='bbox 586 1546 617 1595; x_wconf 93' lang='lat' dir='ltr'>ut</span> <span class='ocrx_word' id='word_1_177' title='bbox 628 1540 657 1595; x_wconf 89' lang='lat' dir='ltr'>iu</span> <span class='ocrx_word' id='word_1_178' title='bbox 669 1554 832 1597; x_wconf 88' lang='lat' dir='ltr'>nosmanus</span> <span class='ocrx_word' id='word_1_179' title='bbox 843 1542 940 1611; x_wconf 81' lang='lat' dir='ltr'>injice</span> <span class='ocrx_word' id='word_1_180' title='bbox 994 1540 1132 1595; x_wconf 88' lang='lat' dir='ltr'>sationem</span> <span class='ocrx_word' id='word_1_181' title='bbox 1162 1554 1307 1597; x_wconf 90' lang='lat' dir='ltr'>removens</span> <span class='ocrx_word' id='word_1_182' title='bbox 1327 1555 1378 1597; x_wconf 90' lang='lat' dir='ltr'>nos</span> <span class='ocrx_word' id='word_1_183' title='bbox 1408 1540 1443 1597; x_wconf 94' lang='lat' dir='ltr'>ab</span> <span class='ocrx_word' id='word_1_184' title='bbox 1471 1554 1567 1595; x_wconf 91' lang='lat' dir='ltr'>errore</span> <span class='ocrx_word' id='word_1_185' title='bbox 1599 1537 1751 1607; x_wconf 91' lang='lat' dir='ltr'>idolorum,</span> <span class='ocrx_word' id='word_1_186' title='bbox 1773 1551 1821 1592; x_wconf 92' lang='lat' dir='ltr'>no·</span> 
     </span>
     <span class='ocr_line' id='line_1_30' title="bbox 109 1626 1819 1701; baseline -0.001 -19"><span class='ocrx_word' id='word_1_187' title='bbox 109 1636 218 1697; x_wconf 81' lang='lat' dir='ltr'>ret3ex</span> <span class='ocrx_word' id='word_1_188' title='bbox 238 1641 295 1697; x_wconf 81' lang='lat' dir='ltr'>qua</span> <span class='ocrx_word' id='word_1_189' title='bbox 313 1641 397 1683; x_wconf 92' lang='lat' dir='ltr'>manu</span> <span class='ocrx_word' id='word_1_190' title='bbox 418 1629 516 1684; x_wconf 91' lang='lat' dir='ltr'>divina</span> <span class='ocrx_word' id='word_1_191' title='bbox 526 1629 615 1698; x_wconf 89' lang='lat' dir='ltr'>erepti</span> <span class='ocrx_word' id='word_1_192' title='bbox 633 1643 743 1700; x_wconf 88' lang='lat' dir='ltr'>sumus,</span> <span class='ocrx_word' id='word_1_193' title='bbox 764 1628 938 1685; x_wconf 90' lang='lat' dir='ltr'>habentesin</span> <span class='ocrx_word' id='word_1_194' title='bbox 994 1636 1081 1685; x_wconf 91' lang='lat' dir='ltr'>stram</span> <span class='ocrx_word' id='word_1_195' title='bbox 1100 1629 1266 1700; x_wconf 82' lang='lat' dir='ltr'>assumpsit,</span> <span class='ocrx_word' id='word_1_196' title='bbox 1286 1635 1313 1686; x_wconf 92' lang='grc'>11</span> <span class='ocrx_word' id='word_1_197' title='bbox 1336 1630 1535 1701; x_wconf 83' lang='lat' dir='ltr'>cooperatione</span> <span class='ocrx_word' id='word_1_198' title='bbox 1561 1626 1758 1684; x_wconf 89' lang='lat' dir='ltr'>connaturalis</span> <span class='ocrx_word' id='word_1_199' title='bbox 1773 1626 1819 1682; x_wconf 89' lang='lat' dir='ltr'>sui</span> 
     </span>
     <span class='ocr_line' id='line_1_31' title="bbox 107 1713 1822 1790; baseline -0.001 -19"><span class='ocrx_word' id='word_1_200' title='bbox 107 1716 259 1772; x_wconf 83' lang='lat' dir='ltr'>auxilium</span> <span class='ocrx_word' id='word_1_201' title='bbox 277 1717 415 1787; x_wconf 84' lang='lat' dir='ltr'>quosdam</span> <span class='ocrx_word' id='word_1_202' title='bbox 438 1717 597 1788; x_wconf 88' lang='lat' dir='ltr'>episcopos,</span> <span class='ocrx_word' id='word_1_203' title='bbox 619 1717 669 1787; x_wconf 87' lang='lat' dir='ltr'>qui</span> <span class='ocrx_word' id='word_1_204' title='bbox 688 1715 771 1772; x_wconf 90' lang='lat' dir='ltr'>facile</span> <span class='ocrx_word' id='word_1_205' title='bbox 793 1716 937 1772; x_wconf 89' lang='lat' dir='ltr'>numerari</span> <span class='ocrx_word' id='word_1_206' title='bbox 953 1720 978 1778; x_wconf 86' lang='grc' dir='ltr'>Β</span> <span class='ocrx_word' id='word_1_207' title='bbox 993 1717 1120 1786; x_wconf 87' lang='lat' dir='ltr'>Spiritus</span> <span class='ocrx_word' id='word_1_208' title='bbox 1131 1719 1286 1790; x_wconf 89' lang='lat' dir='ltr'>renovavit,</span> <span class='ocrx_word' id='word_1_209' title='bbox 1301 1724 1449 1775; x_wconf 90' lang='lat' dir='ltr'>naturam:</span> <span class='ocrx_word' id='word_1_210' title='bbox 1469 1723 1496 1774; x_wconf 92' lang='grc'>11</span> <span class='ocrx_word' id='word_1_211' title='bbox 1508 1718 1620 1788; x_wconf 89' lang='lat' dir='ltr'>primus</span> <span class='ocrx_word' id='word_1_212' title='bbox 1631 1713 1758 1786; x_wconf 85' lang='lat' dir='ltr'>pontifex</span> <span class='ocrx_word' id='word_1_213' title='bbox 1774 1714 1822 1770; x_wconf 92' lang='lat' dir='ltr'>fa-</span> 
     </span>
    </p>
   </div>
   <div class='ocr_carea' id='block_1_8' title="bbox 109 1805 941 3034">
    <p class='ocr_par' dir='ltr' id='par_1_11' title="bbox 109 1805 941 3034">
     <span class='ocr_line' id='line_1_32' title="bbox 110 1805 936 1876; baseline 0.001 -17"><span class='ocrx_word' id='word_1_214' title='bbox 110 1809 246 1874; x_wconf 88' lang='lat' dir='ltr'>possunt,</span> <span class='ocrx_word' id='word_1_215' title='bbox 277 1818 399 1874; x_wconf 84' lang='lat' dir='ltr'>quorum</span> <span class='ocrx_word' id='word_1_216' title='bbox 421 1805 537 1861; x_wconf 86' lang='lat' dir='ltr'>nomina</span> <span class='ocrx_word' id='word_1_217' title='bbox 567 1806 728 1861; x_wconf 87' lang='lat' dir='ltr'>voluntarie</span> <span class='ocrx_word' id='word_1_218' title='bbox 747 1806 936 1876; x_wconf 78' lang='lat' dir='ltr'>praeterimus,</span> 
     </span>
     <span class='ocr_line' id='line_1_33' title="bbox 109 1893 936 1962; baseline 0.002 -14"><span class='ocrx_word' id='word_1_219' title='bbox 109 1893 251 1962; x_wconf 85' lang='lat' dir='ltr'>quoniam</span> <span class='ocrx_word' id='word_1_220' title='bbox 269 1893 405 1949; x_wconf 90' lang='lat' dir='ltr'>omnibus</span> <span class='ocrx_word' id='word_1_221' title='bbox 424 1901 489 1950; x_wconf 90' lang='lat' dir='ltr'>nota</span> <span class='ocrx_word' id='word_1_222' title='bbox 509 1901 596 1951; x_wconf 92' lang='lat' dir='ltr'>sunt:</span> <span class='ocrx_word' id='word_1_223' title='bbox 617 1895 698 1950; x_wconf 91' lang='lat' dir='ltr'>etad</span> <span class='ocrx_word' id='word_1_224' title='bbox 722 1895 864 1951; x_wconf 90' lang='lat' dir='ltr'>modicum</span> <span class='ocrx_word' id='word_1_225' title='bbox 883 1895 936 1950; x_wconf 90' lang='lat' dir='ltr'>visi</span> 
     </span>
     <span class='ocr_line' id='line_1_34' title="bbox 109 1981 939 2054; baseline 0.004 -16"><span class='ocrx_word' id='word_1_226' title='bbox 109 1987 178 2038; x_wconf 92' lang='lat' dir='ltr'>sunt</span> <span class='ocrx_word' id='word_1_227' title='bbox 187 1981 383 2051; x_wconf 79' lang='lat' dir='ltr'>prohibuisse</span> <span class='ocrx_word' id='word_1_228' title='bbox 400 1984 491 2054; x_wconf 83' lang='lat' dir='ltr'>loqui,</span> <span class='ocrx_word' id='word_1_229' title='bbox 504 1991 532 2040; x_wconf 94' lang='lat' dir='ltr'>et</span> <span class='ocrx_word' id='word_1_230' title='bbox 541 1984 708 2040; x_wconf 89' lang='lat' dir='ltr'>confirmare</span> <span class='ocrx_word' id='word_1_231' title='bbox 719 1985 797 2054; x_wconf 89' lang='lat' dir='ltr'>pium</span> <span class='ocrx_word' id='word_1_232' title='bbox 809 1984 939 2041; x_wconf 87' lang='lat' dir='ltr'>veritatis</span> 
     </span>
     <span class='ocr_line' id='line_1_35' title="bbox 109 2071 939 2144; baseline 0.004 -19"><span class='ocrx_word' id='word_1_233' title='bbox 109 2084 283 2127; x_wconf 91' lang='lat' dir='ltr'>sermonem.</span> <span class='ocrx_word' id='word_1_234' title='bbox 298 2071 350 2128; x_wconf 89' lang='lat' dir='ltr'>Sed</span> <span class='ocrx_word' id='word_1_235' title='bbox 363 2073 511 2129; x_wconf 85' lang='lat' dir='ltr'>mitissimi</span> <span class='ocrx_word' id='word_1_236' title='bbox 531 2073 715 2144; x_wconf 89' lang='lat' dir='ltr'>imperatores</span> <span class='ocrx_word' id='word_1_237' title='bbox 726 2073 815 2130; x_wconf 90' lang='lat' dir='ltr'>nostri</span> <span class='ocrx_word' id='word_1_238' title='bbox 826 2073 939 2129; x_wconf 90' lang='lat' dir='ltr'>divini-</span> 
     </span>
     <span class='ocr_line' id='line_1_36' title="bbox 111 2159 940 2234; baseline 0.004 -19"><span class='ocrx_word' id='word_1_239' title='bbox 111 2166 157 2215; x_wconf 89' lang='lat' dir='ltr'>tus</span> <span class='ocrx_word' id='word_1_240' title='bbox 178 2159 248 2224; x_wconf 85' lang='lat' dir='ltr'>acti,</span> <span class='ocrx_word' id='word_1_241' title='bbox 269 2174 333 2215; x_wconf 90' lang='lat' dir='ltr'>cum</span> <span class='ocrx_word' id='word_1_242' title='bbox 352 2168 447 2218; x_wconf 87' lang='lat' dir='ltr'>esseut</span> <span class='ocrx_word' id='word_1_243' title='bbox 463 2162 639 2218; x_wconf 78' lang='lat' dir='ltr'>orthodoxia</span> <span class='ocrx_word' id='word_1_244' title='bbox 660 2170 893 2234; x_wconf 79' lang='lat' dir='ltr'>propugnatores,</span> <span class='ocrx_word' id='word_1_245' title='bbox 912 2169 940 2218; x_wconf 93' lang='lat' dir='ltr'>et</span> 
     </span>
     <span class='ocr_line' id='line_1_37' title="bbox 111 2248 941 2321; baseline 0.005 -19"><span class='ocrx_word' id='word_1_246' title='bbox 111 2248 239 2304; x_wconf 86' lang='lat' dir='ltr'>sinistra</span> <span class='ocrx_word' id='word_1_247' title='bbox 254 2249 403 2318; x_wconf 90' lang='lat' dir='ltr'>opinionis</span> <span class='ocrx_word' id='word_1_248' title='bbox 416 2250 616 2321; x_wconf 92' lang='lat' dir='ltr'>obluctatores,</span> <span class='ocrx_word' id='word_1_249' title='bbox 632 2265 687 2306; x_wconf 92' lang='lat' dir='ltr'>non</span> <span class='ocrx_word' id='word_1_250' title='bbox 708 2252 848 2308; x_wconf 91' lang='lat' dir='ltr'>dederunt</span> <span class='ocrx_word' id='word_1_251' title='bbox 859 2265 941 2308; x_wconf 92' lang='lat' dir='ltr'>som-</span> 
     </span>
     <span class='ocr_line' id='line_1_38' title="bbox 112 2338 937 2411; baseline 0.004 -19"><span class='ocrx_word' id='word_1_252' title='bbox 112 2352 178 2393; x_wconf 92' lang='lat' dir='ltr'>uum</span> <span class='ocrx_word' id='word_1_253' title='bbox 198 2338 296 2394; x_wconf 92' lang='lat' dir='ltr'>oculis</span> <span class='ocrx_word' id='word_1_254' title='bbox 316 2340 389 2409; x_wconf 90' lang='lat' dir='ltr'>suis,</span> <span class='ocrx_word' id='word_1_255' title='bbox 413 2345 441 2396; x_wconf 90' lang='lat' dir='ltr'>et</span> <span class='ocrx_word' id='word_1_256' title='bbox 455 2340 599 2409; x_wconf 86' lang='lat' dir='ltr'>palpebris</span> <span class='ocrx_word' id='word_1_257' title='bbox 614 2341 678 2396; x_wconf 91' lang='lat' dir='ltr'>suis</span> <span class='ocrx_word' id='word_1_258' title='bbox 695 2341 937 2411; x_wconf 86' lang='lat' dir='ltr'>dormitationem,</span> 
     </span>
     <span class='ocr_line' id='line_1_39' title="bbox 112 2428 937 2502; baseline 0.004 -21"><span class='ocrx_word' id='word_1_259' title='bbox 112 2428 199 2482; x_wconf 91' lang='lat' dir='ltr'>donec</span> <span class='ocrx_word' id='word_1_260' title='bbox 218 2428 439 2485; x_wconf 90' lang='lat' dir='ltr'>tabernaculum</span> <span class='ocrx_word' id='word_1_261' title='bbox 458 2430 520 2500; x_wconf 85' lang='lat' dir='ltr'>Dei,</span> <span class='ocrx_word' id='word_1_262' title='bbox 545 2430 637 2502; x_wconf 92' lang='lat' dir='ltr'>idest,</span> <span class='ocrx_word' id='word_1_263' title='bbox 655 2430 810 2486; x_wconf 84' lang='lat' dir='ltr'>Ecclesiam</span> <span class='ocrx_word' id='word_1_264' title='bbox 830 2431 893 2500; x_wconf 80' lang='lat' dir='ltr'>ejus</span> <span class='ocrx_word' id='word_1_265' title='bbox 908 2431 937 2484; x_wconf 94' lang='lat' dir='ltr'>in</span> 
     </span>
     <span class='ocr_line' id='line_1_40' title="bbox 113 2517 939 2588; baseline 0.005 -18"><span class='ocrx_word' id='word_1_266' title='bbox 113 2529 198 2571; x_wconf 91' lang='lat' dir='ltr'>unum</span> <span class='ocrx_word' id='word_1_267' title='bbox 222 2517 417 2586; x_wconf 80' lang='lat' dir='ltr'>restituerent,</span> <span class='ocrx_word' id='word_1_268' title='bbox 433 2525 460 2574; x_wconf 95' lang='lat' dir='ltr'>et</span> <span class='ocrx_word' id='word_1_269' title='bbox 477 2519 627 2588; x_wconf 88' lang='lat' dir='ltr'>pacificum</span> <span class='ocrx_word' id='word_1_270' title='bbox 648 2521 721 2575; x_wconf 88' lang='lat' dir='ltr'>hanc</span> <span class='ocrx_word' id='word_1_271' title='bbox 743 2519 939 2575; x_wconf 88' lang='lat' dir='ltr'>habitaculum</span> 
     </span>
     <span class='ocr_line' id='line_1_41' title="bbox 114 2606 939 2678; baseline 0.002 -18"><span class='ocrx_word' id='word_1_272' title='bbox 114 2606 270 2662; x_wconf 86' lang='lat' dir='ltr'>redderent.</span> <span class='ocrx_word' id='word_1_273' title='bbox 291 2606 469 2678; x_wconf 82' lang='lat' dir='ltr'>Quapropter</span> <span class='ocrx_word' id='word_1_274' title='bbox 479 2608 602 2664; x_wconf 91' lang='lat' dir='ltr'>consilio</span> <span class='ocrx_word' id='word_1_275' title='bbox 612 2615 640 2664; x_wconf 92' lang='lat' dir='ltr'>et</span> <span class='ocrx_word' id='word_1_276' title='bbox 650 2608 795 2664; x_wconf 89' lang='lat' dir='ltr'>voluntate</span> <span class='ocrx_word' id='word_1_277' title='bbox 805 2608 856 2663; x_wconf 88' lang='lat' dir='ltr'>Dei</span> <span class='ocrx_word' id='word_1_278' title='bbox 870 2622 939 2663; x_wconf 95' lang='lat' dir='ltr'>rur-</span> 
     </span>
     <span class='ocr_line' id='line_1_42' title="bbox 115 2694 938 2767; baseline 0.002 -19"><span class='ocrx_word' id='word_1_279' title='bbox 115 2708 159 2748; x_wconf 89' lang='lat' dir='ltr'>sus</span> <span class='ocrx_word' id='word_1_280' title='bbox 170 2694 200 2749; x_wconf 96' lang='lat' dir='ltr'>in</span> <span class='ocrx_word' id='word_1_281' title='bbox 216 2694 347 2765; x_wconf 90' lang='lat' dir='ltr'>idipsum</span> <span class='ocrx_word' id='word_1_282' title='bbox 367 2702 610 2767; x_wconf 84' lang='lat' dir='ltr'>congregaverunt</span> <span class='ocrx_word' id='word_1_283' title='bbox 623 2710 684 2752; x_wconf 93' lang='lat' dir='ltr'>nos.</span> <span class='ocrx_word' id='word_1_284' title='bbox 704 2697 808 2752; x_wconf 84' lang='lat' dir='ltr'>l&#39;erum</span> <span class='ocrx_word' id='word_1_285' title='bbox 825 2697 938 2765; x_wconf 92' lang='lat' dir='ltr'>probis</span> 
     </span>
     <span class='ocr_line' id='line_1_43' title="bbox 115 2781 939 2853; baseline 0.001 -15"><span class='ocrx_word' id='word_1_286' title='bbox 115 2781 197 2838; x_wconf 91' lang='lat' dir='ltr'>bonas</span> <span class='ocrx_word' id='word_1_287' title='bbox 213 2783 356 2853; x_wconf 90' lang='lat' dir='ltr'>recipient</span> <span class='ocrx_word' id='word_1_288' title='bbox 366 2783 582 2840; x_wconf 84' lang='lat' dir='ltr'>vicissitudines</span> <span class='ocrx_word' id='word_1_289' title='bbox 596 2784 871 2840; x_wconf 90' lang='lat' dir='ltr'>aCbristoomnium</span> <span class='ocrx_word' id='word_1_290' title='bbox 883 2798 939 2840; x_wconf 91' lang='lat' dir='ltr'>no-</span> 
     </span>
     <span class='ocr_line' id='line_1_44' title="bbox 116 2873 939 2944; baseline 0.006 -19"><span class='ocrx_word' id='word_1_291' title='bbox 116 2877 200 2928; x_wconf 90' lang='lat' dir='ltr'>strum</span> <span class='ocrx_word' id='word_1_292' title='bbox 222 2873 406 2944; x_wconf 87' lang='lat' dir='ltr'>imperatore,</span> <span class='ocrx_word' id='word_1_293' title='bbox 428 2874 478 2944; x_wconf 85' lang='lat' dir='ltr'>qui</span> <span class='ocrx_word' id='word_1_294' title='bbox 498 2873 532 2928; x_wconf 91' lang='lat' dir='ltr'>ad</span> <span class='ocrx_word' id='word_1_295' title='bbox 553 2874 603 2929; x_wconf 90' lang='lat' dir='ltr'>has</span> <span class='ocrx_word' id='word_1_296' title='bbox 624 2873 826 2944; x_wconf 91' lang='lat' dir='ltr'>multiplieiter</span> <span class='ocrx_word' id='word_1_297' title='bbox 846 2888 939 2930; x_wconf 89' lang='lat' dir='ltr'>reme-</span> 
     </span>
     <span class='ocr_line' id='line_1_45' title="bbox 116 2960 937 3034; baseline 0.005 -20"><span class='ocrx_word' id='word_1_298' title='bbox 116 2960 238 3015; x_wconf 90' lang='lat' dir='ltr'>tiendum</span> <span class='ocrx_word' id='word_1_299' title='bbox 260 2962 478 3030; x_wconf 88' lang='lat' dir='ltr'>potentissimus</span> <span class='ocrx_word' id='word_1_300' title='bbox 497 2968 548 3018; x_wconf 91' lang='lat' dir='ltr'>est.</span> <span class='ocrx_word' id='word_1_301' title='bbox 570 2965 627 3018; x_wconf 91' lang='lat' dir='ltr'>Nos</span> <span class='ocrx_word' id='word_1_302' title='bbox 651 2976 728 3034; x_wconf 90' lang='lat' dir='ltr'>ergo,</span> <span class='ocrx_word' id='word_1_303' title='bbox 746 2963 849 3018; x_wconf 89' lang='lat' dir='ltr'>sacrati</span> <span class='ocrx_word' id='word_1_304' title='bbox 870 2963 937 3034; x_wconf 92' lang='lat' dir='ltr'>viri,</span> 
     </span>
    </p>
   </div>
   <div class='ocr_carea' id='block_1_9' title="bbox 993 1805 1822 3033">
    <p class='ocr_par' dir='ltr' id='par_1_12' title="bbox 993 1805 1822 3033">
     <span class='ocr_line' id='line_1_46' title="bbox 993 1805 1818 1879; baseline -0.001 -18"><span class='ocrx_word' id='word_1_305' title='bbox 993 1815 1068 1878; x_wconf 91' lang='lat' dir='ltr'>ctus,</span> <span class='ocrx_word' id='word_1_306' title='bbox 1087 1807 1140 1863; x_wconf 88' lang='lat' dir='ltr'>hac</span> <span class='ocrx_word' id='word_1_307' title='bbox 1161 1821 1211 1862; x_wconf 91' lang='lat' dir='ltr'>vos</span> <span class='ocrx_word' id='word_1_308' title='bbox 1234 1807 1426 1878; x_wconf 89' lang='lat' dir='ltr'>appellatione</span> <span class='ocrx_word' id='word_1_309' title='bbox 1454 1809 1557 1879; x_wconf 85' lang='lat' dir='ltr'>dignos</span> <span class='ocrx_word' id='word_1_310' title='bbox 1579 1805 1682 1878; x_wconf 88' lang='lat' dir='ltr'>effecit,</span> <span class='ocrx_word' id='word_1_311' title='bbox 1703 1820 1719 1862; x_wconf 93' lang='lat' dir='ltr'>o</span> <span class='ocrx_word' id='word_1_312' title='bbox 1744 1806 1818 1861; x_wconf 88' lang='lat' dir='ltr'>sacri</span> 
     </span>
     <span class='ocr_line' id='line_1_47' title="bbox 994 1895 1820 1967; baseline -0.002 -16"><span class='ocrx_word' id='word_1_313' title='bbox 994 1896 1059 1951; x_wconf 90' lang='lat' dir='ltr'>viri.</span> <span class='ocrx_word' id='word_1_314' title='bbox 1076 1897 1136 1965; x_wconf 90' lang='lat' dir='ltr'>lpse</span> <span class='ocrx_word' id='word_1_315' title='bbox 1152 1895 1243 1967; x_wconf 89' lang='lat' dir='ltr'>igitur</span> <span class='ocrx_word' id='word_1_316' title='bbox 1263 1903 1358 1966; x_wconf 88' lang='lat' dir='ltr'>pastor</span> <span class='ocrx_word' id='word_1_317' title='bbox 1371 1897 1474 1967; x_wconf 92' lang='lat' dir='ltr'>bonus,</span> <span class='ocrx_word' id='word_1_318' title='bbox 1496 1897 1545 1967; x_wconf 89' lang='lat' dir='ltr'>qui</span> <span class='ocrx_word' id='word_1_319' title='bbox 1568 1910 1646 1951; x_wconf 91' lang='lat' dir='ltr'>ovem</span> <span class='ocrx_word' id='word_1_320' title='bbox 1667 1909 1730 1965; x_wconf 84' lang='lat' dir='ltr'>qua</span> <span class='ocrx_word' id='word_1_321' title='bbox 1745 1907 1820 1949; x_wconf 91' lang='lat' dir='ltr'>erra·</span> 
     </span>
     <span class='ocr_line' id='line_1_48' title="bbox 993 1982 1820 2056; baseline -0.001 -17"><span class='ocrx_word' id='word_1_322' title='bbox 993 1993 1071 2041; x_wconf 90' lang='lat' dir='ltr'>verat</span> <span class='ocrx_word' id='word_1_323' title='bbox 1092 1999 1178 2054; x_wconf 90' lang='lat' dir='ltr'>super</span> <span class='ocrx_word' id='word_1_324' title='bbox 1201 1985 1336 2051; x_wconf 81' lang='lat' dir='ltr'>humeros</span> <span class='ocrx_word' id='word_1_325' title='bbox 1354 1986 1487 2056; x_wconf 88' lang='lat' dir='ltr'>portavit,</span> <span class='ocrx_word' id='word_1_326' title='bbox 1512 1985 1656 2041; x_wconf 88' lang='lat' dir='ltr'>hominem</span> <span class='ocrx_word' id='word_1_327' title='bbox 1675 1984 1724 2054; x_wconf 89' lang='lat' dir='ltr'>qui</span> <span class='ocrx_word' id='word_1_328' title='bbox 1746 1982 1820 2039; x_wconf 91' lang='lat' dir='ltr'>deci-</span> 
     </span>
     <span class='ocr_line' id='line_1_49' title="bbox 994 2071 1820 2145; baseline -0.002 -17"><span class='ocrx_word' id='word_1_329' title='bbox 994 2073 1084 2139; x_wconf 87' lang='lat' dir='ltr'>derat,</span> <span class='ocrx_word' id='word_1_330' title='bbox 1098 2073 1214 2143; x_wconf 89' lang='lat' dir='ltr'>proprio</span> <span class='ocrx_word' id='word_1_331' title='bbox 1228 2074 1318 2145; x_wconf 89' lang='lat' dir='ltr'>gregi,</span> <span class='ocrx_word' id='word_1_332' title='bbox 1335 2073 1474 2144; x_wconf 79' lang='lat' dir='ltr'>angelicis</span> <span class='ocrx_word' id='word_1_333' title='bbox 1489 2073 1622 2128; x_wconf 89' lang='lat' dir='ltr'>videlicet</span> <span class='ocrx_word' id='word_1_334' title='bbox 1632 2078 1660 2128; x_wconf 92' lang='lat' dir='ltr'>et</span> <span class='ocrx_word' id='word_1_335' title='bbox 1674 2071 1820 2127; x_wconf 86' lang='lat' dir='ltr'>adminis-</span> 
     </span>
     <span class='ocr_line' id='line_1_50' title="bbox 996 2159 1820 2231; baseline -0.005 -14"><span class='ocrx_word' id='word_1_336' title='bbox 996 2163 1124 2218; x_wconf 89' lang='lat' dir='ltr'>tratoriis</span> <span class='ocrx_word' id='word_1_337' title='bbox 1134 2162 1291 2218; x_wconf 88' lang='lat' dir='ltr'>virtutibus</span> <span class='ocrx_word' id='word_1_338' title='bbox 1302 2162 1364 2217; x_wconf 92' lang='lat' dir='ltr'>suis</span> <span class='ocrx_word' id='word_1_339' title='bbox 1374 2162 1551 2231; x_wconf 88' lang='lat' dir='ltr'>consocians,</span> <span class='ocrx_word' id='word_1_340' title='bbox 1563 2159 1820 2216; x_wconf 87' lang='lat' dir='ltr'>reconciliavitnos</span> 
     </span>
     <span class='ocr_line' id='line_1_51' title="bbox 996 2249 1817 2322; baseline -0.002 -17"><span class='ocrx_word' id='word_1_341' title='bbox 996 2251 1025 2305; x_wconf 90' lang='lat' dir='ltr'>in</span> <span class='ocrx_word' id='word_1_342' title='bbox 1045 2251 1217 2322; x_wconf 82' lang='lat' dir='ltr'>semetips03</span> <span class='ocrx_word' id='word_1_343' title='bbox 1245 2251 1395 2321; x_wconf 87' lang='lat' dir='ltr'>medioque</span> <span class='ocrx_word' id='word_1_344' title='bbox 1420 2251 1549 2305; x_wconf 90' lang='lat' dir='ltr'>maceria</span> <span class='ocrx_word' id='word_1_345' title='bbox 1565 2249 1679 2306; x_wconf 87' lang='lat' dir='ltr'>sublato</span> <span class='ocrx_word' id='word_1_346' title='bbox 1698 2249 1817 2319; x_wconf 91' lang='lat' dir='ltr'>pariete,</span> 
     </span>
     <span class='ocr_line' id='line_1_52' title="bbox 994 2338 1821 2411; baseline -0.001 -16"><span class='ocrx_word' id='word_1_347' title='bbox 994 2340 1080 2396; x_wconf 89' lang='lat' dir='ltr'>solvit</span> <span class='ocrx_word' id='word_1_348' title='bbox 1093 2341 1277 2397; x_wconf 88' lang='lat' dir='ltr'>inimicitiam</span> <span class='ocrx_word' id='word_1_349' title='bbox 1290 2341 1319 2395; x_wconf 95' lang='lat' dir='ltr'>in</span> <span class='ocrx_word' id='word_1_350' title='bbox 1330 2353 1415 2395; x_wconf 90' lang='lat' dir='ltr'>earne</span> <span class='ocrx_word' id='word_1_351' title='bbox 1427 2355 1491 2411; x_wconf 90' lang='lat' dir='ltr'>sua,</span> <span class='ocrx_word' id='word_1_352' title='bbox 1503 2339 1650 2411; x_wconf 87' lang='lat' dir='ltr'>pacificam</span> <span class='ocrx_word' id='word_1_353' title='bbox 1662 2338 1745 2394; x_wconf 91' lang='lat' dir='ltr'>nobis</span> <span class='ocrx_word' id='word_1_354' title='bbox 1755 2352 1821 2394; x_wconf 91' lang='lat' dir='ltr'>cou-</span> 
     </span>
     <span class='ocr_line' id='line_1_53' title="bbox 994 2426 1820 2500; baseline -0.002 -16"><span class='ocrx_word' id='word_1_355' title='bbox 994 2430 1182 2485; x_wconf 89' lang='lat' dir='ltr'>versationem</span> <span class='ocrx_word' id='word_1_356' title='bbox 1211 2430 1384 2486; x_wconf 90' lang='lat' dir='ltr'>condonans.</span> <span class='ocrx_word' id='word_1_357' title='bbox 1411 2431 1528 2500; x_wconf 90' lang='lat' dir='ltr'>Propter</span> <span class='ocrx_word' id='word_1_358' title='bbox 1552 2428 1627 2499; x_wconf 88' lang='lat' dir='ltr'>quod</span> <span class='ocrx_word' id='word_1_359' title='bbox 1658 2426 1820 2499; x_wconf 79' lang='lat' dir='ltr'>evangelice</span> 
     </span>
     <span class='ocr_line' id='line_1_54' title="bbox 993 2517 1821 2588; baseline -0.004 -16"><span class='ocrx_word' id='word_1_360' title='bbox 993 2517 1127 2573; x_wconf 90' lang='lat' dir='ltr'>omnibus</span> <span class='ocrx_word' id='word_1_361' title='bbox 1162 2519 1320 2588; x_wconf 85' lang='lat' dir='ltr'>pradicans</span> <span class='ocrx_word' id='word_1_362' title='bbox 1344 2517 1489 2574; x_wconf 89' lang='lat' dir='ltr'>edicebat:</span> <span class='ocrx_word' id='word_1_363' title='bbox 1516 2518 1724 2587; x_wconf 81' lang='lat' dir='ltr'>Beatipcetpci,</span> <span class='ocrx_word' id='word_1_364' title='bbox 1756 2531 1821 2585; x_wconf 78' lang='lat' dir='ltr'>qao</span> 
     </span>
     <span class='ocr_line' id='line_1_55' title="bbox 993 2603 1821 2677; baseline 0.002 -19"><span class='ocrx_word' id='word_1_365' title='bbox 993 2608 1068 2659; x_wconf 82' lang='lat' dir='ltr'>nium</span> <span class='ocrx_word' id='word_1_366' title='bbox 1087 2609 1141 2675; x_wconf 83' lang='lat' dir='ltr'>ipsi</span> <span class='ocrx_word' id='word_1_367' title='bbox 1154 2608 1206 2676; x_wconf 75' lang='lat' dir='ltr'>ptis·</span> <span class='ocrx_word' id='word_1_368' title='bbox 1228 2609 1278 2661; x_wconf 84' lang='grc'>1111</span> <span class='ocrx_word' id='word_1_369' title='bbox 1290 2607 1460 2660; x_wconf 79' lang='lat' dir='ltr'>vocabuntur</span> <span class='ocrx_word' id='word_1_370' title='bbox 1474 2603 1579 2676; x_wconf 83' lang='grc'>(11111111,</span> <span class='ocrx_word' id='word_1_371' title='bbox 1600 2605 1637 2677; x_wconf 87' lang='lat' dir='ltr'>v).</span> <span class='ocrx_word' id='word_1_372' title='bbox 1654 2606 1727 2676; x_wconf 84' lang='lat' dir='ltr'>Ergo</span> <span class='ocrx_word' id='word_1_373' title='bbox 1745 2604 1821 2660; x_wconf 82' lang='lat' dir='ltr'>intra</span> 
     </span>
     <span class='ocr_line' id='line_1_56' title="bbox 994 2693 1822 2766; baseline 0 -18"><span class='ocrx_word' id='word_1_374' title='bbox 994 2693 1822 2766; x_wconf 82' lang='lat' dir='ltr'>hancbeatitudinem,quanobisnobilitatemadoptionis</span> 
     </span>
     <span class='ocr_line' id='line_1_57' title="bbox 994 2770 1819 2857; baseline -0.001 -19"><span class='ocrx_word' id='word_1_375' title='bbox 994 2784 1120 2840; x_wconf 88' lang='lat' dir='ltr'>tiliorum</span> <span class='ocrx_word' id='word_1_376' title='bbox 1136 2784 1263 2857; x_wconf 90' lang='lat' dir='ltr'>donavit,</span> <span class='ocrx_word' id='word_1_377' title='bbox 1280 2770 1402 2840; x_wconf 90' lang='lat' dir='ltr'>inveniri</span> <span class='ocrx_word' id='word_1_378' title='bbox 1421 2784 1500 2853; x_wconf 92' lang='lat' dir='ltr'>pium</span> <span class='ocrx_word' id='word_1_379' title='bbox 1521 2783 1674 2853; x_wconf 91' lang='lat' dir='ltr'>imperium</span> <span class='ocrx_word' id='word_1_380' title='bbox 1691 2788 1819 2837; x_wconf 92' lang='lat' dir='ltr'>nostrum</span> 
     </span>
     <span class='ocr_line' id='line_1_58' title="bbox 993 2871 1820 2943; baseline -0.002 -16"><span class='ocrx_word' id='word_1_381' title='bbox 993 2871 1100 2943; x_wconf 93' lang='lat' dir='ltr'>volens,</span> <span class='ocrx_word' id='word_1_382' title='bbox 1116 2872 1150 2927; x_wconf 91' lang='lat' dir='ltr'>ad</span> <span class='ocrx_word' id='word_1_383' title='bbox 1172 2886 1266 2943; x_wconf 90' lang='lat' dir='ltr'>pacem</span> <span class='ocrx_word' id='word_1_384' title='bbox 1282 2880 1310 2929; x_wconf 91' lang='lat' dir='ltr'>et</span> <span class='ocrx_word' id='word_1_385' title='bbox 1327 2873 1507 2929; x_wconf 88' lang='lat' dir='ltr'>concordiam</span> <span class='ocrx_word' id='word_1_386' title='bbox 1530 2885 1640 2928; x_wconf 89' lang='lat' dir='ltr'>omnem</span> <span class='ocrx_word' id='word_1_387' title='bbox 1664 2871 1820 2926; x_wconf 84' lang='lat' dir='ltr'>Romanam</span> 
     </span>
     <span class='ocr_line' id='line_1_59' title="bbox 993 2958 1820 3033; baseline -0.002 -17"><span class='ocrx_word' id='word_1_388' title='bbox 993 2961 1198 3031; x_wconf 89' lang='lat' dir='ltr'>rempublicam</span> <span class='ocrx_word' id='word_1_389' title='bbox 1222 2968 1346 3018; x_wconf 92' lang='lat' dir='ltr'>nostram</span> <span class='ocrx_word' id='word_1_390' title='bbox 1376 2962 1501 3033; x_wconf 90' lang='lat' dir='ltr'>dirigere</span> <span class='ocrx_word' id='word_1_391' title='bbox 1526 2958 1650 3016; x_wconf 89' lang='lat' dir='ltr'>festinat.</span> <span class='ocrx_word' id='word_1_392' title='bbox 1674 2958 1820 3026; x_wconf 88' lang='lat' dir='ltr'>Pracipue</span> 
     </span>
    </p>
   </div>
   <div class='ocr_carea' id='block_1_10' title="bbox 117 3047 1820 3130">
    <p class='ocr_par' dir='ltr' id='par_1_13' title="bbox 117 3047 1820 3130">
     <span class='ocr_line' id='line_1_60' title="bbox 117 3047 1820 3130; baseline 0.001 -29"><span class='ocrx_word' id='word_1_393' title='bbox 117 3049 271 3118; x_wconf 82' lang='lat' dir='ltr'>adjutorem</span> <span class='ocrx_word' id='word_1_394' title='bbox 289 3050 371 3106; x_wconf 94' lang='lat' dir='ltr'>illum</span> <span class='ocrx_word' id='word_1_395' title='bbox 387 3051 560 3122; x_wconf 89' lang='lat' dir='ltr'>invocantes,</span> <span class='ocrx_word' id='word_1_396' title='bbox 577 3059 605 3107; x_wconf 92' lang='grc'>11</span> <span class='ocrx_word' id='word_1_397' title='bbox 618 3051 646 3106; x_wconf 90' lang='grc'>11</span> <span class='ocrx_word' id='word_1_398' title='bbox 659 3058 770 3121; x_wconf 90' lang='lat' dir='ltr'>pectore</span> <span class='ocrx_word' id='word_1_399' title='bbox 790 3059 885 3108; x_wconf 90' lang='lat' dir='ltr'>nostro</span> <span class='ocrx_word' id='word_1_400' title='bbox 896 3052 976 3130; x_wconf 75' lang='lat' dir='ltr'>ti-0</span> <span class='ocrx_word' id='word_1_401' title='bbox 993 3057 1086 3106; x_wconf 89' lang='lat' dir='ltr'>autem</span> <span class='ocrx_word' id='word_1_402' title='bbox 1103 3056 1265 3106; x_wconf 89' lang='lat' dir='ltr'>sanctarum</span> <span class='ocrx_word' id='word_1_403' title='bbox 1276 3050 1325 3105; x_wconf 87' lang='lat' dir='ltr'>Dei</span> <span class='ocrx_word' id='word_1_404' title='bbox 1342 3050 1534 3106; x_wconf 87' lang='lat' dir='ltr'>Ecclesiarum</span> <span class='ocrx_word' id='word_1_405' title='bbox 1551 3049 1617 3104; x_wconf 90' lang='lat' dir='ltr'>boni</span> <span class='ocrx_word' id='word_1_406' title='bbox 1630 3047 1743 3104; x_wconf 90' lang='lat' dir='ltr'>ordinis</span> <span class='ocrx_word' id='word_1_407' title='bbox 1758 3048 1820 3103; x_wconf 90' lang='lat' dir='ltr'>sol-</span> 
     </span>
    </p>
   </div>
   <div class='ocr_carea' id='block_1_11' title="bbox 114 3138 938 4364">
    <p class='ocr_par' dir='ltr' id='par_1_14' title="bbox 114 3138 938 4364">
     <span class='ocr_line' id='line_1_61' title="bbox 119 3138 938 3210; baseline 0.005 -18"><span class='ocrx_word' id='word_1_408' title='bbox 119 3151 217 3193; x_wconf 90' lang='lat' dir='ltr'>morem</span> <span class='ocrx_word' id='word_1_409' title='bbox 229 3140 294 3208; x_wconf 89' lang='lat' dir='ltr'>ejus</span> <span class='ocrx_word' id='word_1_410' title='bbox 305 3138 449 3198; x_wconf 85' lang='lat' dir='ltr'>habentes.</span> <span class='ocrx_word' id='word_1_411' title='bbox 463 3138 650 3210; x_wconf 85' lang='lat' dir='ltr'>futurumque</span> <span class='ocrx_word' id='word_1_412' title='bbox 658 3140 802 3209; x_wconf 88' lang='lat' dir='ltr'>judicium</span> <span class='ocrx_word' id='word_1_413' title='bbox 814 3141 844 3195; x_wconf 93' lang='lat' dir='ltr'>in</span> <span class='ocrx_word' id='word_1_414' title='bbox 856 3154 938 3196; x_wconf 91' lang='lat' dir='ltr'>men-</span> 
     </span>
     <span class='ocr_line' id='line_1_62' title="bbox 116 3227 936 3299; baseline 0.006 -20"><span class='ocrx_word' id='word_1_415' title='bbox 116 3229 139 3279; x_wconf 91' lang='lat' dir='ltr'>te</span> <span class='ocrx_word' id='word_1_416' title='bbox 149 3227 330 3296; x_wconf 88' lang='lat' dir='ltr'>recipientes,</span> <span class='ocrx_word' id='word_1_417' title='bbox 347 3227 532 3299; x_wconf 85' lang='lat' dir='ltr'>accingamur</span> <span class='ocrx_word' id='word_1_418' title='bbox 545 3228 658 3283; x_wconf 90' lang='lat' dir='ltr'>lumbos</span> <span class='ocrx_word' id='word_1_419' title='bbox 675 3228 779 3284; x_wconf 91' lang='lat' dir='ltr'>mentis</span> <span class='ocrx_word' id='word_1_420' title='bbox 793 3235 895 3284; x_wconf 87' lang='lat' dir='ltr'>nostra</span> <span class='ocrx_word' id='word_1_421' title='bbox 906 3229 936 3284; x_wconf 91' lang='lat' dir='ltr'>in</span> 
     </span>
     <span class='ocr_line' id='line_1_63' title="bbox 116 3315 938 3386; baseline 0.011 -20"><span class='ocrx_word' id='word_1_422' title='bbox 116 3315 631 3386; x_wconf 66' lang='grc'>111111111111111111111111111111</span> <span class='ocrx_word' id='word_1_423' title='bbox 646 3316 802 3372; x_wconf 91' lang='lat' dir='ltr'>seeundum</span> <span class='ocrx_word' id='word_1_424' title='bbox 813 3317 938 3385; x_wconf 81' lang='lat' dir='ltr'>aposto-</span> 
     </span>
     <span class='ocr_line' id='line_1_64' title="bbox 115 3401 934 3475; baseline 0.002 -17"><span class='ocrx_word' id='word_1_425' title='bbox 115 3401 934 3475; x_wconf 74' lang='lat' dir='ltr'>lum,arpuilibraminisJudieiumiudicemus,etomnem</span> 
     </span>
     <span class='ocr_line' id='line_1_65' title="bbox 114 3493 936 3569; baseline 0.005 -25"><span class='ocrx_word' id='word_1_426' title='bbox 114 3505 206 3548; x_wconf 86' lang='lat' dir='ltr'>vocum</span> <span class='ocrx_word' id='word_1_427' title='bbox 238 3493 404 3563; x_wconf 89' lang='lat' dir='ltr'>novitatem,</span> <span class='ocrx_word' id='word_1_428' title='bbox 428 3493 568 3548; x_wconf 89' lang='lat' dir='ltr'>ambitum</span> <span class='ocrx_word' id='word_1_429' title='bbox 598 3499 684 3569; x_wconf 88' lang='lat' dir='ltr'>atque</span> <span class='ocrx_word' id='word_1_430' title='bbox 709 3493 936 3563; x_wconf 85' lang='lat' dir='ltr'>superfluitatem</span> 
     </span>
     <span class='ocr_line' id='line_1_66' title="bbox 115 3581 936 3652; baseline 0.005 -18"><span class='ocrx_word' id='word_1_431' title='bbox 115 3587 244 3652; x_wconf 74' lang='lat' dir='ltr'>cuquam</span> <span class='ocrx_word' id='word_1_432' title='bbox 274 3596 347 3651; x_wconf 94' lang='lat' dir='ltr'>puro</span> <span class='ocrx_word' id='word_1_433' title='bbox 367 3581 465 3637; x_wconf 88' lang='lat' dir='ltr'>tritico</span> <span class='ocrx_word' id='word_1_434' title='bbox 484 3581 710 3651; x_wconf 87' lang='lat' dir='ltr'>superseminata</span> <span class='ocrx_word' id='word_1_435' title='bbox 735 3582 855 3652; x_wconf 83' lang='lat' dir='ltr'>zizania,</span> <span class='ocrx_word' id='word_1_436' title='bbox 873 3582 936 3638; x_wconf 90' lang='lat' dir='ltr'>sine</span> 
     </span>
     <span class='ocr_line' id='line_1_67' title="bbox 115 3669 934 3740; baseline 0.004 -17"><span class='ocrx_word' id='word_1_437' title='bbox 115 3670 183 3724; x_wconf 90' lang='lat' dir='ltr'>omni</span> <span class='ocrx_word' id='word_1_438' title='bbox 194 3669 337 3726; x_wconf 91' lang='lat' dir='ltr'>dilatione</span> <span class='ocrx_word' id='word_1_439' title='bbox 354 3669 496 3725; x_wconf 89' lang='lat' dir='ltr'>radicitus</span> <span class='ocrx_word' id='word_1_440' title='bbox 516 3669 681 3740; x_wconf 88' lang='lat' dir='ltr'>evellamus,</span> <span class='ocrx_word' id='word_1_441' title='bbox 693 3676 725 3725; x_wconf 95' lang='lat' dir='ltr'>ut</span> <span class='ocrx_word' id='word_1_442' title='bbox 746 3676 809 3739; x_wconf 93' lang='lat' dir='ltr'>pote</span> <span class='ocrx_word' id='word_1_443' title='bbox 820 3671 934 3727; x_wconf 89' lang='lat' dir='ltr'>veritati</span> 
     </span>
     <span class='ocr_line' id='line_1_68' title="bbox 114 3755 934 3829; baseline 0.007 -20"><span class='ocrx_word' id='word_1_444' title='bbox 114 3755 263 3829; x_wconf 89' lang='lat' dir='ltr'>obviantia,</span> <span class='ocrx_word' id='word_1_445' title='bbox 274 3764 303 3813; x_wconf 91' lang='lat' dir='ltr'>et</span> <span class='ocrx_word' id='word_1_446' title='bbox 317 3757 451 3814; x_wconf 78' lang='lat' dir='ltr'>Ecclesia</span> <span class='ocrx_word' id='word_1_447' title='bbox 462 3758 659 3829; x_wconf 87' lang='lat' dir='ltr'>repugnantia.</span> <span class='ocrx_word' id='word_1_448' title='bbox 674 3757 741 3826; x_wconf 86' lang='lat' dir='ltr'>Qua</span> <span class='ocrx_word' id='word_1_449' title='bbox 760 3758 837 3813; x_wconf 92' lang='lat' dir='ltr'>enim</span> <span class='ocrx_word' id='word_1_450' title='bbox 857 3759 886 3814; x_wconf 92' lang='grc'>11</span> <span class='ocrx_word' id='word_1_451' title='bbox 902 3772 934 3815; x_wconf 86' lang='grc'>11</span> 
     </span>
     <span class='ocr_line' id='line_1_69' title="bbox 115 3845 931 3919; baseline 0.006 -22"><span class='ocrx_word' id='word_1_452' title='bbox 115 3845 211 3902; x_wconf 89' lang='lat' dir='ltr'>tradita</span> <span class='ocrx_word' id='word_1_453' title='bbox 223 3852 302 3917; x_wconf 91' lang='lat' dir='ltr'>sunt,</span> <span class='ocrx_word' id='word_1_454' title='bbox 314 3859 370 3901; x_wconf 94' lang='lat' dir='ltr'>non</span> <span class='ocrx_word' id='word_1_455' title='bbox 389 3852 457 3902; x_wconf 90' lang='lat' dir='ltr'>sunt</span> <span class='ocrx_word' id='word_1_456' title='bbox 476 3851 514 3901; x_wconf 85' lang='lat' dir='ltr'>est</span> <span class='ocrx_word' id='word_1_457' title='bbox 524 3854 552 3903; x_wconf 92' lang='lat' dir='ltr'>et</span> <span class='ocrx_word' id='word_1_458' title='bbox 568 3862 632 3910; x_wconf 85' lang='lat' dir='ltr'>non,</span> <span class='ocrx_word' id='word_1_459' title='bbox 653 3847 701 3902; x_wconf 91' lang='lat' dir='ltr'>sed</span> <span class='ocrx_word' id='word_1_460' title='bbox 714 3852 753 3901; x_wconf 81' lang='lat' dir='ltr'>est</span> <span class='ocrx_word' id='word_1_461' title='bbox 767 3845 805 3918; x_wconf 86' lang='grc'>(11</span> <span class='ocrx_word' id='word_1_462' title='bbox 817 3847 877 3901; x_wconf 83' lang='lat' dir='ltr'>Cor.</span> <span class='ocrx_word' id='word_1_463' title='bbox 896 3847 931 3919; x_wconf 88' lang='lat'>1):</span> 
     </span>
     <span class='ocr_line' id='line_1_70' title="bbox 115 3933 935 4006; baseline 0.007 -21"><span class='ocrx_word' id='word_1_464' title='bbox 115 3933 235 3990; x_wconf 80' lang='lat' dir='ltr'>existunt</span> <span class='ocrx_word' id='word_1_465' title='bbox 253 3934 283 3989; x_wconf 92' lang='lat' dir='ltr'>in</span> <span class='ocrx_word' id='word_1_466' title='bbox 297 3935 425 4004; x_wconf 88' lang='lat' dir='ltr'>veritate,</span> <span class='ocrx_word' id='word_1_467' title='bbox 439 3941 646 4005; x_wconf 86' lang='lat' dir='ltr'>etpermanent</span> <span class='ocrx_word' id='word_1_468' title='bbox 661 3936 827 4006; x_wconf 88' lang='lat' dir='ltr'>incorrupta</span> <span class='ocrx_word' id='word_1_469' title='bbox 837 3943 865 3992; x_wconf 90' lang='lat' dir='ltr'>et</span> <span class='ocrx_word' id='word_1_470' title='bbox 875 3936 935 3991; x_wconf 91' lang='lat' dir='ltr'>irn-</span> 
     </span>
     <span class='ocr_line' id='line_1_71' title="bbox 116 4022 935 4094; baseline 0.004 -19"><span class='ocrx_word' id='word_1_471' title='bbox 116 4022 238 4077; x_wconf 89' lang='lat' dir='ltr'>mutilata</span> <span class='ocrx_word' id='word_1_472' title='bbox 252 4022 282 4076; x_wconf 92' lang='lat' dir='ltr'>in</span> <span class='ocrx_word' id='word_1_473' title='bbox 292 4023 464 4092; x_wconf 89' lang='lat' dir='ltr'>sempiterna</span> <span class='ocrx_word' id='word_1_474' title='bbox 476 4022 589 4079; x_wconf 88' lang='lat' dir='ltr'>sacula.</span> <span class='ocrx_word' id='word_1_475' title='bbox 601 4024 669 4079; x_wconf 90' lang='lat' dir='ltr'>Siue</span> <span class='ocrx_word' id='word_1_476' title='bbox 684 4024 832 4080; x_wconf 88' lang='lat' dir='ltr'>mendacio</span> <span class='ocrx_word' id='word_1_477' title='bbox 843 4025 935 4094; x_wconf 89' lang='lat' dir='ltr'>quip-</span> 
     </span>
     <span class='ocr_line' id='line_1_72' title="bbox 116 4111 934 4182; baseline 0 -16"><span class='ocrx_word' id='word_1_478' title='bbox 116 4121 143 4176; x_wconf 79' lang='lat' dir='ltr'>pe</span> <span class='ocrx_word' id='word_1_479' title='bbox 157 4118 198 4167; x_wconf 87' lang='lat' dir='ltr'>est</span> <span class='ocrx_word' id='word_1_480' title='bbox 211 4111 264 4180; x_wconf 82' lang='lat' dir='ltr'>qui</span> <span class='ocrx_word' id='word_1_481' title='bbox 276 4111 443 4180; x_wconf 84' lang='lat' dir='ltr'>repromisit</span> <span class='ocrx_word' id='word_1_482' title='bbox 456 4111 573 4167; x_wconf 87' lang='lat' dir='ltr'>dicens:</span> <span class='ocrx_word' id='word_1_483' title='bbox 593 4113 680 4166; x_wconf 86' lang='lat' dir='ltr'>Porta</span> <span class='ocrx_word' id='word_1_484' title='bbox 692 4115 776 4181; x_wconf 70' lang='lat' dir='ltr'>iusseri</span> <span class='ocrx_word' id='word_1_485' title='bbox 793 4129 846 4166; x_wconf 85' lang='lat' dir='ltr'>non</span> <span class='ocrx_word' id='word_1_486' title='bbox 856 4129 934 4182; x_wconf 84' lang='lat' dir='ltr'>pra-</span> 
     </span>
     <span class='ocr_line' id='line_1_73' title="bbox 116 4200 931 4276; baseline 0.007 -24"><span class='ocrx_word' id='word_1_487' title='bbox 116 4200 235 4254; x_wconf 80' lang='lat' dir='ltr'>rolrbunt</span> <span class='ocrx_word' id='word_1_488' title='bbox 250 4201 382 4255; x_wconf 82' lang='lat' dir='ltr'>aduersus</span> <span class='ocrx_word' id='word_1_489' title='bbox 397 4218 454 4255; x_wconf 85' lang='lat' dir='ltr'>eum</span> <span class='ocrx_word' id='word_1_490' title='bbox 474 4200 579 4273; x_wconf 84' lang='grc'>(1111111.</span> <span class='ocrx_word' id='word_1_491' title='bbox 597 4202 674 4276; x_wconf 83' lang='grc'>111);</span> <span class='ocrx_word' id='word_1_492' title='bbox 692 4210 720 4259; x_wconf 90' lang='grc'>11</span> <span class='ocrx_word' id='word_1_493' title='bbox 738 4204 763 4258; x_wconf 93' lang='lat' dir='ltr'>si</span> <span class='ocrx_word' id='word_1_494' title='bbox 783 4203 931 4259; x_wconf 88' lang='lat' dir='ltr'>certificati</span> 
     </span>
     <span class='ocr_line' id='line_1_74' title="bbox 117 4283 931 4364; baseline 0.014 -25"><span class='ocrx_word' id='word_1_495' title='bbox 117 4283 248 4345; x_wconf 88' lang='lat' dir='ltr'>fuerimus</span> <span class='ocrx_word' id='word_1_496' title='bbox 259 4286 381 4364; x_wconf 76' lang='lat' dir='ltr'>[sumus]</span> <span class='ocrx_word' id='word_1_497' title='bbox 393 4291 466 4361; x_wconf 88' lang='lat' dir='ltr'>quod</span> <span class='ocrx_word' id='word_1_498' title='bbox 475 4290 613 4360; x_wconf 89' lang='lat' dir='ltr'>placabile</span> <span class='ocrx_word' id='word_1_499' title='bbox 622 4292 661 4347; x_wconf 93' lang='lat' dir='ltr'>sit</span> <span class='ocrx_word' id='word_1_500' title='bbox 670 4292 698 4347; x_wconf 93' lang='lat' dir='ltr'>in</span> <span class='ocrx_word' id='word_1_501' title='bbox 710 4299 861 4361; x_wconf 88' lang='lat' dir='ltr'>conspeetu</span> <span class='ocrx_word' id='word_1_502' title='bbox 871 4294 931 4363; x_wconf 87' lang='lat' dir='ltr'>Dei,</span> 
     </span>
    </p>
   </div>
   <div class='ocr_carea' id='block_1_12' title="bbox 987 3137 1820 4377">
    <p class='ocr_par' dir='ltr' id='par_1_15' title="bbox 987 3137 1820 4377">
     <span class='ocr_line' id='line_1_75' title="bbox 994 3137 1820 3209; baseline -0.005 -14"><span class='ocrx_word' id='word_1_503' title='bbox 994 3139 1175 3195; x_wconf 89' lang='lat' dir='ltr'>licitudinem</span> <span class='ocrx_word' id='word_1_504' title='bbox 1191 3154 1302 3196; x_wconf 90' lang='lat' dir='ltr'>sumere</span> <span class='ocrx_word' id='word_1_505' title='bbox 1326 3140 1417 3209; x_wconf 91' lang='lat' dir='ltr'>eupit,</span> <span class='ocrx_word' id='word_1_506' title='bbox 1433 3144 1518 3209; x_wconf 82' lang='lat' dir='ltr'>atque</span> <span class='ocrx_word' id='word_1_507' title='bbox 1543 3137 1721 3194; x_wconf 88' lang='lat' dir='ltr'>sacerdotum</span> <span class='ocrx_word' id='word_1_508' title='bbox 1742 3150 1820 3192; x_wconf 93' lang='lat' dir='ltr'>mer-</span> 
     </span>
     <span class='ocr_line' id='line_1_76' title="bbox 992 3226 1820 3299; baseline -0.004 -16"><span class='ocrx_word' id='word_1_509' title='bbox 992 3229 1051 3283; x_wconf 87' lang='lat' dir='ltr'>cari</span> <span class='ocrx_word' id='word_1_510' title='bbox 1073 3243 1184 3298; x_wconf 91' lang='lat' dir='ltr'>semper</span> <span class='ocrx_word' id='word_1_511' title='bbox 1211 3229 1349 3284; x_wconf 90' lang='lat' dir='ltr'>unitatem</span> <span class='ocrx_word' id='word_1_512' title='bbox 1370 3232 1515 3299; x_wconf 89' lang='lat' dir='ltr'>procurat,</span> <span class='ocrx_word' id='word_1_513' title='bbox 1538 3226 1675 3295; x_wconf 88' lang='lat' dir='ltr'>Orientis,</span> <span class='ocrx_word' id='word_1_514' title='bbox 1698 3226 1820 3294; x_wconf 84' lang='lat' dir='ltr'>Septen-</span> 
     </span>
     <span class='ocr_line' id='line_1_77' title="bbox 992 3315 1816 3388; baseline -0.005 -15"><span class='ocrx_word' id='word_1_515' title='bbox 992 3318 1108 3388; x_wconf 88' lang='lat' dir='ltr'>trionis,</span> <span class='ocrx_word' id='word_1_516' title='bbox 1125 3317 1289 3372; x_wconf 74' lang='lat' dir='ltr'>Occidentis</span> <span class='ocrx_word' id='word_1_517' title='bbox 1303 3325 1331 3372; x_wconf 93' lang='lat' dir='ltr'>et</span> <span class='ocrx_word' id='word_1_518' title='bbox 1346 3316 1493 3371; x_wconf 88' lang='lat' dir='ltr'>bleridici:</span> <span class='ocrx_word' id='word_1_519' title='bbox 1511 3322 1539 3371; x_wconf 90' lang='lat' dir='ltr'>et</span> <span class='ocrx_word' id='word_1_520' title='bbox 1549 3316 1686 3385; x_wconf 77' lang='lat' dir='ltr'>praesules</span> <span class='ocrx_word' id='word_1_521' title='bbox 1701 3315 1816 3384; x_wconf 88' lang='lat' dir='ltr'>adsunt,</span> 
     </span>
     <span class='ocr_line' id='line_1_78' title="bbox 991 3402 1817 3477; baseline -0.004 -16"><span class='ocrx_word' id='word_1_522' title='bbox 991 3409 1048 3462; x_wconf 87' lang='lat' dir='ltr'>Deo</span> <span class='ocrx_word' id='word_1_523' title='bbox 1063 3406 1183 3477; x_wconf 91' lang='lat' dir='ltr'>volente,</span> <span class='ocrx_word' id='word_1_524' title='bbox 1206 3419 1254 3475; x_wconf 88' lang='lat' dir='ltr'>per</span> <span class='ocrx_word' id='word_1_525' title='bbox 1269 3404 1392 3460; x_wconf 90' lang='lat' dir='ltr'>vicarios</span> <span class='ocrx_word' id='word_1_526' title='bbox 1411 3417 1480 3459; x_wconf 91' lang='lat' dir='ltr'>suos</span> <span class='ocrx_word' id='word_1_527' title='bbox 1499 3417 1556 3459; x_wconf 88' lang='lat' dir='ltr'>una</span> <span class='ocrx_word' id='word_1_528' title='bbox 1572 3417 1636 3458; x_wconf 90' lang='lat' dir='ltr'>cum</span> <span class='ocrx_word' id='word_1_529' title='bbox 1662 3402 1817 3471; x_wconf 86' lang='lat' dir='ltr'>reciprocis</span> 
     </span>
     <span class='ocr_line' id='line_1_79' title="bbox 993 3490 1817 3565; baseline -0.007 -14"><span class='ocrx_word' id='word_1_530' title='bbox 993 3494 1142 3564; x_wconf 89' lang='lat' dir='ltr'>rescriptis</span> <span class='ocrx_word' id='word_1_531' title='bbox 1156 3494 1190 3549; x_wconf 91' lang='lat' dir='ltr'>ad</span> <span class='ocrx_word' id='word_1_532' title='bbox 1207 3493 1358 3565; x_wconf 87' lang='lat' dir='ltr'>synodicas</span> <span class='ocrx_word' id='word_1_533' title='bbox 1377 3492 1487 3547; x_wconf 87' lang='lat' dir='ltr'>litteras</span> <span class='ocrx_word' id='word_1_534' title='bbox 1513 3505 1576 3562; x_wconf 84' lang='lat' dir='ltr'>qua</span> <span class='ocrx_word' id='word_1_535' title='bbox 1606 3490 1698 3545; x_wconf 89' lang='lat' dir='ltr'>missa</span> <span class='ocrx_word' id='word_1_536' title='bbox 1718 3497 1817 3546; x_wconf 89' lang='lat' dir='ltr'>sunta</span> 
     </span>
     <span class='ocr_line' id='line_1_80' title="bbox 991 3577 1817 3653; baseline -0.01 -12"><span class='ocrx_word' id='word_1_537' title='bbox 991 3584 1174 3641; x_wconf 90' lang='lat' dir='ltr'>sanctissimo</span> <span class='ocrx_word' id='word_1_538' title='bbox 1185 3581 1355 3653; x_wconf 88' lang='lat' dir='ltr'>patriarcha.</span> <span class='ocrx_word' id='word_1_539' title='bbox 1374 3583 1428 3637; x_wconf 83' lang='lat' dir='ltr'>ista</span> <span class='ocrx_word' id='word_1_540' title='bbox 1444 3581 1520 3636; x_wconf 90' lang='lat' dir='ltr'>euim</span> <span class='ocrx_word' id='word_1_541' title='bbox 1536 3579 1700 3649; x_wconf 83' lang='lat' dir='ltr'>antiquitus</span> <span class='ocrx_word' id='word_1_542' title='bbox 1715 3577 1760 3634; x_wconf 82' lang='lat' dir='ltr'>lex</span> <span class='ocrx_word' id='word_1_543' title='bbox 1775 3593 1817 3649; x_wconf 90' lang='lat' dir='ltr'>sy·</span> 
     </span>
     <span class='ocr_line' id='line_1_81' title="bbox 991 3669 1814 3743; baseline -0.006 -13"><span class='ocrx_word' id='word_1_544' title='bbox 991 3674 1093 3730; x_wconf 89' lang='lat' dir='ltr'>nodiea</span> <span class='ocrx_word' id='word_1_545' title='bbox 1107 3672 1254 3729; x_wconf 87' lang='lat' dir='ltr'>catholiea</span> <span class='ocrx_word' id='word_1_546' title='bbox 1268 3672 1411 3743; x_wconf 77' lang='lat' dir='ltr'>Ecclesia,</span> <span class='ocrx_word' id='word_1_547' title='bbox 1429 3683 1523 3741; x_wconf 85' lang='lat' dir='ltr'>quaa</span> <span class='ocrx_word' id='word_1_548' title='bbox 1544 3669 1651 3725; x_wconf 90' lang='lat' dir='ltr'>finibus</span> <span class='ocrx_word' id='word_1_549' title='bbox 1669 3682 1760 3739; x_wconf 84' lang='lat' dir='ltr'>usque</span> <span class='ocrx_word' id='word_1_550' title='bbox 1780 3669 1814 3725; x_wconf 84' lang='lat' dir='ltr'>ad</span> 
     </span>
     <span class='ocr_line' id='line_1_82' title="bbox 990 3758 1817 3834; baseline -0.008 -14"><span class='ocrx_word' id='word_1_551' title='bbox 990 3765 1061 3820; x_wconf 86' lang='lat' dir='ltr'>lines</span> <span class='ocrx_word' id='word_1_552' title='bbox 1071 3763 1197 3833; x_wconf 89' lang='lat' dir='ltr'>suscepit</span> <span class='ocrx_word' id='word_1_553' title='bbox 1206 3762 1399 3834; x_wconf 87' lang='lat' dir='ltr'>Evangelium.</span> <span class='ocrx_word' id='word_1_554' title='bbox 1416 3758 1817 3832; x_wconf 90' lang='lat' dir='ltr'>lgiturbeneplaeitoetnutu</span> 
     </span>
     <span class='ocr_line' id='line_1_83' title="bbox 989 3847 1814 3926; baseline -0.012 -14"><span class='ocrx_word' id='word_1_555' title='bbox 989 3857 1052 3926; x_wconf 76' lang='lat' dir='ltr'>eius</span> <span class='ocrx_word' id='word_1_556' title='bbox 1066 3851 1301 3925; x_wconf 89' lang='lat' dir='ltr'>congregavimus</span> <span class='ocrx_word' id='word_1_557' title='bbox 1325 3865 1374 3907; x_wconf 90' lang='lat' dir='ltr'>vos</span> <span class='ocrx_word' id='word_1_558' title='bbox 1391 3857 1504 3906; x_wconf 90' lang='lat' dir='ltr'>sanctos</span> <span class='ocrx_word' id='word_1_559' title='bbox 1524 3849 1686 3904; x_wconf 88' lang='lat' dir='ltr'>sacerdotes</span> <span class='ocrx_word' id='word_1_560' title='bbox 1710 3847 1814 3919; x_wconf 88' lang='lat' dir='ltr'>ipsius,</span> 
     </span>
     <span class='ocr_line' id='line_1_84' title="bbox 989 3937 1816 4015; baseline -0.007 -15"><span class='ocrx_word' id='word_1_561' title='bbox 989 3944 1039 4015; x_wconf 86' lang='lat' dir='ltr'>qui</span> <span class='ocrx_word' id='word_1_562' title='bbox 1062 3941 1219 4011; x_wconf 90' lang='lat' dir='ltr'>disponitis</span> <span class='ocrx_word' id='word_1_563' title='bbox 1243 3946 1442 3996; x_wconf 90' lang='lat' dir='ltr'>testamentum</span> <span class='ocrx_word' id='word_1_564' title='bbox 1469 3939 1531 4008; x_wconf 88' lang='lat' dir='ltr'>ejus</span> <span class='ocrx_word' id='word_1_565' title='bbox 1555 3951 1643 4008; x_wconf 89' lang='lat' dir='ltr'>super</span> <span class='ocrx_word' id='word_1_566' title='bbox 1666 3937 1816 3994; x_wconf 87' lang='lat' dir='ltr'>incruenta</span> 
     </span>
     <span class='ocr_line' id='line_1_85' title="bbox 988 4028 1815 4102; baseline -0.011 -11"><span class='ocrx_word' id='word_1_567' title='bbox 988 4033 1140 4102; x_wconf 88' lang='lat' dir='ltr'>sacrificia,</span> <span class='ocrx_word' id='word_1_568' title='bbox 1157 4037 1189 4086; x_wconf 89' lang='grc'>111</span> <span class='ocrx_word' id='word_1_569' title='bbox 1208 4029 1434 4086; x_wconf 88' lang='lat' dir='ltr'>diffinitionibus</span> <span class='ocrx_word' id='word_1_570' title='bbox 1453 4028 1626 4099; x_wconf 90' lang='lat' dir='ltr'>synodorum</span> <span class='ocrx_word' id='word_1_571' title='bbox 1654 4041 1717 4098; x_wconf 84' lang='lat' dir='ltr'>qua</span> <span class='ocrx_word' id='word_1_572' title='bbox 1741 4032 1815 4082; x_wconf 88' lang='lat' dir='ltr'>recte</span> 
     </span>
     <span class='ocr_line' id='line_1_86' title="bbox 988 4116 1815 4194; baseline -0.01 -15"><span class='ocrx_word' id='word_1_573' title='bbox 988 4122 1260 4194; x_wconf 87' lang='lat' dir='ltr'>dogmatizaverunt,</span> <span class='ocrx_word' id='word_1_574' title='bbox 1280 4119 1424 4189; x_wconf 82' lang='lat' dir='ltr'>judicium</span> <span class='ocrx_word' id='word_1_575' title='bbox 1447 4124 1571 4174; x_wconf 91' lang='lat' dir='ltr'>vestrum</span> <span class='ocrx_word' id='word_1_576' title='bbox 1588 4116 1683 4171; x_wconf 91' lang='lat' dir='ltr'>simile</span> <span class='ocrx_word' id='word_1_577' title='bbox 1706 4116 1764 4183; x_wconf 88' lang='lat' dir='ltr'>liat,</span> <span class='ocrx_word' id='word_1_578' title='bbox 1787 4121 1815 4171; x_wconf 90' lang='lat' dir='ltr'>et</span> 
     </span>
     <span class='ocr_line' id='line_1_87' title="bbox 987 4206 1815 4278; baseline -0.01 -12"><span class='ocrx_word' id='word_1_579' title='bbox 987 4211 1100 4267; x_wconf 90' lang='lat' dir='ltr'>cunctis</span> <span class='ocrx_word' id='word_1_580' title='bbox 1115 4208 1249 4278; x_wconf 90' lang='lat' dir='ltr'>splendor</span> <span class='ocrx_word' id='word_1_581' title='bbox 1266 4207 1387 4277; x_wconf 88' lang='lat' dir='ltr'>spiritus</span> <span class='ocrx_word' id='word_1_582' title='bbox 1403 4206 1565 4262; x_wconf 89' lang='lat' dir='ltr'>illucescat:</span> <span class='ocrx_word' id='word_1_583' title='bbox 1584 4206 1667 4261; x_wconf 79' lang='lat' dir='ltr'>Neruo</span> <span class='ocrx_word' id='word_1_584' title='bbox 1682 4206 1754 4259; x_wconf 81' lang='lat' dir='ltr'>enim</span> <span class='ocrx_word' id='word_1_585' title='bbox 1772 4219 1815 4258; x_wconf 87' lang='lat' dir='ltr'>cc·</span> 
     </span>
     <span class='ocr_line' id='line_1_88' title="bbox 988 4294 1813 4377; baseline -0.005 -24"><span class='ocrx_word' id='word_1_586' title='bbox 988 4300 1104 4353; x_wconf 82' lang='lat' dir='ltr'>condens</span> <span class='ocrx_word' id='word_1_587' title='bbox 1129 4300 1276 4360; x_wconf 77' lang='lat' dir='ltr'>laterraom,</span> <span class='ocrx_word' id='word_1_588' title='bbox 1289 4299 1368 4377; x_wconf 83' lang='lat' dir='ltr'>ponit</span> <span class='ocrx_word' id='word_1_589' title='bbox 1389 4312 1447 4350; x_wconf 86' lang='lat' dir='ltr'>eam</span> <span class='ocrx_word' id='word_1_590' title='bbox 1467 4295 1517 4349; x_wconf 86' lang='lat' dir='ltr'>sub</span> <span class='ocrx_word' id='word_1_591' title='bbox 1540 4294 1813 4357; x_wconf 80' lang='lat' dir='ltr'>rnedio,secunt1um</span> 
     </span>
    </p>
   </div>
   <div class='ocr_carea' id='block_1_13' title="bbox 116 4379 1813 4459">
    <p class='ocr_par' dir='ltr' id='par_1_16' title="bbox 116 4379 1813 4459">
     <span class='ocr_line' id='line_1_89' title="bbox 116 4379 1813 4459; baseline 0.007 -29"><span class='ocrx_word' id='word_1_592' title='bbox 116 4379 277 4435; x_wconf 86' lang='lat' dir='ltr'>conveniant</span> <span class='ocrx_word' id='word_1_593' title='bbox 295 4380 345 4449; x_wconf 84' lang='lat' dir='ltr'>qui</span> <span class='ocrx_word' id='word_1_594' title='bbox 367 4380 510 4448; x_wconf 77' lang='lat' dir='ltr'>praeterito</span> <span class='ocrx_word' id='word_1_595' title='bbox 529 4393 603 4436; x_wconf 91' lang='lat' dir='ltr'>anuo</span> <span class='ocrx_word' id='word_1_596' title='bbox 615 4380 744 4436; x_wconf 89' lang='lat' dir='ltr'>restitere</span> <span class='ocrx_word' id='word_1_597' title='bbox 762 4381 885 4438; x_wconf 83' lang='lat' dir='ltr'>veritati.</span> <span class='ocrx_word' id='word_1_598' title='bbox 902 4383 929 4438; x_wconf 87' lang='lat' dir='ltr'>Si</span> <span class='ocrx_word' id='word_1_599' title='bbox 945 4385 972 4446; x_wconf 86' lang='lat' dir='ltr'>D</span> <span class='ocrx_word' id='word_1_600' title='bbox 989 4389 1102 4446; x_wconf 81' lang='lat' dir='ltr'>pomini</span> <span class='ocrx_word' id='word_1_601' title='bbox 1132 4402 1235 4459; x_wconf 83' lang='lat' dir='ltr'>vocem,</span> <span class='ocrx_word' id='word_1_602' title='bbox 1260 4387 1308 4441; x_wconf 78' lang='lat' dir='ltr'>sod</span> <span class='ocrx_word' id='word_1_603' title='bbox 1329 4401 1410 4455; x_wconf 82' lang='lat' dir='ltr'>super</span> <span class='ocrx_word' id='word_1_604' title='bbox 1432 4384 1636 4445; x_wconf 79' lang='lat' dir='ltr'>condelabrum,</span> <span class='ocrx_word' id='word_1_605' title='bbox 1660 4388 1692 4437; x_wconf 81' lang='lat' dir='ltr'>ut</span> <span class='ocrx_word' id='word_1_606' title='bbox 1724 4384 1813 4438; x_wconf 80' lang='lat' dir='ltr'>luceat</span> 
     </span>
    </p>
   </div>
   <div class='ocr_carea' id='block_1_14' title="bbox 111 4468 932 5616">
    <p class='ocr_par' dir='ltr' id='par_1_17' title="bbox 114 4468 932 4703">
     <span class='ocr_line' id='line_1_90' title="bbox 115 4468 930 4534; baseline 0.011 -14"><span class='ocrx_word' id='word_1_607' title='bbox 115 4468 172 4534; x_wconf 83' lang='lat' dir='ltr'>quis</span> <span class='ocrx_word' id='word_1_608' title='bbox 189 4477 234 4524; x_wconf 90' lang='lat' dir='ltr'>est</span> <span class='ocrx_word' id='word_1_609' title='bbox 253 4469 283 4523; x_wconf 91' lang='lat' dir='ltr'>in</span> <span class='ocrx_word' id='word_1_610' title='bbox 296 4469 358 4525; x_wconf 90' lang='lat' dir='ltr'>illis</span> <span class='ocrx_word' id='word_1_611' title='bbox 377 4482 469 4525; x_wconf 91' lang='lat' dir='ltr'>sermo</span> <span class='ocrx_word' id='word_1_612' title='bbox 482 4470 525 4525; x_wconf 90' lang='lat' dir='ltr'>vel</span> <span class='ocrx_word' id='word_1_613' title='bbox 544 4471 833 4527; x_wconf 89' lang='lat' dir='ltr'>contradictionisvel</span> <span class='ocrx_word' id='word_1_614' title='bbox 845 4473 930 4529; x_wconf 90' lang='lat' dir='ltr'>etiam</span> 
     </span>
     <span class='ocr_line' id='line_1_91' title="bbox 116 4556 932 4630; baseline 0.011 -22"><span class='ocrx_word' id='word_1_615' title='bbox 116 4556 348 4629; x_wconf 88' lang='lat' dir='ltr'>ratiocinationis,</span> <span class='ocrx_word' id='word_1_616' title='bbox 359 4558 466 4614; x_wconf 89' lang='lat' dir='ltr'>dicant.</span> <span class='ocrx_word' id='word_1_617' title='bbox 484 4560 524 4615; x_wconf 88' lang='lat' dir='ltr'>lta</span> <span class='ocrx_word' id='word_1_618' title='bbox 540 4571 661 4630; x_wconf 80' lang='lat' dir='ltr'>namque</span> <span class='ocrx_word' id='word_1_619' title='bbox 673 4560 767 4616; x_wconf 90' lang='lat' dir='ltr'>omnis</span> <span class='ocrx_word' id='word_1_620' title='bbox 781 4561 932 4617; x_wconf 82' lang='lat' dir='ltr'>examina-</span> 
     </span>
     <span class='ocr_line' id='line_1_92' title="bbox 114 4642 378 4703; baseline 0.019 -8"><span class='ocrx_word' id='word_1_621' title='bbox 114 4642 147 4698; x_wconf 89' lang='lat' dir='ltr'>tio</span> <span class='ocrx_word' id='word_1_622' title='bbox 158 4645 307 4703; x_wconf 90' lang='lat' dir='ltr'>manifesta</span> <span class='ocrx_word' id='word_1_623' title='bbox 321 4646 378 4701; x_wconf 90' lang='lat' dir='ltr'>tlet.</span> 
     </span>
    </p>

    <p class='ocr_par' dir='ltr' id='par_1_18' title="bbox 111 4733 931 5259">
     <span class='ocr_line' id='line_1_93' title="bbox 141 4733 929 4811; baseline 0.01 -22"><span class='ocrx_word' id='word_1_624' title='bbox 141 4733 344 4793; x_wconf 87' lang='lat' dir='ltr'>Constantinus</span> <span class='ocrx_word' id='word_1_625' title='bbox 363 4737 563 4794; x_wconf 89' lang='lat' dir='ltr'>sanctissimus</span> <span class='ocrx_word' id='word_1_626' title='bbox 582 4739 734 4811; x_wconf 89' lang='lat' dir='ltr'>episeopus</span> <span class='ocrx_word' id='word_1_627' title='bbox 756 4739 929 4797; x_wconf 89' lang='lat' dir='ltr'>Constantia</span> 
     </span>
     <span class='ocr_line' id='line_1_94' title="bbox 112 4821 931 4901; baseline 0.011 -25"><span class='ocrx_word' id='word_1_628' title='bbox 112 4821 294 4893; x_wconf 83' lang='lat' dir='ltr'>Cypridixit:</span> <span class='ocrx_word' id='word_1_629' title='bbox 308 4826 337 4881; x_wconf 92' lang='lat' dir='ltr'>Si</span> <span class='ocrx_word' id='word_1_630' title='bbox 351 4827 465 4882; x_wconf 90' lang='lat' dir='ltr'>videtur</span> <span class='ocrx_word' id='word_1_631' title='bbox 476 4827 543 4884; x_wconf 89' lang='lat' dir='ltr'>huic</span> <span class='ocrx_word' id='word_1_632' title='bbox 554 4836 658 4885; x_wconf 89' lang='lat' dir='ltr'>saneta</span> <span class='ocrx_word' id='word_1_633' title='bbox 668 4835 696 4886; x_wconf 90' lang='lat' dir='ltr'>et</span> <span class='ocrx_word' id='word_1_634' title='bbox 712 4830 867 4885; x_wconf 90' lang='lat' dir='ltr'>universali</span> <span class='ocrx_word' id='word_1_635' title='bbox 879 4845 931 4901; x_wconf 90' lang='lat' dir='ltr'>sy-</span> 
     </span>
     <span class='ocr_line' id='line_1_95' title="bbox 113 4913 930 4987; baseline 0.015 -22"><span class='ocrx_word' id='word_1_636' title='bbox 113 4913 186 4984; x_wconf 90' lang='lat' dir='ltr'>nodo,</span> <span class='ocrx_word' id='word_1_637' title='bbox 206 4916 366 4971; x_wconf 91' lang='lat' dir='ltr'>secundum</span> <span class='ocrx_word' id='word_1_638' title='bbox 397 4931 461 4987; x_wconf 89' lang='lat' dir='ltr'>qua</span> <span class='ocrx_word' id='word_1_639' title='bbox 486 4918 647 4974; x_wconf 88' lang='lat' dir='ltr'>dictasunt</span> <span class='ocrx_word' id='word_1_640' title='bbox 669 4933 685 4974; x_wconf 91' lang='lat' dir='ltr'>a</span> <span class='ocrx_word' id='word_1_641' title='bbox 704 4920 887 4976; x_wconf 89' lang='lat' dir='ltr'>sanctissimo</span> <span class='ocrx_word' id='word_1_642' title='bbox 901 4927 930 4978; x_wconf 91' lang='lat' dir='ltr'>et</span> 
     </span>
     <span class='ocr_line' id='line_1_96' title="bbox 112 4998 930 5079; baseline 0.011 -22"><span class='ocrx_word' id='word_1_643' title='bbox 112 4998 268 5060; x_wconf 79' lang='lat' dir='ltr'>beatissimo</span> <span class='ocrx_word' id='word_1_644' title='bbox 279 5006 441 5076; x_wconf 88' lang='lat' dir='ltr'>patriarcha</span> <span class='ocrx_word' id='word_1_645' title='bbox 455 5007 581 5068; x_wconf 79' lang='lat' dir='ltr'>Tarasio,</span> <span class='ocrx_word' id='word_1_646' title='bbox 602 5008 801 5079; x_wconf 82' lang='lat' dir='ltr'>ingrediantur</span> <span class='ocrx_word' id='word_1_647' title='bbox 811 5011 930 5067; x_wconf 88' lang='lat' dir='ltr'>sanetis-</span> 
     </span>
     <span class='ocr_line' id='line_1_97' title="bbox 111 5089 928 5169; baseline 0.017 -27"><span class='ocrx_word' id='word_1_648' title='bbox 111 5089 168 5147; x_wconf 90' lang='lat' dir='ltr'>slmi</span> <span class='ocrx_word' id='word_1_649' title='bbox 192 5094 321 5164; x_wconf 89' lang='lat' dir='ltr'>episcopi</span> <span class='ocrx_word' id='word_1_650' title='bbox 344 5095 394 5165; x_wconf 86' lang='lat' dir='ltr'>qui</span> <span class='ocrx_word' id='word_1_651' title='bbox 417 5095 446 5150; x_wconf 91' lang='lat' dir='ltr'>iu</span> <span class='ocrx_word' id='word_1_652' title='bbox 471 5096 522 5152; x_wconf 90' lang='lat' dir='ltr'>hac</span> <span class='ocrx_word' id='word_1_653' title='bbox 537 5097 686 5154; x_wconf 88' lang='lat' dir='ltr'>criminati</span> <span class='ocrx_word' id='word_1_654' title='bbox 710 5104 879 5169; x_wconf 90' lang='lat' dir='ltr'>suntparte,</span> <span class='ocrx_word' id='word_1_655' title='bbox 898 5101 928 5156; x_wconf 93' lang='grc'>11</span> 
     </span>
     <span class='ocr_line' id='line_1_98' title="bbox 111 5183 818 5259; baseline 0.013 -26"><span class='ocrx_word' id='word_1_656' title='bbox 111 5191 253 5252; x_wconf 88' lang='lat' dir='ltr'>conspectu</span> <span class='ocrx_word' id='word_1_657' title='bbox 265 5183 352 5253; x_wconf 91' lang='lat' dir='ltr'>hujus</span> <span class='ocrx_word' id='word_1_658' title='bbox 365 5191 468 5240; x_wconf 86' lang='lat' dir='ltr'>sancta</span> <span class='ocrx_word' id='word_1_659' title='bbox 481 5193 508 5242; x_wconf 90' lang='lat' dir='ltr'>et</span> <span class='ocrx_word' id='word_1_660' title='bbox 523 5187 818 5259; x_wconf 82' lang='lat' dir='ltr'>universalissynodi.</span> 
     </span>
    </p>

    <p class='ocr_par' dir='ltr' id='par_1_19' title="bbox 111 5271 925 5616">
     <span class='ocr_line' id='line_1_99' title="bbox 138 5271 925 5350; baseline 0.011 -24"><span class='ocrx_word' id='word_1_661' title='bbox 138 5271 237 5328; x_wconf 78' lang='grc'>811111</span> <span class='ocrx_word' id='word_1_662' title='bbox 259 5274 387 5343; x_wconf 75' lang='lat' dir='ltr'>synodus</span> <span class='ocrx_word' id='word_1_663' title='bbox 407 5274 500 5330; x_wconf 85' lang='lat' dir='ltr'>dixit:</span> <span class='ocrx_word' id='word_1_664' title='bbox 524 5277 732 5347; x_wconf 85' lang='lat' dir='ltr'>ingrediantur.</span> <span class='ocrx_word' id='word_1_665' title='bbox 755 5281 789 5333; x_wconf 90' lang='lat' dir='ltr'>Et</span> <span class='ocrx_word' id='word_1_666' title='bbox 804 5279 925 5350; x_wconf 85' lang='lat' dir='ltr'>ingressi</span> 
     </span>
     <span class='ocr_line' id='line_1_100' title="bbox 111 5362 925 5440; baseline 0.014 -26"><span class='ocrx_word' id='word_1_667' title='bbox 111 5369 168 5417; x_wconf 87' lang='lat' dir='ltr'>sunt</span> <span class='ocrx_word' id='word_1_668' title='bbox 185 5362 315 5434; x_wconf 92' lang='lat' dir='ltr'>episcopi</span> <span class='ocrx_word' id='word_1_669' title='bbox 337 5365 387 5434; x_wconf 89' lang='lat' dir='ltr'>qui</span> <span class='ocrx_word' id='word_1_670' title='bbox 408 5366 537 5433; x_wconf 80' lang='grc'>1111111111</span> <span class='ocrx_word' id='word_1_671' title='bbox 558 5374 635 5423; x_wconf 91' lang='lat' dir='ltr'>sunt.</span> <span class='ocrx_word' id='word_1_672' title='bbox 656 5368 782 5438; x_wconf 80' lang='lat' dir='ltr'>Curaque</span> <span class='ocrx_word' id='word_1_673' title='bbox 803 5369 925 5440; x_wconf 83' lang='lat' dir='ltr'>ingressi</span> 
     </span>
     <span class='ocr_line' id='line_1_101' title="bbox 111 5446 925 5527; baseline 0.016 -25"><span class='ocrx_word' id='word_1_674' title='bbox 111 5446 232 5521; x_wconf 88' lang='lat' dir='ltr'>fuissent,</span> <span class='ocrx_word' id='word_1_675' title='bbox 249 5453 455 5524; x_wconf 87' lang='lat' dir='ltr'>gloriosissimi</span> <span class='ocrx_word' id='word_1_676' title='bbox 477 5456 622 5527; x_wconf 88' lang='lat' dir='ltr'>principes</span> <span class='ocrx_word' id='word_1_677' title='bbox 643 5458 798 5513; x_wconf 83' lang='lat' dir='ltr'>vlixerunt:</span> <span class='ocrx_word' id='word_1_678' title='bbox 811 5461 925 5516; x_wconf 85' lang='lat' dir='ltr'>Domini</span> 
     </span>
     <span class='ocr_line' id='line_1_102' title="bbox 111 5541 924 5616; baseline 0.015 -23"><span class='ocrx_word' id='word_1_679' title='bbox 111 5541 190 5598; x_wconf 86' lang='lat' dir='ltr'>uestri</span> <span class='ocrx_word' id='word_1_680' title='bbox 215 5541 332 5616; x_wconf 87' lang='lat' dir='ltr'>benigni</span> <span class='ocrx_word' id='word_1_681' title='bbox 356 5543 550 5602; x_wconf 86' lang='lat' dir='ltr'>honorabilem</span> <span class='ocrx_word' id='word_1_682' title='bbox 576 5551 604 5601; x_wconf 90' lang='lat' dir='ltr'>et</span> <span class='ocrx_word' id='word_1_683' title='bbox 623 5547 796 5604; x_wconf 87' lang='lat' dir='ltr'>adorandam</span> <span class='ocrx_word' id='word_1_684' title='bbox 817 5564 924 5605; x_wconf 83' lang='lat' dir='ltr'>sacram</span> 
     </span>
    </p>
   </div>
   <div class='ocr_carea' id='block_1_15' title="bbox 981 4472 1813 5618">
    <p class='ocr_par' dir='ltr' id='par_1_20' title="bbox 981 4472 1813 5618">
     <span class='ocr_line' id='line_1_103' title="bbox 988 4472 1813 4546; baseline -0.002 -15"><span class='ocrx_word' id='word_1_685' title='bbox 988 4479 1111 4534; x_wconf 81' lang='lat' dir='ltr'>orrruibus</span> <span class='ocrx_word' id='word_1_686' title='bbox 1133 4479 1231 4546; x_wconf 84' lang='lat' dir='ltr'>quiin</span> <span class='ocrx_word' id='word_1_687' title='bbox 1253 4477 1330 4530; x_wconf 80' lang='lat' dir='ltr'>doute</span> <span class='ocrx_word' id='word_1_688' title='bbox 1348 4479 1413 4529; x_wconf 87' lang='lat' dir='ltr'>sunt</span> <span class='ocrx_word' id='word_1_689' title='bbox 1426 4472 1531 4545; x_wconf 80' lang='grc'>(1111111.</span> <span class='ocrx_word' id='word_1_690' title='bbox 1556 4472 1592 4544; x_wconf 87' lang='lat' dir='ltr'>v).</span> <span class='ocrx_word' id='word_1_691' title='bbox 1612 4473 1659 4528; x_wconf 82' lang='lat' dir='ltr'>ste</span> <span class='ocrx_word' id='word_1_692' title='bbox 1682 4473 1758 4528; x_wconf 87' lang='lat' dir='ltr'>enim</span> <span class='ocrx_word' id='word_1_693' title='bbox 1785 4479 1813 4529; x_wconf 85' lang='grc'>11</span> 
     </span>
     <span class='ocr_line' id='line_1_104' title="bbox 987 4562 1812 4638; baseline -0.005 -16"><span class='ocrx_word' id='word_1_694' title='bbox 987 4566 1192 4638; x_wconf 87' lang='lat' dir='ltr'>legislationes,</span> <span class='ocrx_word' id='word_1_695' title='bbox 1212 4580 1274 4635; x_wconf 83' lang='lat' dir='ltr'>qua</span> <span class='ocrx_word' id='word_1_696' title='bbox 1290 4566 1359 4622; x_wconf 91' lang='lat' dir='ltr'>olim</span> <span class='ocrx_word' id='word_1_697' title='bbox 1374 4577 1390 4619; x_wconf 91' lang='lat' dir='ltr'>a</span> <span class='ocrx_word' id='word_1_698' title='bbox 1405 4562 1536 4635; x_wconf 90' lang='lat' dir='ltr'>patribus</span> <span class='ocrx_word' id='word_1_699' title='bbox 1557 4562 1665 4618; x_wconf 89' lang='lat' dir='ltr'>nostris</span> <span class='ocrx_word' id='word_1_700' title='bbox 1687 4563 1733 4631; x_wconf 92' lang='lat' dir='ltr'>pie</span> <span class='ocrx_word' id='word_1_701' title='bbox 1749 4567 1812 4618; x_wconf 92' lang='lat' dir='ltr'>tra-</span> 
     </span>
     <span class='ocr_line' id='line_1_105' title="bbox 986 4651 1811 4726; baseline -0.005 -14"><span class='ocrx_word' id='word_1_702' title='bbox 986 4656 1053 4712; x_wconf 89' lang='lat' dir='ltr'>dita</span> <span class='ocrx_word' id='word_1_703' title='bbox 1070 4662 1138 4712; x_wconf 92' lang='lat' dir='ltr'>sunt</span> <span class='ocrx_word' id='word_1_704' title='bbox 1152 4656 1247 4726; x_wconf 90' lang='lat' dir='ltr'>nobis,</span> <span class='ocrx_word' id='word_1_705' title='bbox 1262 4653 1433 4725; x_wconf 82' lang='lat' dir='ltr'>sequemini,</span> <span class='ocrx_word' id='word_1_706' title='bbox 1449 4660 1477 4709; x_wconf 90' lang='lat' dir='ltr'>et</span> <span class='ocrx_word' id='word_1_707' title='bbox 1491 4659 1593 4726; x_wconf 79' lang='lat' dir='ltr'>sancta</span> <span class='ocrx_word' id='word_1_708' title='bbox 1609 4652 1658 4706; x_wconf 86' lang='lat' dir='ltr'>Dei</span> <span class='ocrx_word' id='word_1_709' title='bbox 1677 4651 1811 4708; x_wconf 88' lang='lat' dir='ltr'>Eceiesia</span> 
     </span>
     <span class='ocr_line' id='line_1_106' title="bbox 986 4742 1812 4816; baseline -0.004 -15"><span class='ocrx_word' id='word_1_710' title='bbox 986 4747 1016 4801; x_wconf 94' lang='lat' dir='ltr'>in</span> <span class='ocrx_word' id='word_1_711' title='bbox 1037 4745 1155 4816; x_wconf 89' lang='lat' dir='ltr'>pacifico</span> <span class='ocrx_word' id='word_1_712' title='bbox 1169 4746 1270 4802; x_wconf 89' lang='lat' dir='ltr'>ordine</span> <span class='ocrx_word' id='word_1_713' title='bbox 1294 4743 1507 4814; x_wconf 87' lang='lat' dir='ltr'>permanebunt.</span> <span class='ocrx_word' id='word_1_714' title='bbox 1524 4742 1600 4798; x_wconf 86' lang='lat' dir='ltr'>hdeo</span> <span class='ocrx_word' id='word_1_715' title='bbox 1617 4742 1724 4813; x_wconf 88' lang='lat' dir='ltr'>quippe</span> <span class='ocrx_word' id='word_1_716' title='bbox 1738 4755 1812 4798; x_wconf 90' lang='lat' dir='ltr'>eon-</span> 
     </span>
     <span class='ocr_line' id='line_1_107' title="bbox 985 4831 1810 4904; baseline -0.001 -17"><span class='ocrx_word' id='word_1_717' title='bbox 985 4833 1114 4904; x_wconf 89' lang='lat' dir='ltr'>tligimus</span> <span class='ocrx_word' id='word_1_718' title='bbox 1135 4847 1186 4903; x_wconf 93' lang='lat' dir='ltr'>pro</span> <span class='ocrx_word' id='word_1_719' title='bbox 1206 4833 1333 4902; x_wconf 89' lang='lat' dir='ltr'>veritate,</span> <span class='ocrx_word' id='word_1_720' title='bbox 1356 4838 1383 4886; x_wconf 91' lang='lat' dir='ltr'>et</span> <span class='ocrx_word' id='word_1_721' title='bbox 1397 4831 1430 4886; x_wconf 90' lang='lat' dir='ltr'>ad</span> <span class='ocrx_word' id='word_1_722' title='bbox 1456 4831 1587 4900; x_wconf 89' lang='lat' dir='ltr'>pietatem</span> <span class='ocrx_word' id='word_1_723' title='bbox 1609 4831 1810 4888; x_wconf 89' lang='lat' dir='ltr'>contendimus</span> 
     </span>
     <span class='ocr_line' id='line_1_108' title="bbox 984 4920 1813 4991; baseline -0.01 -7"><span class='ocrx_word' id='word_1_724' title='bbox 984 4933 1012 4984; x_wconf 91' lang='lat' dir='ltr'>et</span> <span class='ocrx_word' id='word_1_725' title='bbox 1020 4923 1214 4980; x_wconf 88' lang='lat' dir='ltr'>ecclesiastico</span> <span class='ocrx_word' id='word_1_726' title='bbox 1223 4921 1318 4977; x_wconf 90' lang='lat' dir='ltr'>ordini</span> <span class='ocrx_word' id='word_1_727' title='bbox 1330 4920 1519 4988; x_wconf 89' lang='lat' dir='ltr'>consulimus,</span> <span class='ocrx_word' id='word_1_728' title='bbox 1530 4921 1678 4990; x_wconf 78' lang='lat' dir='ltr'>antiquam</span> <span class='ocrx_word' id='word_1_729' title='bbox 1690 4920 1813 4991; x_wconf 82' lang='lat' dir='ltr'>legisla-</span> 
     </span>
     <span class='ocr_line' id='line_1_109' title="bbox 983 5008 1810 5081; baseline -0.008 -8"><span class='ocrx_word' id='word_1_730' title='bbox 983 5008 1810 5081; x_wconf 82' lang='lat' dir='ltr'>tionemronttrnarevolentes,utetmititariousconsitiis</span> 
     </span>
     <span class='ocr_line' id='line_1_110' title="bbox 983 5099 1810 5171; baseline -0.01 -10"><span class='ocrx_word' id='word_1_731' title='bbox 983 5103 1101 5171; x_wconf 89' lang='lat' dir='ltr'>detenti,</span> <span class='ocrx_word' id='word_1_732' title='bbox 1114 5107 1141 5157; x_wconf 91' lang='lat' dir='ltr'>et</span> <span class='ocrx_word' id='word_1_733' title='bbox 1156 5099 1322 5170; x_wconf 78' lang='lat' dir='ltr'>reipublicae</span> <span class='ocrx_word' id='word_1_734' title='bbox 1343 5100 1422 5154; x_wconf 86' lang='lat' dir='ltr'>curis</span> <span class='ocrx_word' id='word_1_735' title='bbox 1437 5104 1577 5169; x_wconf 86' lang='lat' dir='ltr'>vacantes,</span> <span class='ocrx_word' id='word_1_736' title='bbox 1595 5099 1719 5168; x_wconf 86' lang='lat' dir='ltr'>primurn</span> <span class='ocrx_word' id='word_1_737' title='bbox 1737 5112 1810 5168; x_wconf 90' lang='lat' dir='ltr'>opus</span> 
     </span>
     <span class='ocr_line' id='line_1_111' title="bbox 984 5186 1810 5260; baseline -0.007 -12"><span class='ocrx_word' id='word_1_738' title='bbox 984 5194 1138 5248; x_wconf 90' lang='lat' dir='ltr'>habeamus</span> <span class='ocrx_word' id='word_1_739' title='bbox 1154 5187 1307 5260; x_wconf 90' lang='lat' dir='ltr'>paciferam</span> <span class='ocrx_word' id='word_1_740' title='bbox 1327 5186 1536 5244; x_wconf 87' lang='lat' dir='ltr'>observantiam</span> <span class='ocrx_word' id='word_1_741' title='bbox 1559 5186 1692 5243; x_wconf 89' lang='lat' dir='ltr'>Ecclesia</span> <span class='ocrx_word' id='word_1_742' title='bbox 1707 5187 1810 5242; x_wconf 89' lang='lat' dir='ltr'>catho-</span> 
     </span>
     <span class='ocr_line' id='line_1_112' title="bbox 983 5274 1808 5349; baseline -0.01 -12"><span class='ocrx_word' id='word_1_743' title='bbox 983 5282 1054 5349; x_wconf 86' lang='lat' dir='ltr'>lica,</span> <span class='ocrx_word' id='word_1_744' title='bbox 1071 5287 1099 5336; x_wconf 92' lang='lat' dir='ltr'>et</span> <span class='ocrx_word' id='word_1_745' title='bbox 1115 5277 1285 5334; x_wconf 84' lang='lat' dir='ltr'>insecundo</span> <span class='ocrx_word' id='word_1_746' title='bbox 1303 5278 1355 5333; x_wconf 90' lang='lat' dir='ltr'>hoc</span> <span class='ocrx_word' id='word_1_747' title='bbox 1372 5284 1517 5346; x_wconf 89' lang='lat' dir='ltr'>ponentes,</span> <span class='ocrx_word' id='word_1_748' title='bbox 1534 5275 1568 5331; x_wconf 87' lang='lat' dir='ltr'>ad</span> <span class='ocrx_word' id='word_1_749' title='bbox 1585 5274 1808 5331; x_wconf 89' lang='lat' dir='ltr'>sacratissimam</span> 
     </span>
     <span class='ocr_line' id='line_1_113' title="bbox 982 5362 1806 5438; baseline -0.01 -14"><span class='ocrx_word' id='word_1_750' title='bbox 982 5378 1101 5424; x_wconf 89' lang='lat' dir='ltr'>vestrum</span> <span class='ocrx_word' id='word_1_751' title='bbox 1127 5382 1182 5423; x_wconf 94' lang='lat' dir='ltr'>non</span> <span class='ocrx_word' id='word_1_752' title='bbox 1213 5365 1367 5438; x_wconf 80' lang='lat' dir='ltr'>fatigemur</span> <span class='ocrx_word' id='word_1_753' title='bbox 1397 5365 1536 5436; x_wconf 90' lang='lat' dir='ltr'>synodum</span> <span class='ocrx_word' id='word_1_754' title='bbox 1565 5362 1806 5435; x_wconf 66' lang='lat' dir='ltr'>congregandam,</span> 
     </span>
     <span class='ocr_line' id='line_1_114' title="bbox 981 5448 1808 5526; baseline -0.011 -13"><span class='ocrx_word' id='word_1_755' title='bbox 981 5460 1081 5514; x_wconf 87' lang='lat' dir='ltr'>dantes</span> <span class='ocrx_word' id='word_1_756' title='bbox 1100 5456 1258 5526; x_wconf 86' lang='lat' dir='ltr'>unicuique</span> <span class='ocrx_word' id='word_1_757' title='bbox 1281 5455 1438 5525; x_wconf 88' lang='lat' dir='ltr'>licentiam,</span> <span class='ocrx_word' id='word_1_758' title='bbox 1455 5461 1487 5509; x_wconf 94' lang='lat' dir='ltr'>ut</span> <span class='ocrx_word' id='word_1_759' title='bbox 1509 5453 1570 5508; x_wconf 92' lang='lat' dir='ltr'>sine</span> <span class='ocrx_word' id='word_1_760' title='bbox 1592 5452 1669 5507; x_wconf 89' lang='lat' dir='ltr'>ornni</span> <span class='ocrx_word' id='word_1_761' title='bbox 1690 5448 1808 5505; x_wconf 91' lang='lat' dir='ltr'>subtra-</span> 
     </span>
     <span class='ocr_line' id='line_1_115' title="bbox 982 5534 1808 5618; baseline -0.012 -14"><span class='ocrx_word' id='word_1_762' title='bbox 982 5547 1077 5605; x_wconf 86' lang='lat' dir='ltr'>ctione</span> <span class='ocrx_word' id='word_1_763' title='bbox 1093 5546 1227 5618; x_wconf 83' lang='lat' dir='ltr'>loquatur</span> <span class='ocrx_word' id='word_1_764' title='bbox 1250 5560 1313 5614; x_wconf 83' lang='lat' dir='ltr'>qua</span> <span class='ocrx_word' id='word_1_765' title='bbox 1335 5544 1391 5600; x_wconf 89' lang='lat' dir='ltr'>sibi</span> <span class='ocrx_word' id='word_1_766' title='bbox 1407 5543 1468 5598; x_wconf 89' lang='lat' dir='ltr'>visa</span> <span class='ocrx_word' id='word_1_767' title='bbox 1490 5541 1608 5611; x_wconf 87' lang='lat' dir='ltr'>fuerint,</span> <span class='ocrx_word' id='word_1_768' title='bbox 1623 5549 1655 5598; x_wconf 90' lang='lat' dir='ltr'>ut</span> <span class='ocrx_word' id='word_1_769' title='bbox 1670 5534 1808 5594; x_wconf 78' lang='lat' dir='ltr'>distincta</span> 
     </span>
    </p>
   </div>
   <div class='ocr_carea' id='block_1_16' title="bbox 0 0 1942 6085">
    <p class='ocr_par' dir='ltr' id='par_1_21' title="bbox 0 0 1942 6085">
     <span class='ocr_line' id='line_1_116' title="bbox 0 0 1942 6085; baseline 0 0"><span class='ocrx_word' id='word_1_770' title='bbox 0 0 1942 6085; x_wconf 95' lang='lat' dir='ltr'> </span> 
     </span>
    </p>
   </div>
  </div>
 </body>
</html>
