3876 6090
120 249 175 309 aab
733 249 911 306 hunslasu
929 248 1199 306 ursstlounucnnu

121 379 278 448 adorarem,
307 392 359 433 cur
380 384 527 449 martyres,
550 379 600 448 qui
628 377 831 434 destruxerunt
853 375 939 444 idola,
955 371 985 431 A
998 373 1069 444 gini,
1087 374 1128 429 vel
1143 388 1225 445 arcae,
1241 375 1283 430 vel
1300 375 1444 446 reliquiis,
1462 377 1509 432 sed
1524 390 1573 446 per
1587 390 1619 432 ea
1633 378 1719 434 Deoe

120 468 304 523 adoraremus
321 463 449 541 [honoro]
466 468 480 521 ‘i
500 467 529 523 Si
546 467 624 538 ligna
645 472 676 523 ut
698 467 766 522 deos
792 466 899 522 honoro
914 471 941 517 et
997 476 1059 516 rum
1073 469 1101 517 et
1115 469 1284 518 cunctorum
1299 464 1425 520 Creatori
1446 465 1567 537 gloriam
1581 471 1608 521 et
1621 467 1716 522 saluta

121 554 260 627 glorilico,
275 557 417 625 quomodo
430 555 537 612 honoro
547 561 574 611 et
589 555 718 625 glorillco
734 552 940 624 martyres,qui
996 556 1024 606 et
1042 551 1151 606 cultum
1168 552 1344 622 impendunt.
1363 555 1457 609 Honor
1471 555 1547 608 enim
1569 556 1619 624 qui
1633 555 1719 610 sancti

122 644 216 716 lignea
237 643 391 699 simulacra
407 645 638 700 destruxerunt?
656 644 685 698 Si
706 642 814 712 lapides
830 646 861 696 ut
874 640 942 695 deos
998 639 1183 710 impenditur,
1199 642 1234 696 ad
1248 654 1312 696 eum
1327 641 1550 709 reerrrrit3sicut
1567 648 1695 699 econtra
1709 658 1719 699 t

120 732 274 802 apostolos,
299 732 349 801 qui
371 732 568 788 contriverunt
590 739 618 786 ct
640 731 825 800 perdiderunt
848 728 942 800 lignea
998 726 1137 799 imagines
1162 729 1325 798 imperiales
1340 730 1537 800 demolientes,
1555 731 1715 801 principem

120 820 260 894 glorifico,
284 821 426 891 quomodo
448 821 556 876 horrore
584 826 612 875 et
636 821 722 876 adoro
753 824 890 888 martvres
915 822 943 871 et
996 817 1111 886 derunt,
1127 824 1154 871 et
1170 831 1224 871 nvn
1240 817 1330 886 ipsam
1344 817 1481 873 tabulam.
1498 821 1593 890 bnago
1605 819 1719 890 igiturl

120 911 202 983 signa
214 910 229 964 ‘l
243 911 385 980 quomodo
399 910 506 966 honoro
528 914 556 965 et
575 909 670 971 laudo,
684 913 712 963 et
733 908 837 977 templa
851 907 940 976 erigo,
998 903 1048 974 qui
1071 905 1106 959 ad
1124 905 1276 976 imaginem
1295 906 1345 960 Dei
1363 904 1455 962 iactus
1470 912 1512 961 est
1528 906 1622 977 homo,
1648 908 1719 964 maxi

120 1006 148 1055 et
162 997 333 1055 testivitates
343 998 454 1054 celebro
467 998 561 1054 tribus
572 997 679 1066 pueris,
696 998 746 1068 qui
762 997 791 1051 in
805 994 943 1064 Babylone
998 993 1138 1063 quiaeum
1149 995 1276 1064 Spiritus
1287 994 1719 1068 sanctushabitationemaccepi

122 1087 273 1158 imaginem
294 1100 409 1142 auream
423 1100 479 1142 uou
493 1087 684 1141 adoraverunt
698 1088 777 1154 (baert.
795 1084 825 1156 11)
837 1083 851 1137 ‘l
864 1081 944 1136 Certe
995 1082 1072 1150 juste
1087 1083 1137 1152 qui
1153 1083 1306 1154 imaginem
1321 1084 1371 1138 Dei
1385 1098 1530 1140 servorum
1541 1084 1662 1141 honorat
1677 1091 1719 1142 et:

121 1176 209 1231 multa
222 1181 265 1231 est
287 1175 454 1246 iniquorum
475 1174 639 1246 obduratio,
653 1189 717 1230 vere
733 1173 822 1229 multa
834 1176 877 1227 est
891 1171 945 1225 Ju-
998 1171 1084 1226 eliam
1103 1172 1219 1227 domum
1243 1173 1371 1242 Spiritus
1387 1173 1479 1228 saucii
1494 1173 1644 1244 glorillcat.
1664 1175 1719 1230 lah

120 1266 245 1321 dacorum
267 1264 390 1334 cresilas,
414 1263 503 1320 multa
523 1264 664 1333 impietas.
682 1262 818 1332 luJuriam
835 1260 945 1331 patitur
998 1261 1119 1313 enimin
1140 1262 1217 1330 ipsis,
1243 1261 1347 1331 inquil,
1373 1267 1398 1315 et
1420 1262 1593 1316 intrrnbolobo
1613 1260 1706 1334 (benit.

119 1352 213 1408 abeis
231 1352 337 1408 veritas
352 1354 448 1407 :Deus
464 1352 653 1408 contumelias
668 1351 792 1407 sustinet
807 1363 824 1405 a
845 1348 944 1419 lingua
998 1350 1027 1402 ll
1036 1347 1095 1403 Cor.
1115 1347 1162 1422 vr).
1178 1349 1396 1406 Coniundautur
1409 1350 1509 1418 ludaei,
1526 1351 1577 1420 (qui
1600 1366 1680 1423 reges
1695 1366 1719 1423 p:

120 1441 297 1513 ingratorum
319 1442 491 1511 ludaeorum,
510 1442 560 1496 Per
583 1440 722 1510 reliquias
739 1443 894 1509 martyrum
917 1439 946 1490 et
998 1440 1027 1491 et
1038 1437 1354 1510 alienosadoraverunt,
1368 1438 1463 1508 polius
1474 1454 1559 1508 quam
1569 1439 1718 1496 Christian

122 1529 260 1599 imagines
276 1529 422 1585 multoties
436 1527 761 1600 effuganturdaemouia:
780 1532 808 1582 et
823 1527 881 1582 hauc
895 1526 945 1581 in-
999 1526 1132 1581 nuntient
1140 1525 1314 1582 idololatras.
1322 1527 1379 1582 Nos
1390 1532 1485 1582 autem
1495 1527 1652 1584 Christiani
1661 1543 1712 1599 per

117 1616 208 1686 iuriis
226 1622 390 1687 appetentes
404 1617 534 1674 homines
551 1616 672 1686 sordidi,
689 1616 858 1672 subvertunt
869 1620 898 1670 et
913 1615 945 1670 il·
1000 1613 1145 1669 civitatem
1158 1619 1186 1669 et
1199 1614 1355 1685 regionem,
1370 1620 1398 1669 et
1412 1628 1462 1684 per
1476 1630 1586 1671 omnem
1599 1617 1676 1672 diem
1689 1620 1719 1674 et

120 1705 225 1761 ludunt
239 1711 324 1776 atque
339 1706 479 1762 derident.
495 1704 580 1776 Quot,
595 1705 644 1761 dic
659 1705 742 1777 mihi,
753 1704 943 1775 visitationes,
960 1665 1098 1757 Bcontra
1121 1702 1197 1757 idola
1208 1715 1362 1773 armamur,
1379 1709 1477 1758 contra
1494 1704 1569 1760 idola
1589 1705 1719 1773 psallimt

120 1794 315 1850 emanationes
339 1790 408 1868 [Gr.,
425 1791 680 1867 obumbrationesl,
696 1795 786 1849 sedet
809 1792 947 1862 frequen·
1001 1794 1044 1844 tra
1058 1789 1134 1846 idola
1158 1790 1322 1860 scribimus,
1345 1797 1442 1847 eontra
1464 1792 1540 1846 idola
1555 1806 1587 1848 ac
1603 1794 1719 1850 dumont

121 1888 163 1939 ter
178 1882 351 1954 sanguinum
367 1883 472 1939 lluores
483 1896 517 1938 ex
529 1882 622 1938 lconis
642 1887 670 1936 et
689 1880 823 1951 reliquiis
837 1887 948 1949 marty·
1002 1893 1074 1934 mus.
1088 1880 1123 1933 El
1137 1880 1278 1949 quomodo
1301 1879 1468 1935 idololatras
1484 1894 1534 1935 uos
1549 1882 1719 1951 appellanti

120 1984 183 2027 rum
205 1969 274 2027 lacti
300 1971 393 2027 suut‘l
415 1974 444 2026 et
466 1970 603 2026 insensati
632 1971 717 2027 corde
741 1969 869 2024 videntes
891 1982 946 2023 non
1003 1966 1054 2021 Ubi
1067 1967 1143 2022 enirn
1166 1981 1241 2023 nunc
1256 1973 1324 2024 sunt
1338 1968 1466 2023 exhibita
1480 1969 1568 2024 idolis
1582 1969 1617 2024 ah
1632 1972 1719 2027 eissa

120 2043 249 2128 creduut,
266 2059 314 2114 sed
328 2057 440 2114 fabulas
450 2072 483 2114 ac
493 2058 680 2114 deliramenta
694 2059 753 2112 haec
762 2057 946 2130 existimant,
1002 2054 1098 2110 ovium
1109 2060 1137 2110 et
1152 2055 1237 2111 boum
1252 2060 1280 2111 et
1295 2056 1441 2113 liliorum?
1457 2057 1509 2112 Ubi
1526 2057 1651 2130 nidores,
1669 2058 1719 2115 ubi

119 2146 248 2202 videntes
261 2146 357 2201 taliter
372 2160 422 2216 per
434 2146 565 2219 singulos
579 2146 642 2202 dies
657 2146 687 2202 in
704 2150 763 2202 toto
778 2159 847 2215 peue
861 2150 949 2201 terra·
1005 2142 1182 2212 perfusiones
1214 2141 1384 2218 [prosioues]
1426 2147 1635 2217 sanguinum?
1664 2149 1719 2204 Por

121 2248 184 2291 rum
196 2235 265 2291 orbe
276 2234 355 2290 viros
368 2235 510 2305 impioset
523 2235 650 2305 iniquos,
666 2234 810 2290 idolorum
822 2233 947 2289 cultores
1002 2232 1161 2287 Christiani
1182 2246 1273 2303 neque
1292 2246 1379 2303 aram,
1404 2248 1495 2304 neque
1510 2235 1689 2292 sacrificium
1706 2252 1719 2309 q

120 2328 149 2378 et
162 2322 333 2394 homicidas,
348 2328 376 2378 et
395 2321 593 2387 fornicatores,
607 2328 635 2378 et
649 2323 773 2378 latrones
785 2321 882 2378 subito
901 2336 949 2390 per
1005 2321 1047 2376 vel
1061 2321 1130 2392 quid
1146 2322 1215 2392 sint,
1228 2323 1368 2379 novimus.
1383 2324 1418 2377 Et
1439 2324 1554 2392 quidem
1567 2326 1668 2396 pagani
1694 2326 1719 2383 al

119 2410 265 2466 Christum
292 2417 320 2466 et
331 2425 444 2466 erucem
466 2411 529 2479 ejus
550 2410 714 2481 compungi,
728 2410 802 2465 etad
817 2410 948 2482 agnitio-
1004 2410 1074 2465 teris
1087 2410 1254 2467 hominibus
1267 2416 1296 2466 et
1310 2412 1465 2467 homicidis
1484 2418 1512 2468 et
1529 2413 1649 2483 pollutis
1663 2421 1719 2471 tem

122 2510 184 2554 nem
204 2498 334 2554 veritatis
355 2499 460 2570 venire,
486 2504 514 2553 et
532 2499 637 2554 mundo
650 2499 703 2554 toti
720 2499 893 2568 renuntiare,
908 2503 946 2553 at·
1007 2498 1155 2553 minabant
1175 2505 1203 2554 et
1218 2499 1304 2570 idola,
1322 2507 1349 2554 et
1374 2499 1440 2555 illos
1460 2501 1649 2557 deillcabaut:
1664 2516 1719 2560 non

123 2601 178 2657 que
197 2599 308 2641 omnem
324 2588 451 2664 operarit
465 2587 611 2643 virtutem.
633 2587 686 2641 Dic
703 2586 784 2656 mihi,
807 2587 948 2657 quomodo
1009 2586 1220 2657 prophetarum,
1246 2587 1288 2642 vel
1310 2593 1473 2643 sanctorum
1500 2597 1655 2660 martyrum
1680 2597 1719 2648 ter

123 2688 224 2731 sumus
244 2674 413 2745 idololatra,
428 2675 478 2746 qui
501 2680 529 2731 et
545 2675 606 2745 ipsa
621 2689 696 2745 ossa,
715 2681 743 2730 et
764 2674 899 2745 cinerem,
921 2680 950 2729 et
1005 2674 1048 2729 vel
1069 2689 1146 2730 aram
1170 2676 1396 2731 nominaverunt.
1422 2677 1502 2732 Sicut
1524 2679 1599 2734 enim
1626 2680 1719 2736 israeli

124 2776 241 2834 pannos,
264 2769 292 2818 et
313 2763 532 2834 sanguinem,et
553 2763 696 2819 tumulum
713 2768 868 2833 martyrum
886 2762 949 2817 ideo
1004 2762 1143 2833 Babylone
1162 2762 1289 2832 luerunt,
1311 2764 1451 2828 habebant
1475 2780 1578 2837 organa
1601 2772 1629 2822 et
1648 2768 1719 2825 citha

122 2853 275 2908 adoramus
290 2857 318 2907 et
334 2851 516 2922 honoramus,
533 2851 603 2921 quia
624 2852 712 2908 idolis
733 2866 788 2907 nou
801 2850 951 2908 sacrifica-
1004 2850 1061 2905 alia
1081 2851 1219 2922 quaedum,
1237 2852 1473 2921 quemadmodum
1491 2861 1518 2908 et
1541 2854 1716 2928 Babylonii,

124 2946 192 2996 ruut
205 2940 219 2994 ‘l
239 2941 353 2996 iudeus
367 2940 464 2995 dixit:
490 2942 525 2995 Et
540 2940 682 3010 quomodo
705 2954 753 3010 per
775 2945 862 2996 totam
876 2938 951 2994 Scri·
1005 2938 1119 3008 quidem
1132 2939 1160 2993 in
1173 2939 1292 3010 gloriam
1305 2940 1366 3011 Dei,
1378 2940 1433 2995 alia
1446 2955 1511 2996 vero
1528 2942 1555 2997 in
1573 2943 1719 3001 culturam

125 3034 236 3099 pturam
262 3029 394 3099 praecipit
414 3031 490 3084 Deus
506 3043 562 3085 nou
582 3029 696 3085 adorari
715 3043 826 3085 omnem
841 3035 950 3086 creatu·
965 3029 990 3092 C
1005 3040 1073 3082 rrum
1089 3044 1095 3080 :
1114 3026 1193 3083 itaet
1207 3028 1241 3082 de
1257 3028 1433 3099 imaginibus
1447 3030 1597 3099 gentilium
1614 3037 1642 3086 et
1655 3033 1719 3089 Chri

124 3131 184 3172 ram
198 3117 404 3174 ‘lChrlstianus
418 3118 511 3172 dixit:
529 3118 581 3173 Dic
594 3118 677 3187 mihi,
698 3125 814 3174 terraet
828 3124 947 3188 montes,
1006 3130 1068 3171 rum
1093 3116 1297 3189 intelligamus,
1318 3118 1386 3187 quia
1414 3118 1459 3172 illi
1483 3120 1598 3189 quidem
1617 3121 1646 3176 iu
1666 3135 1719 3179 sert

124 3213 261 3261 creaturae
281 3207 332 3261 Dei
354 3207 450 3262 sunt‘?
470 3205 524 3274 Qui
549 3207 609 3262 ait:
637 3207 748 3278 Utique.
767 3207 950 3264 Christianus
1004 3205 1124 3272 diaboli,
1139 3212 1294 3261 nosautem
1310 3206 1339 3261 in
1355 3207 1476 3278 glorium
1487 3217 1514 3263 et
1526 3210 1719 3268 memoratiom

124 3294 220 3351 dixit:
242 3294 388 3364 Quomodo
408 3308 474 3367 ergo
485 3295 567 3351 docet
580 3295 734 3365 iuquiens:
751 3297 878 3351 Euoltme
892 3299 950 3350 bo-
1005 3297 1201 3350 l'erumtamen
1216 3300 1244 3350 et
1257 3294 1345 3350 multa
1359 3296 1496 3351 miracula
1511 3299 1586 3352 Deus
1601 3313 1650 3367 per
1663 3299 1719 3372 lign

125 3385 229 3438 aninum
250 3388 335 3439 Deum
352 3388 484 3456 nostrum,
506 3389 531 3438 ot
551 3384 663 3439 adorate
686 3386 832 3440 scabellum
847 3386 949 3456 poclum
1003 3381 1153 3453 direiecit,
1171 3383 1280 3454 liguum
1295 3383 1359 3438 vilae
1373 3390 1401 3439 et
1414 3384 1523 3456 liguum
1535 3387 1664 3442 scientia:
1680 3402 1717 3446 uo

124 3473 193 3542 ejus,
218 3475 347 3542 qttoniurn
364 3478 489 3528 sonetum
507 3478 546 3527 ost
561 3472 643 3543 (Psul.
661 3474 829 3546 xcvur)‘?Et
844 3474 947 3530 iterum
1003 3470 1079 3542 (Cera.
1102 3472 1154 3541 u).-
1174 3476 1201 3525 cl
1215 3471 1295 3527 aliaul
1317 3472 1473 3543 virgultum
1491 3475 1642 3530 nominans
1655 3476 1719 3532 Saba

126 3561 186 3630 ipse
208 3562 304 3617 dixit:
323 3561 423 3616 Catum
438 3562 506 3615 mibi
528 3561 603 3615 sedes
620 3567 668 3623 est,
689 3567 762 3616 terro
780 3567 870 3617 autom
883 3578 948 3615 seu-
1003 3559 1180 3630 dulgentiam
1197 3559 1286 3627 ponit.
1305 3561 1411 3616 Deinde
1423 3561 1503 3632 virga
1516 3560 1690 3618 Pharaonem
1707 3579 1719 3622 ε

124 3651 222 3704 bellum
241 3652 343 3720 pedam
366 3665 484 3703 aneorum
507 3647 570 3718 (Iso.
594 3649 694 3720 nxvll‘?
713 3651 828 3706 iudaeus
847 3651 944 3708 dixit:
1004 3661 1080 3702 marc
1099 3647 1196 3717 scidit,
1213 3661 1315 3717 aquam
1331 3649 1442 3704 dulcem
1457 3648 1535 3714 lecit,
1552 3659 1711 3720 serpentem

122 3739 174 3794 Sed
191 3753 246 3794 nou
263 3745 294 3795 ut
308 3738 385 3807 deos,
402 3737 449 3792 sed
462 3752 511 3807 per
522 3737 580 3793 hauc
595 3752 658 3793 eum
674 3739 723 3808 qui
741 3738 818 3808 iecit,
831 3740 943 3797 adoras.
1001 3736 1053 3805 vit,
1071 3740 1176 3805 petram
1187 3736 1310 3805 dirupit,
1324 3752 1426 3807 aquam
1444 3739 1573 3810 protulit,
1597 3739 1709 3811 lignum

121 3825 304 3882 Christianus
317 3826 412 3881 dixit:
434 3824 542 3881 Fidelis
557 3839 649 3881 sermo
665 3845 674 3889 ‚·
689 3840 755 3898 ergo
770 3828 853 3900 scito,
871 3831 944 3899 quod
1001 3837 1072 3879 nans
1088 3824 1118 3879 in
1143 3823 1326 3880 tabernaculo
1340 3826 1432 3881 daron
1446 3828 1637 3883 sacerdotium
1651 3831 1719 3886 conl

121 3919 150 3968 et
161 3927 212 3984 ego
235 3928 283 3984 per
298 3915 411 3984 coelum,
425 3919 453 3970 et
467 3919 582 3984 terram,
605 3920 633 3970 et
655 3929 741 3984 mare,
765 3920 794 3971 et
807 3916 896 3990 ligna,
918 3926 946 3976 et
1001 3913 1096 3993 (deod.
1121 3926 1171 3967 xlv
1186 3918 1211 3968 ei
1229 3914 1324 3987 stand·
1341 3915 1387 3970 Sic
1401 3920 1429 3970 el
1443 3915 1573 3972 Salomon
1585 3918 1627 3973 ait
1638 3936 1644 3970 ι
1657 3919 1719 3974 Bere

122 4001 240 4071 lapides,
257 4007 285 4057 et
299 4002 420 4074 lipsana,
434 4008 462 4058 et
480 4003 593 4073 templa,
608 4009 634 4058 et
647 4017 770 4070 crucem,
784 4012 811 4061 et
827 4020 876 4076 per
890 4022 946 4064 an-
1000 4007 1039 4057 est
1051 4003 1164 4069 tiquam,
1172 4020 1225 4073 per
1238 4005 1311 4072 qood
1317 4005 1428 4071 justitio
1439 4008 1469 4073 pt
1484 4003 1558 4075 (Sep.
1576 4007 1644 4079 arv),
1659 4007 1707 4063 Sic

121 4090 208 4161 gelos,
221 4097 250 4146 et
264 4090 403 4161 homines,
420 4099 506 4162 atque
523 4106 693 4162 peromnem
706 4100 865 4152 creaturam
879 4097 946 4152 visi·
1001 4106 1073 4148 saeus
1096 4091 1174 4163 liguo
1196 4092 1226 4146 in
1247 4092 1395 4148 Jordanem
1413 4094 1489 4161 jacto
1502 4093 1553 4164 (Ν
1565 4097 1627 4163 hep.
1650 4096 1699 4168 vr),

120 4176 206 4234 bilem
219 4186 246 4236 et
261 4179 448 4252 invisibilem,
463 4181 517 4237 soli
535 4186 703 4239 cunctorum
724 4183 882 4250 Conditori,
895 4188 947 4242 Do·
1002 4182 1030 4237 in
1053 4186 1150 4251 typum
1166 4180 1233 4235 hdae
1246 4181 1328 4251 (quasi
1351 4196 1385 4236 ex
1408 4182 1519 4239 inl'erno
1540 4185 1655 4240 reduxit
1670 4203 1677 4240 ς
1695 4187 1719 4243 st

120 4268 255 4325 minatori
265 4275 294 4325 et
307 4269 433 4326 Creatori
446 4271 640 4327 adorationem
653 4277 681 4327 et
693 4273 834 4329 culturam
845 4274 942 4331 ollero.
1000 4271 1073 4339 cipit
1087 4283 1173 4339 puero
1184 4283 1236 4326 suo
1252 4283 1301 4339 per
1316 4271 1425 4342 virgam
1441 4273 1581 4329 suscitare
1597 4289 1719 4344 puerum

118 4360 179 4414 Non
208 4359 284 4414 enim
307 4362 438 4415 ereatura
460 4374 509 4430 per
532 4360 654 4431 seipsam
677 4359 811 4418 factorem
832 4365 941 4435 adorat,
959 4349 986 4412 D
1001 4359 1113 4415 mitidis
1134 4357 1261 4429 (When.
1277 4359 1323 4434 ivl.
1350 4362 1425 4416 beus
1446 4375 1523 4433 ergo,
1551 4365 1600 4432 qui
1624 4379 1674 4434 per
1688 4370 1719 4423 to

118 4446 165 4503 sed
189 4461 238 4517 per
258 4461 300 4503 me
315 4447 379 4504 caeli
401 4454 537 4505 enarrant
557 4449 677 4520 gloriam
699 4450 760 4519 Dei,
779 4456 807 4506 et
830 4466 879 4522 per
899 4468 943 4509 me
999 4447 1137 4504 miracula
1158 4453 1291 4518 operatus
1310 4454 1361 4518 est,
1384 4464 1439 4506 nora
1462 4458 1564 4522 potest,
1584 4453 1631 4507 dic
1652 4454 1719 4510 mih

117 4536 217 4592 adorat
230 4537 317 4592 Deum
333 4536 409 4607 luna,
426 4541 455 4592 et
468 4551 516 4607 per
531 4550 575 4592 me
594 4538 854 4609 glorificantbeum
870 4542 943 4597 stel-
997 4535 1089 4592 iacere
1111 4537 1197 4592 etiam
1214 4552 1262 4606 per
1277 4539 1434 4607 pretiosum
1450 4540 1558 4611 liguum
1577 4547 1681 4597 sanctae
1700 4558 1718 4600 e

47 4658 53 4669 ι
117 4622 161 4691 be,
182 4638 231 4693 per
246 4638 289 4679 me
309 4639 400 4696 aquae,
419 4624 534 4696 imbres,
554 4639 642 4698 rores,
660 4632 688 4682 et
702 4629 796 4684 omnis
811 4633 941 4686 ereatura
996 4626 1027 4681 Si
1044 4625 1165 4697 impium
1179 4631 1222 4681 est
1234 4628 1353 4683 adorare
1365 4643 1439 4699 ossa,
1454 4631 1595 4699 quomodo
1610 4645 1675 4685 cum
1687 4645 1719 4689 on

117 4724 165 4781 per
185 4726 229 4767 me
250 4713 349 4768 adorat
365 4718 393 4768 et
416 4712 558 4783 glorificat
576 4716 664 4770 Deum
683 4713 765 4785 (Psoi.
791 4719 882 4791 xvrn).
908 4719 941 4775 ut
997 4715 1176 4772 noriheeutia
1205 4716 1370 4774 detulerunt
1409 4732 1472 4775 ossa
1501 4720 1603 4789 loseph
1635 4735 1670 4776 ex
1702 4722 1719 4776 ll

117 4800 354 4869 quomadmodum
375 4800 450 4873 regis
470 4802 620 4870 cujusdam
643 4803 769 4876 benigni,
788 4807 838 4877 qui
855 4821 941 4863 coro·
995 4804 1070 4876 (Gerr.
1087 4820 1102 4860 n
1119 4824 1127 4870 ;
1142 4806 1222 4859 Errod
1240 4808 1303 4878 xrn)
1315 4811 1329 4861 ξ)
1341 4808 1483 4877 quomodo
1507 4814 1639 4865 mortuus
1661 4810 1719 4866 hon

116 4902 180 4943 uam
193 4888 299 4945 variam
309 4893 338 4944 et
358 4889 509 4960 pretiosam
525 4891 582 4947 sibi
594 4893 709 4962 propria
723 4908 808 4951 manu
819 4895 939 4966 paravit,
994 4894 1090 4950 Elisaei
1104 4901 1222 4965 tangens
1237 4896 1363 4951 surrexit
1377 4894 1430 4965 (W
1450 4898 1513 4964 nep.
1527 4896 1589 4968 xur)
1600 4901 1613 4951 ἱ)
1629 4899 1718 4955 Porro

114 4990 212 5033 omnes
238 4977 287 5046 qui
309 4991 440 5050 germane
463 4979 608 5035 adhaerent
629 4982 699 5053 regi,
722 4983 851 5039 salutant
863 4998 941 5041 coro
995 4996 1058 5037 ossa
1075 4981 1213 5038 miracula
1228 4990 1363 5053 operatur
1376 4987 1461 5054 Deus,
1479 4986 1660 5055 perspicuum
1677 4993 1719 5044 esi

115 5078 179 5119 nam
194 5070 223 5119 et
235 5065 395 5122 honorant:
413 5081 469 5123 nort
491 5082 594 5124 aurum
614 5075 641 5123 el
658 5071 840 5142 margaritam
854 5072 940 5129 hono·
995 5071 1179 5141 possitetiam
1195 5088 1244 5144 per
1261 5073 1407 5143 imagines,
1420 5080 1447 5128 et
1463 5089 1511 5144 per
1523 5075 1643 5146 lapides,
1659 5081 1688 5131 et
1702 5092 1719 5148 p

113 5161 217 5216 rantes,
234 5154 280 5209 sed
297 5155 431 5211 verticem
447 5157 522 5229 regis
533 5158 714 5228 honorantes,
734 5164 763 5214 et
789 5160 940 5230 sapientis·
994 5160 1092 5216 multa.
1116 5164 1184 5216 Nam
1200 5168 1228 5217 et
1246 5162 1387 5217 Abraham
1405 5176 1458 5218 riou
1475 5163 1607 5232 permisit
1621 5165 1719 5235 sepelir

113 5241 201 5298 simas
225 5255 326 5299 manus
346 5244 418 5315 ejus,
444 5260 507 5315 quae
522 5259 654 5302 coronam
676 5252 844 5304 struxerunt
859 5264 866 5302 :
883 5250 936 5321 sic,
994 5265 1047 5320 pus
1070 5250 1144 5305 Sarae
1170 5252 1198 5306 in
1222 5251 1414 5308 monumentis
1433 5253 1547 5322 alienis,
1571 5254 1619 5308 scd
1644 5255 1673 5308 in
1702 5270 1719 5326 p

112 5330 235 5403 ohomo,
248 5331 478 5387 Christianorum
492 5333 590 5403 populi
605 5340 746 5405 quotquot
759 5336 938 5408 liguroscru·
993 5339 1123 5410 sepulcro
1139 5355 1224 5397 causa
1241 5341 1358 5396 honoris
1379 5339 1453 5410 (tlon.
1471 5342 1561 5413 xxru).
1594 5344 1664 5398 Nam
1690 5351 1719 5399 et

112 5419 155 5475 cis
166 5424 194 5475 et
209 5420 356 5476 iconarum
369 5419 505 5492 salutant,
519 5435 575 5477 uon
590 5421 662 5492 ipsis
678 5422 821 5480 culturam
834 5425 933 5500 lignis,
992 5428 1114 5484 honorat
1126 5444 1176 5499 per
1188 5429 1310 5500 lapidem
1325 5431 1424 5500 Deum,
1442 5435 1569 5486 statuens
1584 5438 1612 5487 et
1627 5446 1719 5504 ungen

111 5508 154 5565 vel
166 5507 312 5580 lapidibus
326 5506 458 5581 obierunt,
469 5508 600 5581 velauro,
610 5511 652 5566 vel
668 5513 854 5583 corruptibili
868 5515 937 5574 ima·
989 5517 1017 5574 in
1039 5523 1138 5589 typum
1159 5518 1268 5575 Christi
1283 5518 1431 5590 angularis
1444 5518 1551 5588 lapidis
1562 5518 1638 5590 (Cora.
1652 5533 1719 5578 xxvt
