3876 6090
185 232 256 295 4463
574 225 727 302 {menum
748 222 795 281 tn
812 221 893 295 84441.
916 222 964 279 ix.
984 252 1022 264 ·-
1037 220 1216 281 iumentis
1234 221 1320 281 inni
1336 220 1485 281 menum.
1820 217 1885 280 lidi

176 355 240 414 suis
251 350 363 428 (epistt
386 352 424 408 ud
437 366 527 408 omnes
547 347 690 422 episcopos)
706 345 810 406 statuit
822 343 953 413 tirmiter,
970 339 1044 403 utA
1059 341 1167 399 minino
1181 342 1216 398 ab
1231 343 1366 402 omnibus
1383 343 1560 403 Christianis
1584 357 1697 416 semper
1717 340 1884 401 celebretur.

176 458 274 503 omncs
286 441 385 501 clerici
399 442 428 499 in
442 446 546 500 sortem
565 437 678 496 Domini
694 434 785 493 vocati
806 438 913 505 septem
933 430 1003 487 beb·
1058 431 1109 488 llic
1121 432 1266 490 ordinavit
1280 433 1430 506 episcopos
1443 434 1608 508 duodecim,
1632 433 1815 506 presbyteros
1835 446 1886 491 no-

175 535 312 594 domadas
325 532 422 604 plenas
438 527 621 588 autePascba
639 538 753 584 acarue
769 524 916 596 jejunent:
933 525 963 578 et
973 527 1005 578 ut
1058 522 1225 594 remdecim,
1240 523 1378 581 diaconos
1391 523 1498 597 viginti
1513 524 1599 583 duos.

176 623 275 681 clerici
289 621 454 679 nuliatenus
464 619 554 676 laicos
565 618 596 674 in
610 630 663 674 sua
676 613 839 688 pulsatione
848 616 899 669 ant
916 624 1006 668 accu-
1289 611 1352 668 Xli.
1366 641 1403 654 -
1421 611 1449 668 S.
1475 611 1655 669 anCEliJS.

176 713 288 771 satione
308 708 449 782 recipiant
467 706 501 781 (o.
529 707 691 777 statuimus,
712 702 781 762 dist.
798 700 853 777 ii:
876 701 955 758 sicut
977 702 1006 755 et
1326 700 1417 772 (Anno
1431 700 1534 758 Christi
1547 698 1619 776 448.)

177 803 235 876 ipsi
251 799 319 858 laici
332 800 414 871 iuxta
429 796 594 855 saecularem
610 795 698 868 legem
722 793 843 850 clericos
857 790 886 848 in
901 787 1006 859 suisio
1096 788 1245 862 linicetus,
1261 790 1378 848 natione
1392 790 1491 864 Syrus,
1502 804 1537 848 ex
1551 796 1634 864 patre
1646 791 1769 862 ioanne,
1781 787 1817 846 de
1827 789 1885 847 rico

174 884 385 949 lunationibus
406 886 533 958 recipere
554 884 666 942 nolunt.
680 880 839 941 Constituit
860 881 957 952 etiam,
975 880 1008 934 ot
1061 877 1169 947 ilmina,
1189 878 1263 937 sedit
1277 893 1369 938 annos
1388 893 1498 953 novem,
1521 894 1633 939 meuses
1648 886 1721 951 tres,
1744 879 1809 937 dies
1823 885 1883 939 uec

178 983 210 1039 in
229 985 327 1039 sancta
346 983 428 1036 nocte
437 973 604 1033 Natiuitatis
618 972 734 1031 nomini
748 964 1007 1029 uostrlsairaturis
1061 967 1234 1027 Fuitautcm
1254 968 1577 1042 temporibussereriet
1591 969 1693 1041 llarci,
1712 968 1885 1029 accnsubtu

179 1072 267 1131 missa
290 1067 450 1126 celebretur
462 1064 506 1138 (de
527 1064 618 1127 dous,
631 1064 700 1121 dist.
720 1059 746 1135 i,
757 1077 781 1119 c.
797 1061 879 1118 liscio
891 1053 1005 1129 sanctu),
1060 1055 1203 1115 Gallicani
1218 1066 1247 1116 et
1264 1059 1384 1131 Veteris,
1407 1073 1499 1132 usque
1518 1060 1746 1123 adi’raeseutem
1763 1062 1793 1117 et
1811 1059 1885 1118 liud·

178 1168 206 1221 et
218 1163 341 1234 hymnus
360 1156 518 1231 angelicus,
534 1155 631 1228 idest,
655 1152 750 1209 Gloria
767 1155 798 1207 in
818 1149 929 1206 eccetsis
943 1149 1006 1211 lieo,
1062 1160 1142 1204 num.
1157 1145 1209 1204 liic
1222 1149 1327 1219 llartyr
1341 1145 1415 1206 obiit
1434 1161 1470 1204 ru
1482 1148 1546 1205 Kal.
1561 1149 1641 1206 llaii.
1658 1147 1781 1206 lliosua
1792 1154 1886 1207 ancto-

178 1249 345 1310 solemniter
358 1248 534 1305 decantetur.
559 1243 691 1316 Reliquis
708 1246 804 1299 autem
817 1236 1005 1311 temporibus,
1062 1236 1148 1293 ritate
1163 1237 1296 1310 praecepli
1312 1234 1363 1309 (ep.
1378 1237 1417 1293 tid
1434 1239 1530 1297 dodiau
1544 1240 1627 1309 misc.
1642 1237 1692 1303 66,
1707 1238 1776 1296 dist.
1790 1252 1816 1295 c.
1834 1240 1885 1294 lr-

179 1336 421 1399 auteboramdiei
428 1335 541 1392 tertiam
553 1333 670 1390 mimam
684 1330 823 1389 celebrari
838 1325 1005 1401 probibuit,
1061 1325 1215 1399 stirpitus),
1233 1330 1261 1382 et
1279 1326 1452 1384 auctoritate
1473 1328 1654 1385 decretorum
1671 1326 1808 1384 Anacieti
1824 1341 1886 1384 con·

179 1431 248 1504 quia
267 1433 296 1485 ct
316 1441 349 1485 ea
375 1425 445 1483 bora
465 1422 606 1480 Dominus
633 1418 802 1490 crucltlxus,
825 1425 855 1474 et
878 1416 1007 1491 Spiritus
1061 1414 1166 1485 lirmat,
1180 1427 1216 1472 ue
1229 1415 1340 1490 aliquis
1360 1416 1513 1490 episcopus
1529 1417 1679 1475 ullatenus
1694 1417 1796 1475 minus
1810 1431 1886 1489 quan

179 1512 554 1588 sauctussuperapostolos
568 1510 750 1570 descendisse
765 1507 881 1581 legitur.
896 1508 1008 1564 Praece-
1062 1518 1078 1561 a
1104 1504 1199 1563 tribus
1213 1504 1358 1579 episcopis
1380 1512 1572 1580 consecretur,
1597 1512 1626 1565 et
1651 1507 1887 1580 metropolitanus

181 1612 226 1685 pit
244 1609 330 1665 etiam
352 1618 450 1663 omnes
464 1601 663 1660 accusationes
674 1597 712 1673 (3,
730 1615 757 1672 q.
779 1595 806 1671 5,
831 1612 857 1654 c.
883 1597 1005 1673 Aecus),
1062 1596 1262 1671 episcopussub
1280 1598 1416 1657 omnibns
1427 1597 1618 1673 sunmgauets
1629 1598 1715 1657 sedis
1729 1599 1887 1673 metropolis

182 1713 254 1773 quas
274 1693 373 1754 seculi
387 1692 462 1766 leges
475 1704 532 1749 non
551 1690 720 1760 admittunt,
743 1686 778 1744 ad
794 1671 1097 1745 accusationemssad
1123 1687 1213 1760 ipsam
1238 1687 1332 1745 sedem
1356 1687 1595 1747 convenientibus
1617 1693 1666 1746 est
1693 1687 1886 1765 dipendnsei

181 1785 405 1846 ecclesiasticam
417 1794 474 1840 non
492 1779 685 1838 admittendas
705 1790 777 1835 esse.
797 1776 850 1833 llic
863 1775 1009 1834 ordinarit
1062 1777 1283 1835 consecrandus.
1303 1777 1338 1833 lit
1355 1775 1408 1835 boc
1422 1777 1509 1835 aliter
1523 1775 1632 1835 iactum
1659 1776 1782 1837 viribus
1803 1790 1886 1837 carue

181 1877 331 1949 episcopos
351 1869 498 1942 tredecim,
515 1867 693 1941 presbyteros
712 1864 856 1938 undecim,
872 1864 1009 1924 diaconos
1064 1878 1120 1924 non
1140 1872 1183 1922 est
1196 1864 1334 1933 dubium;
1352 1866 1423 1939 quia
1437 1864 1581 1939 quidquid
1596 1870 1703 1924 contra
1715 1871 1830 1926 statuta
1842 1867 1886 1925 ia-

181 1972 254 2025 oew,
1063 1957 1140 2012 trum
1156 1959 1360 2027 presumptum
1370 1953 1468 2027 luerit,
1482 1954 1648 2013 sinedubin
1663 1955 1737 2015 licet
1751 1968 1810 2013 non
1822 1957 1885 2029 apud

447 2046 570 2105 x.-S.
581 2045 739 2103 uicinus.
1065 2043 1206 2116 bomines,
1217 2044 1293 2116 apud
1308 2044 1398 2102 Deum
1413 2050 1505 2103 tamen
1520 2045 1639 2103 irritum
1654 2046 1726 2104 erit.
1738 2046 1887 2105 Cousdtuit

446 2135 538 2210 (Anne
555 2135 656 2193 cincti
673 2131 745 2209 454.)
1063 2133 1150 2194 etiam
1172 2135 1251 2207 (ibid.
1275 2151 1302 2192 c.
1323 2133 1351 2207 3,
1376 2132 1404 2207 9,
1424 2151 1453 2208 q.
1476 2132 1504 2208 3,
1528 2150 1554 2193 c.
1573 2134 1605 2192 St
1624 2141 1734 2210 comm,
1762 2134 1884 2209 duum

217 2231 357 2306 lippinus,
370 2227 486 2286 natione
497 2228 624 2298 Graecus,
637 2237 672 2282 ex
687 2223 859 2298 philosopho
875 2222 1012 2281 delibo·
1064 2242 1090 2284 c.
1112 2224 1262 2299 Proiibete)
1291 2230 1324 2282 ut
1354 2224 1454 2283 nullus
1472 2224 1719 2298 metropolitanus
1738 2227 1885 2301 quidum·

183 2322 348 2395 uiscatos
372 2316 565 2392 genealogiam
596 2326 653 2372 non
681 2313 788 2385 iurent,
824 2311 899 2371 sedit
919 2325 1011 2370 anuos
1063 2319 1131 2390 apat
1142 2314 1177 2372 de
1190 2314 1287 2373 causis
1308 2313 1552 2388 suffraganeorum
1565 2315 1777 2389 episcoporum
1792 2317 1886 2391 absunt

183 2418 317 2488 quatuor,
334 2421 444 2466 menses
456 2410 524 2477 tres,
536 2403 601 2461 dies
615 2409 688 2462 octo.
706 2403 772 2461 Fuit
785 2408 881 2460 autem
896 2406 1011 2475 tempo-
1065 2405 1217 2478 prasentia
1242 2411 1270 2462 et
1298 2405 1444 2463 communi
1474 2418 1574 2463 eornm
1598 2405 1741 2465 eonsilic.
1763 2408 1886 2479 Praecepit

182 2499 372 2562 ribusSeveri
397 2493 484 2573 [veri]
500 2503 529 2552 et
542 2493 642 2565 liarcl,
667 2493 849 2551 acousulato
868 2490 963 2565 llagni
982 2495 1011 2547 et
1064 2496 1161 2566 etiam,
1178 2498 1211 2551 ut
1226 2493 1342 2552 clericis
1370 2507 1426 2553 nou
1452 2494 1538 2552 liccat
1558 2508 1671 2553 comam
1696 2496 1823 2555 nutrire
1842 2496 1886 2555 liic

181 2589 325 2649 Camerini
341 2584 477 2659 usquead
491 2582 612 2641 Ortltum
626 2586 654 2640 et
674 2582 815 2653 Priscum,
831 2581 882 2655 qul
898 2594 930 2636 111
942 2580 1010 2637 ldus
1064 2584 1210 2643 ordinarit
1230 2583 1380 2656 episcopos
1404 2598 1513 2657 norem,
1535 2584 1722 2658 presbyteros
1733 2589 1886 2661 septende-

181 2677 310 2741 tanuarii
327 2674 462 2749 migravit
475 2672 510 2730 ad
522 2672 686 2729 Dominum.
702 2670 756 2729 llic
770 2669 932 2743 composuit
943 2668 1011 2726 Cle-
1064 2674 1132 2748 cim,
1149 2674 1287 2732 diaconos
1307 2678 1441 2748 quatuor.

183 2771 299 2837 rum,et
320 2761 477 2821 distribuit
497 2759 613 2833 gradus.
629 2758 682 2817 illc
704 2758 735 2816 ln
748 2757 803 2817 dde
826 2756 936 2814 Cbrlsti
958 2769 1011 2813 nos
1330 2765 1404 2820 xm.
1417 2762 1622 2823 -s.sorssli.

182 2855 305 2914 instruit
318 2852 459 2910 multiset
483 2848 575 2906 drmis
586 2847 768 2907 documentis
789 2846 896 2905 divinae
909 2846 1011 2917 scrip·
1315 2852 1408 2925 (Auno
1430 2853 1541 2910 Christi.
1569 2850 1643 2929 475.)

182 2951 263 3014 tura,
284 2942 446 3012 ostendens,
482 2953 533 2997 uec
556 2939 666 2995 Patrem
699 2937 878 3010 precessisse
903 2935 1010 2993 Filium
1099 2944 1190 3004 soter,
1207 2942 1323 3000 untione
1335 2942 1508 3014 campanus,
1524 2956 1560 3000 ex
1575 2947 1659 3015 patre
1676 2943 1886 3019 Corsorum

182 3040 215 3092 ut
235 3034 324 3104 major
348 3031 387 3090 sit
409 3029 494 3101 Filio,
527 3040 578 3084 nec
599 3026 707 3084 Filium
727 3032 824 3099 postea
856 3030 954 3083 natum
978 3018 1181 3092 utenburam
1199 3032 1318 3105 lundis,
1339 3031 1414 3089 sedit
1436 3044 1527 3090 anuos
1553 3046 1666 3107 norem,
1698 3047 1811 3095 menses
1833 3051 1885 3107 sex,

180 3125 287 3183 deitate
300 3121 394 3178 Patris
408 3119 502 3176 minor
514 3121 589 3175 esset
604 3112 722 3188 (epistt
746 3115 886 3172 cdcmnes
896 3113 1008 3187 fideles).
1063 3123 1128 3181 (ties
1159 3121 1303 3180 undecim.
1330 3120 1398 3179 luit
1420 3126 1515 3178 autem
1544 3122 1730 3194 temporibus
1747 3126 1886 3199 &amia

181 3203 1011 3280 llicetiamconstituit,utnullusmetropolitanusabsque
1064 3211 1218 3269 consulatu
1233 3210 1345 3269 liustici
1364 3215 1393 3268 et
1405 3208 1550 3284 Aquilini,
1573 3226 1666 3287 usqne
1685 3213 1725 3272 ad
1742 3214 1886 3290 cetbepnn

180 3310 348 3362 caeterorum
362 3296 585 3374 provincialium
598 3295 749 3370 praesentia
764 3294 929 3368 aliquorum
953 3307 1011 3352 au·
1065 3306 1093 3359 et
1115 3301 1241 3358 clarum.
1261 3300 1313 3357 llic
1335 3299 1411 3358 obiit
1432 3314 1452 3357 x
1478 3300 1531 3360 Kal
1551 3301 1632 3361 llaii.
1663 3303 1723 3362 ilic
1744 3306 1888 3363 constituit

181 3394 244 3453 diat
257 3405 360 3450 causas
370 3386 580 3462 episcopcrum,
595 3385 664 3458 qula
673 3385 718 3443 sic
730 3384 900 3442 actaeirritac
913 3388 1008 3448 erunt.
1065 3388 1125 3464 (Ep.
1141 3387 1169 3455 4,
1195 3390 1234 3446 ud
1252 3392 1333 3463 episc.
1362 3389 1460 3466 ltaliae)
1483 3397 1515 3450 nt
1536 3391 1618 3451 nulla
1643 3393 1886 3464 muliermala,

179 3481 339 3542 Constituit
356 3480 454 3549 ctiam,
478 3480 512 3535 nt
533 3476 673 3547 maiorum
698 3480 766 3532 natu
791 3474 1010 3532 criminationes
1064 3481 1108 3537 uel
1126 3479 1273 3554 monacba,
1287 3493 1445 3539 sacramsa
1464 3482 1507 3540 rel
1524 3488 1653 3541 sacratas
1667 3484 1767 3557 pallas
1778 3485 1888 3545 contia-

180 3586 237 3630 non
262 3585 311 3642 per
324 3566 399 3625 alios
414 3564 494 3638 liant,
511 3565 569 3624 uisi
584 3577 634 3635 per
655 3564 734 3635 ipsos
753 3563 804 3636 qui
819 3563 944 3619 crimina
960 3562 1011 3619 in·
1035 3604 1038 3608 »
1065 3574 1152 3642 geret,
1168 3584 1218 3627 nec
1232 3572 1379 3628 incensum
1402 3570 1479 3628 circa
1494 3570 1584 3629 altare
1598 3571 1742 3633 deterret.
1756 3574 1811 3634 llic
1823 3575 1889 3634 ordi·

181 3652 429 3730 teuduutii,q.i,
442 3669 467 3711 c.
482 3652 709 3726 Grimincticnes).
720 3651 775 3723 Qui
786 3651 873 3709 etlam
885 3653 1011 3724 peregri·
1066 3657 1144 3714 navit
1169 3657 1319 3729 episcopos
1347 3657 1490 3730 undecim,
1515 3657 1701 3732 presbyteros
1727 3662 1886 3734 octodecim,

181 3764 216 3808 na
227 3749 339 3820 iudicia
351 3744 480 3802 habenda
497 3742 656 3814 probibuit.
671 3742 723 3797 llic
735 3740 883 3799 ordinavit
894 3741 1011 3813 episco-
1063 3747 1201 3805 diaconos
1217 3760 1326 3805 norem.

183 3853 234 3911 pos
247 3851 306 3907 sex,
330 3833 510 3908 presbyteros
524 3830 701 3904 quindecim,
717 3829 854 3889 diaconos
868 3830 1007 3904 quinque.
1260 3833 1333 3890 xlii.
1347 3864 1385 3875 —
1397 3833 1426 3892 S.
1445 3834 1698 3897 ELEUl'illililiiS.

460 3920 563 3978 x1.-
579 3920 608 3977 S.
637 3919 720 3977 PlUS.
1323 3922 1415 3997 (Auno
1443 3922 1545 3982 christi
1567 3922 1641 4001 iia.)

438 4011 530 4085 (Anco
557 4010 659 4068 Ciristi
682 4006 755 4083 458.)
1099 4013 1295 4087 liieutberius,
1321 4013 1437 4072 natione
1456 4011 1583 4088 Grecos,
1605 4029 1643 4075 ex
1653 4021 1740 4089 patre
1751 4019 1887 4090 homin,

217 4108 296 4178 Pius,
312 4103 428 4163 natione
446 4101 546 4175 italus,
568 4114 602 4157 ex
623 4104 702 4172 patre
718 4098 831 4174 iiudno,
848 4100 937 4160 irater
954 4102 1011 4159 Pa·
1064 4104 1100 4162 de
1113 4102 1220 4175 oppido
1231 4102 1374 4176 Nicopoli,
1389 4103 1466 4161 sedit
1484 4115 1575 4162 annos
1587 4106 1774 4183 quindecim,
1790 4123 1888 4169 nrum

183 4197 282 4268 storis,
297 4194 333 4252 de
346 4190 462 4251 ciuitate
470 4190 616 4262 aquilesa,
628 4188 920 4262 seditanuosdecem,
935 4205 1010 4249 men·
1064 4201 1133 4263 tres,
1143 4193 1207 4251 dies
1223 4193 1306 4251 duos.
1323 4192 1389 4249 Fuit
1408 4197 1502 4251 autem
1519 4195 1703 4266 temporibus
1717 4199 1889 4259 Anmninlet

184 4302 230 4347 ses
245 4291 379 4361 quatuor,
394 4283 460 4341 dies
478 4286 545 4339 tres.
568 4279 636 4339 Fuit
649 4285 744 4337 autem
759 4280 938 4353 temporibus
951 4282 1009 4337 ln·
1063 4283 1210 4342 commodi
1232 4282 1373 4354 usquead
1390 4282 1539 4340 Paternum
1555 4289 1584 4341 et
1596 4285 1755 4347 nmduan.
1776 4288 1834 4362 Qui
1844 4301 1886 4347 rm

185 4377 291 4449 tonini,
306 4373 488 4434 aconsulatu
501 4370 578 4429 Clari
593 4377 621 4427 et
634 4369 741 4427 Severi.
757 4369 839 4440 Quin
855 4368 923 4427 ldus
936 4369 1008 4428 tulii
1023 4383 1053 4450 ῃ
1066 4373 1184 4432 llalend.
1207 4370 1287 4430 lonii
1308 4369 1392 4427 obiit.
1406 4369 1458 4427 llic
1482 4371 1594 4443 accepit
1604 4374 1765 4447 epistolant
1777 4390 1796 4435 a
1809 4378 1887 4437 latit

184 4470 279 4529 iactos
291 4471 336 4525 est
348 4465 384 4523 dc
403 4462 506 4521 medio.
528 4461 580 4516 llic
593 4459 714 4515 tirmiter
734 4457 858 4516 decretis
872 4460 935 4517 suis
948 4465 1011 4518 sta·
1065 4461 1233 4521 Britannico
1248 4474 1323 4536 rege,
1338 4465 1371 4519 ot
1391 4460 1575 4519 Christianus
1588 4461 1755 4527 ediceretur
1771 4482 1824 4541 per
1834 4469 1888 4542 eim

186 4560 244 4617 tuit
256 4558 307 4630 (ep.
322 4552 350 4628 4,
366 4554 403 4610 od
416 4550 537 4624 liuticos)
548 4554 580 4608 ut
589 4547 695 4620 omnis,
711 4548 762 4619 qni
783 4548 889 4619 pradia
901 4550 1011 4608 divinis
1066 4552 1241 4611 mandatum.
1257 4552 1310 4608 llic
1329 4550 1537 4609 constitutione
1549 4565 1602 4609 sua
1627 4556 1724 4627 (epist.
1744 4556 1787 4614 ud
1801 4558 1888 4617 dultia

187 4647 289 4706 usibus
301 4644 407 4702 tradita
421 4643 478 4699 Deo
491 4637 670 4709 subtrahere,
684 4643 712 4696 et
726 4637 790 4695 suis
804 4639 907 4698 usibus
921 4640 1012 4713 appii·
1063 4644 1230 4715 prouincias,
1252 4656 1277 4698 c.
1307 4637 1332 4714 4)
1360 4639 1493 4713 tlrmarit,
1521 4641 1602 4701 nulla
1624 4649 1798 4706 communis
1822 4662 1886 4719 eser,

186 4754 252 4802 sare
267 4731 492 4808 presumpserit,
507 4726 665 4801 sacrilegus
678 4727 826 4804 habeatur,
839 4738 868 4790 et
878 4738 910 4790 ut
924 4739 1012 4796 sacri·
1065 4747 1128 4806 quae
1144 4730 1327 4790 rationabilis
1338 4735 1367 4787 et
1381 4729 1512 4788 bumana
1524 4736 1634 4788 natura
1644 4747 1813 4809 congruere
1823 4739 1889 4799 ride

187 4833 269 4905 lepus
281 4823 380 4900 procul
394 4821 484 4879 dubio
504 4818 652 4891 iudicetur
664 4816 717 4890 (44,
738 4837 767 4894 q.
782 4819 810 4894 4,
829 4839 854 4881 c.
871 4826 1008 4903 Prodici:
1065 4829 1182 4896 retur,a
1200 4819 1377 4878 Christianis
1397 4819 1615 4893 repudiaretur3
1640 4829 1672 4880 et
1684 4828 1888 4903 ommuuepi-

185 4933 237 4979 nec
252 4930 307 4974 non
321 4919 350 4972 et
363 4912 456 4979 ilium,
475 4909 526 4983 qui
537 4909 697 4967 sacerdotes
711 4910 762 4969 liei
776 4911 952 4988 insequitur,
966 4931 1011 4976 sa·
1063 4923 1215 4985 scoporum
1227 4908 1539 4981 delinitivasententia,
1554 4923 1612 4968 non
1623 4912 1776 4987 uisiapud
1792 4918 1885 4977 bona

183 5007 323 5079 crilegum
342 4996 471 5073 esseiii,
487 5016 516 5071 q.
534 4996 560 5070 i,
576 5013 600 5055 c.
624 4999 719 5072 sicut).
741 5004 771 5057 et
791 5004 1007 5081 utsacrilegum
1063 5018 1128 5063 nam
1150 5000 1245 5058 sedem
1271 4999 1475 5057 terminaretur
1496 4997 1587 5070 (ibid,
1611 5014 1638 5057 c.
1659 4999 1690 5073 4,
1713 5004 1886 5079 reliquorum

182 5094 372 5172 iudicandum
392 5105 453 5151 osse
467 5090 637 5148 conilrmat:
658 5090 728 5160 quia
753 5104 837 5148 omne
850 5101 1006 5170 peccatum,
1063 5107 1128 5152 vcro
1142 5090 1312 5148 clericorum
1327 5101 1430 5147 causas
1438 5088 1515 5159 apud
1529 5091 1886 5161 comprovincialesrttar

184 5188 261 5261 quod
272 5186 303 5243 iu
312 5185 401 5240 Deum
414 5180 616 5250 committitur,
630 5180 746 5252 gravius
758 5187 810 5252 est,
828 5195 913 5252 quam
932 5183 1006 5244 illud
1061 5184 1212 5256 episcopos
1229 5178 1310 5236 iicitc
1324 5177 1530 5237 terminandas.
1546 5176 1623 5237 idem
1644 5182 1812 5252 pradictus
1824 5199 1886 5259 papa

185 5278 260 5353 quod
277 5274 308 5334 iii
320 5273 350 5332 in
370 5271 524 5328 bominem.
544 5268 596 5326 llio
610 5269 697 5325 etiam
718 5269 848 5327 instituit
860 5270 912 5343 (ep.
930 5270 1008 5346 i,ud
1060 5273 1096 5330 de
1114 5265 1349 5331 accusatIonibus
1368 5266 1569 5340 episcoporum
1587 5266 1668 5327 inter
1692 5279 1801 5335 namra
1821 5274 1887 5334 dicit

183 5381 274 5425 mmm
292 5363 447 5437 praetes-
464 5358 497 5413 de
512 5356 589 5413 dous.
617 5355 726 5427 disti,
745 5372 771 5414 c.
794 5360 948 5435 Nossevos)
963 5369 1004 5428 nt,
1060 5363 1174 5436 (iiidie
1196 5361 1276 5417 iiiiii
1300 5360 1402 5430 cisque
1421 5357 1579 5427 numenei
1603 5358 1706 5419 ι’ὼιιω
1737 5370 1887 5423 mucium

185 5452 426 5533 quiasupelusin
439 5446 926 5521 babiiupastorisllermetidoctori
939 5453 1005 5512 idei
1059 5457 1118 5525 pet.
1145 5455 1213 5512 lium
1235 5455 1260 5507 et
1282 5450 1412 5506 numism
1434 5451 1526 5503 noste
1546 5449 1626 5507 lesus
1645 5448 1779 5512 cerutus
1793 5455 1885 5515 aad·

182 5553 213 5613 ot
227 5546 443 5617 scripturarum
455 5549 595 5613 apparens
610 5535 753 5611 precepit,
768 5536 933 5598 lasebadie
946 5542 1021 5609 lic,
1060 5545 1151 5615 paren
1162 5538 1350 5607 emerendum
1367 5534 1417 5597 scd
1438 5536 1506 5609 poio
1517 5549 1577 5597 non
1599 5542 1641 5597 est
1654 5549 1819 5612 cmm,
1832 5543 1885 5605 tur
