3876 6090
114 247 167 312 387

730 241 909 299 nemausa
931 237 1202 295 BlBLlOTllECARll

115 375 226 446 dicunt)
237 374 271 430 ad
286 372 487 444 perfectionem
500 370 616 443 quidem
629 376 755 426 nostram
767 370 795 424 et
807 367 938 439 magiste-
951 365 979 424 A
993 379 1143 435 spernere:
1172 364 1281 420 idcirco
1295 368 1409 435 spernet
1429 364 1495 420 illos
1512 364 1662 436 Dominus,
1681 368 1711 420 et

117 465 202 521 rium.
219 465 253 518 at
274 476 338 519 cum
357 461 484 532 episcopi
505 466 599 516 essent
622 459 672 529 qui
694 456 776 513 talem
798 456 936 527 synodum

115 555 322 621 adunaverunt,
333 556 362 606 et
374 548 573 621 perfectionem
583 546 804 619 apostolicarum
815 544 938 614 disposi-

117 645 228 700 tionum
248 640 393 707 haberent,
408 647 435 695 et
449 638 522 694 alios
534 637 703 694 debuissent
719 635 861 706 perlicere,
881 649 937 690 non

115 732 150 789 ab
168 729 238 786 aliis
260 727 368 798 perlici.
392 729 463 782 Nam
486 727 576 800 magis
601 731 758 782 renuerunt
777 723 937 781 doctrinam

118 816 275 892 magisterii
291 830 323 872 ac
342 815 509 871 traditionis
521 822 682 871 sanctorum
699 813 892 884 apostolorum
910 818 938 867 et

116 908 277 965 illustrium
298 906 413 959 Petrum
437 911 609 960 nostrornm.
634 903 714 959 Unde
740 907 886 959 consortes
910 905 939 956 et

115 997 270 1072 participes
279 991 557 1049 nullatenusostensi
570 996 638 1049 sunt
649 993 751 1049 lrornrn
762 990 938 1047 cruditionis

115 1095 143 1146 et
163 1088 310 1152 doctrine,
332 1098 364 1141 eo
384 1085 460 1153 quod
484 1097 538 1139 non
561 1087 767 1137 consenserunt
787 1079 937 1135 traditioni

115 1191 224 1250 eornm,
243 1185 270 1234 et
286 1179 460 1248 imprecatur
482 1172 526 1227 eis
540 1168 688 1240 psalmista
707 1168 796 1224 David
818 1167 936 1224 dicens:

115 1268 262 1338 liiqrerdm
272 1268 403 1323 Dominus
424 1264 552 1318 arnicauso
568 1260 642 1314 lobio
661 1259 765 1321 dolose,
779 1262 805 1312 et
818 1258 940 1326 linquere

114 1359 318 1427 magniloquam
338 1354 420 1426 (Psoi.
438 1351 487 1425 xx).
503 1349 585 1407 Dicat
598 1352 626 1406 et
645 1348 729 1404 nobis
749 1345 873 1418 psallens
888 1360 940 1401 ve-

992 454 1066 524 apnd
1091 454 1253 524 omnesqui
1271 453 1298 508 in
1317 443 1349 508 ea
1366 453 1424 508 nati
1441 458 1519 524 sunt,
1543 451 1688 522 reprobati
1703 464 1717 508 e

993 543 1187 599 thematizati:
1207 543 1312 598 mansit
1326 543 1401 598 enim
1425 541 1660 614 inexpugnabilis
1674 544 1704 597 et

992 632 1144 701 nuptibilis
1172 628 1245 705 ldie,
1275 629 1460 706 inconcussa]
1484 638 1510 688 et
1536 629 1706 687 immobilis.

993 720 1209 776 adulationibus
1242 721 1382 790 replentes
1406 735 1447 789 os,
1473 720 1507 776 ad
1536 719 1717 775 narrationes

993 814 1136 881 gestorum
1156 808 1267 865 iaciunt
1282 809 1446 881 gloriantes.

1205 935 1350 1001 Gregorius
1371 936 1510 1003 qriscopus
1523 933 1602 1000 opit:

1031 1079 1044 1110 u
1065 1058 1154 1114 Omne
1169 1063 1311 1115 sacratum
1327 1063 1553 1115 convocaverunt
1567 1058 1624 1113 Deo
1647 1054 1717 1113 amal

995 1166 1008 1197 r
1029 1148 1228 1218 episcoporum
1250 1148 1413 1220 collegium,
1435 1151 1466 1203 ut
1484 1145 1618 1217 synodice
1639 1145 1670 1201 in
1690 1144 1717 1202 ld

996 1255 1009 1285 r>
1030 1235 1160 1293 ellectum
1175 1243 1203 1293 et
1223 1237 1433 1307 scripturarum
1449 1235 1634 1306 quaestionem
1652 1232 1717 1290 lacit

995 1344 1008 1375 a
1029 1323 1717 1394 salucrortasirnititudtnuncolorumoperatton

116 1448 220 1505 raciter
244 1448 305 1517 ipse
324 1443 424 1514 David,
440 1448 537 1499 etnon
557 1453 614 1496 una
631 1453 695 1495 cum
722 1438 804 1508 ipso:
830 1437 939 1491 inimici
995 1431 1008 1464 s
1029 1415 1127 1471 avellit
1141 1429 1175 1471 ei
1193 1429 1303 1517 summa
1318 1421 1345 1471 θῑ
1360 1418 1416 1471 Di⁰
1428 1414 1545 1516 dicibili
1563 1413 1647 1469 latria
1662 1412 1698 1516 affl

115 1538 271 1605 defecerunt
288 1537 398 1604 mameae
411 1534 441 1586 in
459 1534 549 1602 finem,
567 1533 593 1584 rc
613 1529 735 1583 evocares
763 1541 855 1581 eorum
887 1525 939 1579 qe.
994 1522 1007 1554 a
1030 1504 1083 1560 lem
1096 1510 1124 1561 et
1139 1505 1312 1561 materralcm
1328 1509 1465 1561 creature
1480 1504 1593 1559 latriam
1607 1500 1717 1605 bomani

115 1621 401 1696 struaistilPsot.,1x).
426 1619 545 1689 Quando
566 1616 732 1675 deiecerunt
746 1614 859 1671 inimici
875 1612 938 1670 lra-
994 1611 1016 1643 ’³‘
1028 1608 1103 1665 Sume
1117 1595 1319 1696 DssifflOVssssiir
1335 1594 1501 1696 Ρΐθΰῑξῐῑῑῑθῑ
1514 1593 1583 1664 quid
1597 1592 1656 1695 §¹¹³¹
1673 1589 1717 1648 ine

116 1730 193 1787 meac,
209 1719 238 1771 et
251 1714 391 1782 civitates,
406 1711 435 1768 id
448 1714 492 1767 est
504 1708 681 1765 munitiones
696 1705 783 1776 ejusi
802 1717 896 1761 nonne
907 1703 936 1759 in
953 1688 979 1749 Β
994 1700 1006 1732 a
1028 1697 1111 1785 ⁸¹¹[112
1129 1687 1252 1784 scientis
1273 1684 1350 1753 quod
1373 1689 1576 1785 scriptumest
1596 1696 1636 1784 ¹¹1·
1652 1695 1717 1752 lll⁰l

115 1804 222 1862 Christi
247 1799 476 1859 humanatione?
495 1799 530 1856 de
552 1811 608 1869 quo
631 1795 845 1867 scriptumest,
869 1793 938 1863 quia
994 1772 1394 1875 ''0¹¹¹ilssb125200ld0fflm
1419 1770 1717 1873 0⁰810d¹0ssl⁸i¹ss⁰il²

115 1896 228 1964 fortium
246 1892 349 1947 diuidet
369 1890 457 1961 spolia
478 1885 542 1960 (loo.
566 1885 636 1958 tur).
658 1885 700 1941 An
713 1897 800 1954 super
812 1883 939 1953 pseudo-
993 1879 1006 1912 '³
1029 1861 1117 1964 legem
1132 1868 1286 1963 ex(lustint
1297 1877 1332 1964 ii
1346 1876 1394 1918 Oli
1410 1863 1549 1933 llSOPUfflr
1566 1874 1636 1932 i1⁰¹³
1650 1873 1717 1934 ΜΒ(

116 1981 223 2053 sylloge
236 1985 264 2037 et
279 1978 401 2035 factione
413 1978 541 2048 ipsorum
561 1975 701 2045 scriptum
717 1977 770 2044 est,
791 1971 860 2044 qnia
876 1971 938 2026 ini-
993 1969 1006 2001 ’³
1029 1965 1099 2007 ¹¹¹¹¹l¹
1116 1951 1541 2023 0¹¹¹¹¹¹l>⁰lessl¹SS¹1¹¹i(M⁰la⁶h·
1559 1950 1599 2023 ¹1)-
1616 1968 1629 1999 ³>

116 2069 184 2125 mici
197 2066 362 2124 deiecerunt
376 2064 488 2123 lrameae
504 2065 533 2120 in
548 2062 656 2119 tinem?
675 2064 709 2118 Et
724 2063 748 2118 si
765 2061 795 2117 in
811 2060 895 2116 dnem
910 2066 938 2115 et

117 2157 269 2228 peremnia
283 2154 570 2212 deieceruntlrameae
585 2152 708 2218 inimici,
723 2149 938 2220 impietatisque

116 2247 247 2303 civitates
258 2245 411 2301 destructae
429 2250 508 2314 sunt,
531 2242 673 2313 quomodo
689 2240 747 2296 haec
763 2240 867 2296 iterum
889 2252 938 2293 re-
1028 2240 1264 2297 immemorcsDei
1278 2239 1362 2296 Verbi
1373 2237 1714 2311 nativitatisexi'irgine,

117 2333 256 2391 aedillcata
269 2338 296 2388 et
321 2336 455 2388 renovata
469 2344 531 2387 esse
558 2329 733 2402 garrierunt,
760 2335 792 2385 ut
822 2327 938 2384 sibimet
994 2344 1049 2402 que
1065 2331 1159 2402 magni
1173 2335 1202 2385 et
1216 2329 1353 2386 salutaris
1369 2328 1496 2400 mysterii
1522 2328 1597 2399 quod
1613 2327 1717 2405 ipsein

116 2423 262 2479 ascribant
285 2419 510 2477 destructionem
531 2432 642 2488 eorum,
663 2424 691 2474 et
715 2416 938 2486 redemptionem
993 2420 1110 2475 veniens
1125 2419 1209 2475 uobis
1224 2419 1351 2487 donarit,
1370 2432 1473 2474 cruens
1489 2431 1540 2473 nos
1554 2417 1589 2472 ab
1611 2416 1717 2474 idolorr

118 2510 235 2566 humani
250 2509 363 2582 generis
375 2523 438 2580 quoe
452 2522 487 2563 ex
502 2506 563 2563 illis
576 2506 675 2563 edecta
686 2505 753 2562 csta
765 2506 938 2577 Derogantes
994 2524 1067 2580 rore,
1083 2524 1116 2565 ac
1137 2509 1239 2564 borum
1258 2509 1357 2563 insana
1373 2507 1596 2577 superstitione:
1615 2506 1717 2577 ipsiqu.

116 2611 218 2671 magno
244 2596 348 2653 salutis
377 2601 482 2653 nostre
511 2595 646 2666 mysterio
674 2600 702 2650 et
725 2592 935 2664 dispensationi
993 2597 1114 2656 salutern
1135 2601 1315 2667 usurpantes,
1333 2596 1511 2667 gloriamque
1530 2595 1588 2651 sibi
1605 2595 1717 2652 cumula

115 2685 235 2755 Christi,
249 2686 299 2756 qui
318 2691 345 2741 et
359 2698 446 2755 super
459 2684 555 2741 omnia
568 2683 735 2739 benedictas
751 2684 828 2739 Deus
840 2681 869 2737 in
890 2696 939 2738 sa·
993 2683 1092 2757 lentes,
1101 2685 1218 2758 inglorii
1230 2699 1246 2742 a
1256 2685 1529 2741 catholicaEcclcsia
1542 2684 1717 2754 praedicante

115 2775 180 2831 cula
205 2774 387 2831 saeculorum.
410 2772 508 2829 nmen.
532 2771 641 2828 Deinde
664 2769 883 2828 adulationibus
901 2768 935 2826 ad
992 2774 1047 2832 hus
1068 2776 1182 2832 dicens:
1208 2775 1364 2830 Sacerdotes
1391 2780 1551 2844 spreverant
1577 2775 1672 2841 legem,
1697 2783 1717 2829 er

1194 2096 1366 2165 Epiplutnius
1385 2095 1517 2150 dirrcouus
1537 2096 1620 2162 legit:

117 2863 301 2934 imperatores
315 2863 372 2934 usi,
387 2863 427 2918 ita
441 2861 534 2918 aiunt.

328 2985 474 3054 Gregorius
491 2987 645 3056 episcopus
670 2987 742 3053 lapid:

152 3114 166 3145 a
185 3091 240 3161 Qui
255 3091 355 3149 divino
370 3091 439 3159 zelo,
461 3092 511 3162 qui
530 3092 591 3148 illis
610 3091 695 3164 inest,
711 3092 793 3164 moti,
810 3091 937 3149 bdelium

116 3200 130 3232 a
150 3181 304 3238 Ecclesiam
316 3182 475 3238 daemonum
487 3180 650 3252 subreptam
662 3181 829 3238 seductione
842 3181 939 3237 videre

118 3290 131 3321 a
153 3284 209 3326 non
225 3270 375 3341 patientes.
398 3288 411 3320 r

327 3379 499 3450 Epiphanius
516 3381 627 3434 iocouus
643 3379 722 3449 legit:

149 3489 212 3544 llaec
231 3487 370 3558 dicentes,
385 3501 476 3557 noque
491 3493 686 3559 cognoverunt
701 3487 939 3559 repromissiones

116 3592 188 3650 quas
208 3576 349 3633 catholica
365 3575 490 3632 Ecclesia
506 3575 634 3646 suscepit
645 3589 661 3630 a
673 3575 788 3630 Christo
804 3574 853 3645 qui
877 3588 937 3630 earn

115 3664 256 3736 fundarit,
272 3675 432 3733 nequeper
447 3662 669 3731 redemptionem
686 3667 806 3733 quaeest
827 3661 856 3717 in
872 3664 937 3718 lesu

114 3754 228 3810 Christo
251 3752 373 3809 Domino
398 3756 496 3806 nostro
519 3750 692 3807 cantitentur
719 3750 824 3806 salvari
848 3765 938 3823 genus

115 3842 281 3897 humanum.
307 3840 384 3908 Quos
405 3839 481 3894 enim
503 3839 637 3895 Christus
659 3840 775 3910 proprio
797 3847 938 3897 mercatus

114 3934 157 3984 est
171 3927 320 3997 sangnine,
335 3926 439 3981 iterum
453 3925 569 3982 diabolo
580 3927 715 3983 vendunt.
729 3925 806 3995 Quos
822 3928 939 3999 propria

116 4020 205 4071 morte
216 4015 381 4085 vivificavit,
399 4015 453 4084 ipsi
464 4015 559 4072 toxico
575 4015 718 4072 labiorum
729 4031 849 4073 suorum
867 4032 939 4074 mor·

115 4104 234 4175 tificant,
250 4104 318 4159 etin
333 4103 465 4173 laqueum
480 4102 585 4160 interni
611 4106 789 4177 demergunt.
810 4107 938 4163 audiant

993 2866 1177 2935 quittaverunt
1186 2869 1279 2918 sanctu
1291 2880 1358 2919 uteo.
1371 2866 1446 2918 luter·
1456 2868 1579 2917 soractem
1585 2867 1611 2918 ei
1617 2862 1717 2932 polluta

994 2954 1189 3015 distineoruui,
1203 2958 1228 3008 rt
1237 2955 1309 3007 iuter
1323 2952 1456 3006 rutundum
1470 2956 1495 3006 et
1509 2951 1681 3006 incurrendum
1697 2967 1717 3006 rr

953 3028 978 3093 C
994 3044 1135 3098 timuerunt
1152 3039 1257 3113 (Erech,
1275 3041 1357 3114 xxxx).
1375 3042 1431 3112 ipsi
1450 3042 1526 3098 enim
1542 3042 1641 3097 iconas
1659 3042 1717 3096 Don

995 3134 1156 3187 sanctorum
1172 3131 1235 3200 ey‘us
1246 3145 1263 3186 a
1276 3130 1482 3185 demoniorum
1497 3130 1578 3185 icona
1592 3142 1647 3184 non
1673 3128 1717 3185 dis

996 3224 1073 3288 runt,
1098 3233 1145 3274 eas
1169 3219 1307 3275 similiter
1326 3218 1403 3275 idola
1424 3218 1615 3287 nominantes,
1640 3217 1717 3273 calui

993 3315 1160 3365 accusantes
1171 3308 1337 3378 Ecclesiam,
1353 3321 1436 3379 quam
1454 3306 1611 3378 acquisivit
1626 3319 1716 3377 propr

994 3397 1081 3470 gnine
1103 3397 1236 3454 Christus
1255 3397 1331 3453 Deus
1343 3402 1456 3467 noster,
1479 3394 1716 3468 seductoriamqu

995 3484 1717 3557 runoperationemEvangettienarrationemsusur

997 3572 1126 3644 latentes,
1152 3588 1237 3644 quarn
1257 3573 1446 3629 venerabilem
1466 3578 1494 3629 et
1515 3576 1642 3629 sancmm
1662 3571 1717 3630 ade

995 3668 1064 3717 cunt
1084 3667 1111 3717 et
1131 3662 1302 3732 nominan13
1328 3675 1383 3717 non
1400 3660 1525 3732 proiecto
1543 3661 1717 3730 aspicientes

995 3749 1070 3820 quod
1083 3749 1206 3817 videtur,
1218 3750 1266 3806 sed
1286 3751 1321 3805 ad
1334 3764 1366 3806 ea
1382 3765 1445 3821 quae
1458 3750 1487 3805 in
1502 3750 1564 3820 ipso
1575 3750 1716 3823 signante

994 3838 1107 3894 dientes
1130 3844 1206 3894 enin
1220 3839 1351 3911 auribus,
1367 3839 1466 3896 Gloria
1481 3838 1547 3908 tibi,
1563 3836 1697 3910 bomine,
1713 3853 1717 3909 y

995 3933 1082 3999 mant,
1099 3932 1126 3984 et
1138 3928 1266 3984 ridentes
1281 3928 1384 4000 oculis,
1412 3929 1537 3984 eamdem
1564 3927 1717 3998 utiquede

994 4016 1093 4088 glorian
1105 4017 1255 4073 actionem.
1271 4019 1301 4073 ln
1315 4017 1480 4073 memoriam
1496 4018 1602 4088 quippe
1613 4015 1717 4091 vanarn

994 4105 1260 4180 versationiscjus,
1282 4120 1338 4176 qua
1357 4119 1422 4161 cum
1448 4105 1614 4162 hominibus
1633 4118 1717 4162 conve

113 4193 229 4249 Cantica
241 4192 418 4248 canticorum
433 4199 529 4262 aperte
543 4193 577 4249 ad
598 4193 752 4251 Ecclesiam
767 4208 802 4250 ex
815 4209 935 4265 persona
992 4198 1044 4250 est.
1060 4195 1207 4264 Quidquid
1220 4195 1296 4251 enim
1311 4195 1437 4251 narratio
1454 4195 1614 4266 inscriptis
1629 4193 1717 4251 insint

111 4282 220 4338 Christi
242 4281 404 4337 mutantia:
432 4282 498 4334 Toto
517 4282 587 4335 boreo
603 4279 740 4357 [pulchre]
764 4298 792 4338 cs
808 4287 937 4353 mommo
993 4283 1087 4352 ipsum
1100 4288 1129 4340 et
1140 4285 1251 4354 pictura
1262 4285 1421 4341 denuntiat.
1438 4283 1540 4352 Qualia
1556 4298 1622 4340 vero
1636 4284 1717 4355 impu

113 4388 183 4434 meo,
199 4375 256 4426 tote
270 4371 388 4433 boacas,
401 4374 427 4425 et
437 4370 545 4424 macuto
559 4386 614 4425 uon
628 4376 668 4426 est
680 4372 710 4425 in
724 4377 749 4426 te
771 4370 858 4444 (Ceut.
888 4374 935 4446 ιν).
953 4358 979 4420 D
990 4372 1187 4444 jactanterque
1197 4373 1314 4430 verbosa
1329 4371 1409 4430 lance
1420 4375 1592 4447 garrierunt,
1614 4373 1717 4444 inspici

114 4463 184 4519 Ecce
203 4460 260 4530 jam
275 4458 431 4515 audierunt
446 4463 530 4515 totam
551 4473 612 4516 eam
625 4459 727 4517 bonam
750 4475 812 4518 esse
825 4465 853 4519 et
867 4477 938 4533 pro-
992 4460 1060 4531 Quae
1074 4462 1172 4518 avellit
1186 4476 1220 4518 ex
1236 4477 1346 4519 summa
1356 4469 1384 4519 et
1412 4466 1468 4519 Dec
1480 4463 1598 4520 decibili
1620 4461 1708 4519 latria

113 4551 220 4607 nimam
246 4547 365 4617 Christi,
383 4561 416 4603 ac
434 4546 471 4604 ab
495 4548 573 4604 omni
597 4548 707 4604 macula
735 4549 873 4621 liberam,
900 4552 935 4608 ad
992 4549 1089 4606 milem
1101 4564 1135 4606 ac
1150 4552 1324 4607 materialem
1339 4558 1484 4608 creaturae
1495 4552 1618 4608 latriam.
1634 4551 1659 4608 Ο
1673 4564 1717 4609 ves

114 4654 198 4713 quam
222 4644 250 4696 et
265 4651 315 4708 per
327 4636 428 4693 isaiam
447 4635 570 4692 abatur:
589 4639 623 4692 lu
640 4653 725 4692 mauu
737 4655 797 4694 mera
825 4641 939 4712 depinai
994 4639 1121 4712 linguam
1138 4646 1170 4696 ut
1184 4640 1312 4713 gladium
1332 4647 1444 4698 acutam
1467 4649 1495 4698 et
1510 4641 1659 4698 mendacio
1682 4641 1714 4697 ln

111 4744 202 4784 muros
217 4733 287 4797 tuos,
304 4729 330 4780 et
342 4727 372 4780 iu
387 4729 528 4795 conspectu
541 4742 598 4782 meo
617 4741 644 4781 es
658 4742 760 4796 semper
770 4725 833 4798 (iso.
852 4731 936 4805 xcix).
994 4728 1170 4797 habentium,
1190 4729 1401 4786 immaculatam
1425 4731 1507 4786 iidem
1528 4729 1717 4788 Christianor

112 4818 147 4872 Et
166 4814 308 4886 quomodo
324 4827 387 4884 quae
402 4813 455 4870 has
470 4814 707 4886 repromissiones
722 4817 842 4887 accepit.
864 4820 938 4875 sub-
992 4818 1151 4891 imaginum
1168 4818 1373 4876 aestimantium
1392 4820 1562 4876 commutari
1578 4819 1717 4875 culturare

113 4904 220 4974 ripitur
232 4916 248 4958 a
262 4902 423 4958 demonum
436 4903 553 4960 adversa
562 4903 692 4961 virtute?
706 4911 733 4960 et
749 4906 871 4964 maxime
886 4909 935 4964 ribi
990 4923 1045 4979 que
1056 4908 1262 4965 contumeliose
1275 4908 1433 4981 prolantur,
1445 4909 1581 4967 humilem
1593 4924 1625 4964 ac
1640 4916 1716 4966 mate

111 4993 244 5050 Christus
267 4998 310 5048 est
333 4995 420 5062 caput
436 4993 592 5049 secundum
616 4993 747 5049 divinum
767 4993 935 5064 Apostolum
990 5003 1128 5054 creaturae
1139 4998 1252 5054 latriam
1267 4998 1340 5053 hanc
1355 4998 1546 5068 appellantes!
1563 4998 1669 5054 Nullus
1680 4998 1717 5054 Ch

112 5079 217 5153 (Epiros.
231 5080 268 5153 a),
285 5080 352 5150 quis
366 5087 409 5136 est
424 5081 474 5152 qui
490 5082 562 5138 hanc
575 5082 666 5152 possit
681 5082 711 5138 in
728 5084 850 5152 praedam
865 5087 936 5141 arri·
991 5101 1093 5143 norum
1104 5087 1253 5144 hominum
1270 5088 1319 5158 qui
1335 5087 1388 5144 sub
1399 5088 1470 5144 cmlo
1481 5094 1557 5158 sunt,
1572 5088 1717 5160 imaginis

112 5170 201 5242 perel
219 5172 280 5239 lpse
302 5168 436 5226 exhibuit
447 5183 508 5226 eam
523 5170 580 5226 sibi
598 5184 655 5226 non
670 5170 819 5227 habentem
835 5186 937 5231 macu-
990 5176 1140 5233 servitutis
1157 5177 1310 5234 exhibuit:
1329 5191 1437 5250 pagana
1451 5185 1494 5234 est
1506 5178 1582 5234 enim
1595 5179 1650 5234 ista
1663 5176 1717 5234 labi

111 5261 167 5316 lam
183 5266 233 5315 aut
247 5271 357 5330 rugam,
380 5264 408 5314 et
423 5258 564 5328 quomodo
582 5272 684 5314 rursus
705 5259 936 5331 coinquinatura
989 5271 1017 5324 et
1030 5265 1191 5323 daemonum
1205 5266 1382 5338 adinventio,
1403 5273 1489 5337 atquc
1503 5280 1576 5337 opus
1595 5267 1717 5327 actionis

110 5347 395 5420 Oreprehensionem
416 5342 488 5420 [μνη
507 5345 683 5422 opinionem]
701 5348 784 5404 istam
798 5349 805 5405 l
820 5350 934 5410 Certum
991 5357 1071 5412 nicae.
1095 5356 1184 5412 Periit
1199 5356 1251 5412 boc
1265 5356 1374 5411 Christi
1394 5356 1525 5413 adventu.
1548 5356 1678 5413 Servitus
1692 5371 1717 5414 nr

111 5445 154 5496 est
176 5437 252 5495 enirn
268 5437 344 5508 quod
360 5436 538 5508 negationem
561 5437 787 5506 dispensationis
801 5441 864 5511 ejus
886 5457 935 5499 se-
990 5446 1098 5517 spiritu
1111 5451 1138 5501 et
1153 5446 1271 5502 veritate
1285 5452 1328 5502 cst
1344 5444 1431 5515 (door.
1451 5445 1488 5519 rr)
1500 5445 1624 5502 :diversa
1640 5451 1718 5503 auter

112 5532 240 5602 questrat
260 5525 360 5597 opinio
384 5526 453 5583 baec.
478 5526 531 5583 Sed
556 5524 763 5585 festinaverunt
781 5530 936 5592 Ecclesiam
989 5534 1287 5606 Deoexhibeutur,ad
1302 5534 1612 5592 memoriamvidelicet
1625 5535 1717 5606 ejuse
