3876 6090
116 260 185 329 4055
519 261 666 320 abactio.
683 261 731 319 ab
746 260 827 319 SAEC.
848 260 897 316 lli.
910 288 948 301 -
960 257 1141 319 huciobes
1157 259 1244 316 ANNI
1261 259 1409 318 lucenti.
1429 284 1430 288 ¹
1756 255 1823 319 4056

150 385 215 443 ficis
230 385 260 444 in
274 388 443 444 Formosum
453 386 610 457 ancipitem
624 400 703 458 esse,
714 385 741 443 ei
753 386 920 442 Formosum
935 380 1112 438 occasionem
1122 382 1246 453 amplam
1258 384 1382 442 dedisse.
1391 384 1535 443 Nonnulla
1547 384 1676 458 denique
1688 387 1824 442 nomntur

150 472 214 530 qua
229 458 259 514 in
274 471 308 515 eo
320 463 404 515 caute
418 458 536 531 legenda
552 463 628 515 sunt.

148 643 229 716 Cum,
251 658 327 703 anuo
348 646 453 703 salutis
469 645 624 704 millesimo
636 644 842 703 sexcentesimo
865 640 977 714 qua-A
991 638 1095 697 ultimo
1109 640 1178 698 libri
1202 641 1287 713 primi
1305 647 1460 716 utrumque
1483 642 1631 700 euidenter
1646 642 1743 713 docet,
1757 644 1825 698 etse

113 734 275 807 dragesimo
306 735 409 808 primo,
439 737 468 792 in
499 737 603 794 itinere
624 737 698 808 quod
725 740 786 793 tum
811 732 938 807 agebam,
994 727 1085 787 fuisse
1097 730 1196 790 saltem
1210 733 1415 806 presbyterum,
1429 733 1633 790 etaFormoso
1648 732 1821 790 ordinatum·

112 824 213 881 Tolosa
226 831 399 898 occurreret,
414 826 444 883 in
456 828 647 885 caoctiduum
660 830 853 885 commoratus
865 835 938 880 sum.
1030 820 1072 876 Ex
1084 820 1131 877 his
1149 826 1243 879 autem
1263 821 1372 879 libellis
1392 821 1482 880 multa
1517 823 1564 879 rui
1580 825 1705 893 possunt
1721 820 1824 893 quibus

115 915 303 972 intercedam
318 914 521 973 bibliothecam
538 915 733 974 illustrissimi
748 913 945 988 praesulisdo·
998 909 1093 966 lumen
1118 910 1234 984 affulget
1260 911 1409 969 nonnullis
1431 912 1549 970 maxumi
1574 911 1716 970 momenti
1740 912 1823 985 gestis

115 1003 186 1060 mini
211 1005 246 1060 de
272 1005 416 1063 llontchal
442 1005 654 1078 archicpiscopi
676 1007 820 1072 Tolosani,
843 1002 943 1062 multis
998 1000 1176 1073 pontificum,
1210 1003 1349 1066 formosi,
1381 1003 1518 1074 Stephani
1549 1002 1680 1073 septimi,
1712 1002 1824 1060 loannis

113 1092 264 1167 codicibus
278 1095 486 1164 manuscriptis
496 1096 626 1166 diuitem,
648 1096 750 1160 lustro,
766 1096 899 1152 incidunt
913 1095 942 1153 in
997 1091 1076 1162 noni,
1093 1095 1121 1149 et
1135 1091 1227 1166 Sergii
1241 1094 1331 1162 tertii,
1349 1107 1413 1166 que
1426 1093 1548 1151 obscure
1560 1092 1720 1151 admodum
1733 1092 1824 1150 histo-

114 1197 216 1240 manus
229 1196 306 1240 meas
319 1184 349 1239 hi
359 1184 585 1258 huxiliilibelli,
599 1186 762 1243 charactere
774 1186 904 1258 antiquo,
916 1186 942 1243 si
996 1180 1122 1237 ricorum
1142 1181 1225 1239 illius
1240 1183 1377 1254 temporis
1392 1183 1496 1254 partim
1518 1183 1709 1256 negligentia,
1724 1183 1822 1255 partim

113 1270 184 1328 bene
208 1273 336 1340 memini,
361 1274 510 1347 descripti,
533 1280 561 1332 et
588 1277 623 1333 ad
646 1277 774 1334 auctoris
804 1275 941 1332 seculum
997 1271 1126 1342 penuria,
1147 1271 1439 1330 nobistraditasunt.
1464 1273 1662 1330 llincconstat
1678 1271 1825 1343 pontifices

113 1361 271 1417 accedente.
300 1362 389 1420 Multa
415 1367 475 1421 tum
501 1365 653 1437 exscripsi,
679 1380 742 1438 qua
758 1364 830 1421 mihi
855 1362 941 1421 utilia
994 1357 1169 1430 Stephanum
1190 1364 1219 1417 et
1238 1362 1369 1434 Sergium
1392 1362 1530 1419 nonadeo
1551 1361 1643 1419 fuisse
1663 1361 1823 1431 sceleratos,

113 1446 173 1506 fore
189 1451 386 1521 praevidebam.
405 1455 503 1512 Postea
517 1470 582 1512 cum
596 1457 749 1513 reverendo
760 1458 789 1511 P.
803 1454 941 1527 viguiero
995 1462 1046 1505 uec
1060 1450 1226 1508 Formosum
1239 1452 1310 1510 adeo
1325 1458 1466 1524 sanctum,
1481 1457 1514 1510 ut
1528 1452 1614 1510 multi
1629 1450 1690 1509 sibi
1707 1464 1826 1522 persua-

114 1543 251 1597 nostrate.
275 1546 303 1597 et
323 1548 428 1600 nostra
443 1546 676 1619 congregationis
690 1545 864 1618 presbytero,
878 1544 941 1599 viro
994 1537 1080 1594 dent:
1096 1539 1272 1611 Stephanum
1284 1547 1312 1598 et
1325 1542 1455 1614 Sergium
1468 1540 1632 1613 probabiles
1643 1553 1759 1612 causas,
1771 1540 1825 1597 imo

112 1630 322 1699 eruditissimo,
352 1638 380 1689 et
403 1635 598 1708 antiquitatis,
614 1650 669 1709 qua
685 1649 772 1694 sacra
790 1649 846 1706 qua
871 1646 941 1704 pro·
995 1625 1163 1698 inspeciem
1183 1643 1293 1703 graves,
1309 1632 1514 1688 exauctorandi
1525 1632 1656 1688 Formosi
1670 1630 1826 1688 ordinatio

112 1715 194 1790 fana,
221 1719 389 1793 indagatore
422 1725 612 1782 solertissimo
638 1731 666 1782 et
692 1722 941 1796 perspicacissimo
996 1729 1046 1772 nes
1068 1717 1214 1775 habuisse.
1237 1721 1392 1777 Formosus
1413 1721 1489 1777 enim
1514 1733 1530 1776 a
1552 1723 1662 1777 loanne
1681 1720 1743 1776 lllll
1759 1731 1824 1790 papa

112 1806 283 1881 collocutus,
309 1813 422 1869 monuit
443 1827 486 1870 me
510 1828 540 1870 se
560 1815 664 1871 habere
688 1812 801 1871 huxilii
827 1810 942 1868 libellos
998 1808 1709 1882 proptervariacriminadepisitusetdegradatus
1724 1807 1823 1877 fuerat,

113 1908 198 1951 manu
215 1912 267 1955 sua
283 1901 442 1972 exscriptos
462 1917 496 1959 ex
511 1903 609 1960 codice
623 1904 754 1974 antiquo,
771 1913 854 1973 quem
870 1899 944 1956 forte
997 1898 1027 1952 ct
1060 1896 1095 1952 ad
1122 1899 1352 1955 communionem
1388 1899 1489 1955 laicam
1519 1900 1653 1956 redactus
1685 1903 1772 1970 atque
1793 1896 1824 1952 ah

112 1980 228 2041 fortuna
246 1986 276 2042 in
293 1991 467 2047 monasterio
489 1992 693 2062 lotharingico
708 1989 942 2063 deprehenderat.
958 1966 1165 2054 Bepiscopatu
1188 1988 1339 2045 Portuensi
1364 1989 1511 2061 expulsus.
1528 1989 1648 2045 ioannis
1666 2002 1747 2060 papae
1762 2002 1825 2045 sen-

112 2073 316 2133 llonasterium
344 2078 493 2152 indicavit,
518 2083 567 2139 sed
584 2082 667 2139 illius
680 2095 735 2139 non
761 2078 898 2136 memini:
913 2089 944 2134 se
998 2075 1088 2131 tentia
1104 2076 1133 2131 in
1146 2089 1212 2132 oum
1234 2078 1311 2135 edita
1337 2082 1381 2135 est
1400 2085 1468 2136 tom.
1494 2080 1530 2136 111
1543 2079 1654 2137 concil.
1670 2078 1783 2149 Gallie,
1799 2093 1823 2149 p.

112 2171 209 2238 postea
230 2169 426 2239 apographum
448 2184 533 2228 suum
555 2186 620 2229 cum
635 2172 693 2229 alio
710 2172 831 2242 antiquo
843 2167 942 2224 codice
997 2159 1058 2219 faa.
1075 2163 1271 2223 accusabatur
1287 2182 1352 2225 cum
1368 2169 1517 2225 nonnullis
1528 2167 1597 2225 allis
1613 2169 1644 2225 in
1658 2167 1825 2240 papaeioan

112 2268 195 2326 quem
210 2269 295 2326 penes
313 2271 344 2313 se
360 2258 481 2316 habebat
493 2262 664 2317 reverendus
685 2259 860 2317 P.·Jacobus
874 2257 941 2313 Sir·
996 2252 1041 2309 nis
1061 2255 1148 2312 vitam
1168 2257 1358 2330 conspirasse,
1387 2259 1417 2314 in
1440 2258 1534 2315 Caroli
1549 2258 1628 2315 Calvi
1646 2256 1826 2328 imperatoris

115 2346 247 2416 mondus,
277 2346 426 2405 doctorum
453 2349 561 2406 nemini
579 2350 753 2424 incognitus,
769 2347 936 2406 contulisse.
995 2347 1024 2398 et
1036 2342 1163 2401 Francia
1185 2345 1261 2418 regis
1284 2346 1396 2403 ruinam
1421 2349 1596 2419 conjurasse,
1616 2348 1738 2404 liomam
1753 2347 1827 2402 Sara·

112 2433 263 2505 Exemplar
277 2450 361 2493 suum
376 2437 448 2493 mihi
463 2439 574 2510 roganti
589 2438 691 2495 lubens
703 2438 846 2495 concessit
861 2442 941 2493 uten·
994 2432 1075 2488 cenis
1098 2434 1217 2504 prodere
1229 2435 1364 2505 voluisse,
1383 2441 1413 2493 ut
1440 2449 1540 2507 papam
1556 2435 1641 2492 illius
1652 2436 1770 2493 excidio
1782 2436 1827 2492 in-

111 2523 180 2580 dum
202 2529 231 2580 et
249 2525 400 2582 edendum.
421 2527 503 2597 llinc,
519 2528 616 2599 lector,
634 2527 705 2585 istos
722 2527 809 2584 habui
825 2526 941 2583 libellos
994 2520 1128 2593 volveret,
1147 2522 1294 2595 multaque
1321 2524 1379 2581 alia
1402 2525 1526 2582 crimina
1551 2529 1744 2595 perpetrasse,
1768 2538 1826 2596 que

114 2624 187 2683 quos
200 2626 276 2669 nuno
287 2613 342 2670 tibi
363 2614 477 2685 publice
492 2617 622 2673 exhibeo.
639 2617 939 2689 Papyriusllassonus
997 2610 1026 2667 ln
1042 2612 1183 2669 sententia
1205 2613 1323 2671 loannis
1350 2615 1410 2670 Vlll
1423 2613 1597 2672 referuntur.
1620 2614 1665 2671 Ob
1683 2622 1744 2671 tam
1759 2614 1827 2672 hor-

112 2701 282 2771 posterioris
298 2701 389 2759 libelli
408 2704 509 2761 titulos
524 2705 666 2762 cardinali
683 2705 806 2762 Baronio
821 2705 938 2762 Romam
998 2701 1084 2757 renda
1109 2702 1233 2757 crimina
1252 2702 1379 2774 pontifex
1403 2703 1558 2776 fugitivum
1580 2708 1608 2760 et
1629 2711 1824 2762 contumacem

111 2790 180 2847 olim
192 2791 366 2854 transmisit.
380 2806 452 2864 quos
464 2795 537 2850 tanti
551 2794 629 2866 fecit,
641 2800 742 2863 uteos,
757 2809 792 2852 ne
802 2795 938 2865 perirent,
995 2788 1032 2845 ab
1047 2789 1125 2845 omni
1147 2791 1311 2849 ministerio
1326 2792 1496 2850 sacerdotali
1512 2799 1539 2850 ef
1553 2792 1684 2850 clericali
1699 2793 1824 2865 deponit,

114 2878 216 2936 ultimo
228 2879 383 2938 Annalium
406 2887 483 2939 tomo
499 2885 640 2942 nexuerit.
657 2885 738 2941 llunc
751 2884 883 2941 libellum
897 2897 961 2941 ro-<
996 2882 1026 2936 ct
1037 2880 1187 2937 anathema
1210 2880 1240 2937 in
1266 2882 1360 2953 ipsum
1382 2884 1561 2954 pronuntiat.
1586 2885 1645 2940 Nec
1661 2883 1716 2940 hoc
1736 2885 1826 2941 home

112 2973 157 3025 rat
183 2969 341 3026 cardinalis
369 2971 441 3026 Acta
473 2973 594 3027 meosi
616 2989 706 3044 papa.
738 2973 842 3030 Eodem
880 2973 942 3030 loco
999 2968 1202 3037 pronuntiasse
1216 2976 1379 3042 contentus,
1396 2972 1567 3029 sententiam
1581 2986 1664 3030 suam
1678 2973 1715 3030 ad
1732 2987 1825 3031 omnes

112 3058 272 3128 epistolam.
290 3059 401 3116 huxilii
415 3059 449 3116 ad
467 3062 584 3119 Leonem
597 3062 676 3119 Nola
687 3063 853 3134 episcopum
865 3063 944 3119 inte-
997 3055 1099 3114 Gallie
1122 3062 1150 3114 et
1172 3059 1331 3117 Germaniae
1352 3061 1501 3132 episcopos
1522 3061 1679 3135 Pontigone
1706 3077 1826 3136 congre-

112 3160 190 3219 gram
206 3147 355 3218 exscribit,
380 3156 412 3206 ut
426 3149 513 3207 etiam
529 3150 623 3208 libelli
644 3152 738 3223 capita
753 3151 856 3208 ultima
870 3145 945 3209 asel
1000 3146 1227 3220 parcentisque
1248 3163 1412 3220 processum
1436 3151 1527 3207 mittit
1555 3165 1605 3222 per
1625 3151 1736 3225 legatos
1750 3166 1823 3223 suos,

111 3232 155 3307 30,
172 3237 283 3293 codicis
306 3242 401 3294 auteur
421 3241 512 3297 nostri
537 3254 603 3310 cap.
627 3238 674 3314 32,
698 3241 782 3298 uobis
795 3241 944 3298 exhibentx
999 3249 1105 3307 eosque
1125 3236 1257 3295 hortatur
1271 3243 1304 3295 ut
1322 3241 1493 3297 sententiam
1508 3253 1589 3298 suam
1615 3255 1666 3313 per
1678 3241 1825 3299 uniuersas

113 3325 295 3398 prioremque
306 3326 437 3384 libellum
456 3329 578 3386 Βιιοιιιο
590 3334 619 3387 et
633 3331 754 3402 Papyrio
771 3345 890 3402 prorsus
904 3319 946 3386 in'
999 3325 1136 3383 dioeceses
1159 3340 1226 3384 suas
1241 3327 1386 3399 publicari
1401 3335 1511 3400 curent,
1528 3335 1562 3387 ut
1583 3330 1682 3388 videre
1694 3335 1740 3388 est
1753 3344 1824 3400 pra-

111 3416 269 3488 cognitum.
998 3415 1075 3470 terea
1087 3419 1155 3470 tom.
1172 3417 1208 3471 lll
1222 3415 1428 3487 conciliorum,
1446 3432 1472 3488 p.
1490 3431 1510 3487 r,
1526 3431 1552 3474 c.
1566 3415 1593 3489 5,
1610 3417 1736 3476 concilii
1750 3418 1825 3474 Pon·

146 3504 218 3575 Quis
230 3505 320 3564 fuerit
330 3507 469 3565 Auxilius
479 3521 539 3565 nou
549 3508 650 3581 liquet.
661 3509 751 3567 italus
761 3522 818 3566 non
832 3508 898 3581 fuit,
911 3514 944 3565 ut
998 3503 1167 3575 tigonensis.
1183 3505 1252 3561 Cum
1267 3508 1362 3563 autem
1377 3505 1530 3565 Formosus
1545 3507 1751 3565 etcriminum
1765 3509 1824 3579 ojus

113 3593 174 3664 ipse
189 3598 312 3652 testatur
338 3596 380 3652 lib
403 3611 434 3653 ιι.
457 3611 482 3654 c.
510 3595 554 3655 3⁴.
580 3599 621 3653 lta
636 3598 713 3654 enim
737 3598 795 3654 sibi
816 3597 940 3668 objicit:
997 3599 1144 3651 consortes
1159 3594 1187 3651 in
1210 3595 1385 3653 criminibus
1411 3601 1440 3654 et
1462 3597 1644 3654 contumacia
1660 3611 1824 3668 persevera-

113 3702 126 3735 ι
147 3683 234 3741 Porro
248 3698 314 3741 cum
338 3685 380 3741 sis
404 3687 488 3743 homo
513 3693 616 3744 extera
629 3687 733 3760 gentis,
755 3693 784 3743 et
798 3687 873 3758 apud
889 3700 942 3743 nos
998 3686 1070 3751 rent,
1089 3684 1211 3740 loannes
1231 3683 1298 3756 vlit,
1315 3684 1432 3742 biennio
1447 3692 1520 3758 post,
1537 3687 1640 3743 Trecas
1655 3689 1688 3743 ln
1703 3686 1821 3745 Galliam

112 3770 243 3827 bumana
253 3772 319 3828 vitae
330 3773 473 3830 subsidiis
489 3775 629 3847 indigeas,
642 3775 711 3847 quid
726 3775 760 3832 ad
775 3780 803 3832 te
818 3776 942 3846 pertinet
995 3771 1083 3841 venit,
1100 3771 1150 3828 ubi
1164 3779 1334 3846 congregata
1350 3775 1458 3845 synodo
1472 3775 1673 3846 episcoporum
1687 3775 1788 3833 Gallia
1798 3779 1825 3832 ct

112 3859 220 3915 nostris
236 3861 369 3917 resistere
387 3862 693 3934 disceptationibusi»
712 3867 748 3922 Et
759 3865 844 3935 paulo
856 3870 938 3936 post:
996 3860 1124 3933 Belgica,
1142 3861 1466 3919 excommunicationem
1489 3863 1519 3919 in
1541 3865 1714 3924 Formosum
1740 3878 1823 3923 reno-

113 3946 175 4002 «si
202 3948 320 4006 advenis
342 3956 370 4006 et
405 3952 569 4025 peregrenis
607 3954 741 4011 Ecclesia
770 3954 940 4026 prepositos
993 3953 1050 4012 vat,
1066 3953 1094 4005 et
1109 3950 1357 4007 consentientibus
1369 3956 1455 4023 atque
1466 3951 1724 4011 subscribentibus
1733 3954 1822 4011 omui-

110 4047 245 4092 accusare
265 4038 341 4110 licet,
356 4040 398 4096 uel
411 4041 552 4114 judicare,
577 4049 627 4100 aut
640 4042 836 4115 prejudicare,
854 4051 935 4100 oetc.
993 4035 1047 4095 hus
1065 4038 1220 4110 episcopis,
1236 4052 1297 4095 eam
1312 4039 1416 4096 iterum
1437 4039 1498 4110 ipse
1512 4038 1668 4109 fulminat;
1688 4047 1721 4100 ιιι
1735 4043 1822 4116 legere

112 4125 168 4181 lloo
188 4129 281 4183 autem
307 4141 363 4185 non
383 4129 531 4188 diffitetur.
557 4132 615 4189 imo
638 4147 773 4203 responso
797 4146 938 4204 suosup-
991 4130 1035 4182 ssi
1057 4127 1133 4199 allud
1154 4128 1280 4196 himen,
1312 4129 1332 4184 l·
1360 4143 1389 4200 v,
1416 4143 1440 4186 θ·
1465 4126 1509 4200 37,
1533 4135 1562 4187 et
1583 4137 1653 4187 lom·
1680 4133 1720 4190 ΙΙΙ
1738 4132 1819 4189 Coos·

112 4214 202 4285 ponit.
215 4216 291 4275 llicit
306 4218 381 4275 enim
396 4225 506 4276 ortuum
527 4235 558 4278 se
576 4235 637 4279 esse
651 4237 686 4279 ex
697 4236 730 4279 eo
745 4235 846 4294 genere
859 4223 935 4294 quod
990 4214 1102 4287 Gallia,
1119 4217 1149 4271 in
1163 4230 1243 4273 conc.
1260 4217 1383 4275 Tricass.
1401 4231 1443 4290 ιιι,
1454 4233 1479 4274 c.
1495 4215 1521 4275 l.
1537 4219 1692 4276 Scribebat
1707 4220 1822 4291 insuper

110 4304 259 4373 apostolus
271 4307 372 4364 Petrus
385 4314 476 4379 vocat,
492 4326 577 4378 penus
599 4312 721 4377 electum,
736 4310 827 4378 repnte
852 4326 938 4365 socer»
992 4303 1066 4360 idem
1089 4303 1217 4376 pontifex
1238 4306 1273 4362 ad
1305 4307 1400 4363 uarios
1421 4308 1636 4378 provinciarum
1665 4316 1820 4382 magnates,

112 4391 226 4456 dotium,
259 4400 369 4465 gentem
402 4402 540 4469 sanctam,
580 4397 716 4469 populum
747 4400 937 4468 accubitionis
992 4396 1026 4450 ut
1046 4413 1059 4446 n
1080 4406 1097 4449 a
1121 4396 1268 4452 consortio
1301 4397 1431 4454 Formosi
1458 4397 1727 4454 anathematizatio
1749 4397 1822 4455 dili-

110 4475 135 4551 (l
147 4477 219 4537 Petr.
244 4482 286 4556 n),
307 4485 359 4541 boc
372 4486 429 4543 sibi
456 4486 681 4557 subicerenta
697 4487 862 4545 testimonio
884 4487 937 4544 hac
990 4487 1088 4556 genter
1107 4483 1164 4540 sibi
1183 4490 1323 4557 caverent,
1347 4490 1379 4542 ut
1398 4486 1495 4543 uidere
1520 4492 1563 4543 est
1588 4487 1714 4558 epistola
1736 4487 1820 4545 istius

32 4565 34 4567 ’
114 4568 143 4624 in
162 4584 248 4627 causa
276 4574 451 4643 perhibendo
470 4574 584 4631 excludi
610 4589 666 4632 non
682 4577 782 4648 possit,
800 4576 879 4634 velut
902 4591 935 4634 eo
990 4569 1207 4640 pontiuctsbot.

113 4655 175 4713 loco
191 4659 325 4728 pluribus
335 4662 428 4735 legere
442 4669 530 4735 potes.
543 4664 634 4735 Cutius
643 4671 738 4722 summ
753 4665 851 4738 fuerit,
864 4665 936 4723 diifl·
1024 4661 1210 4731 Opponebant
1224 4662 1359 4735 equidem
1367 4663 1508 4737 formosi,
1522 4663 1663 4733 fautores,
1677 4666 1819 4723 llarinum

111 4744 168 4800 cilo
181 4746 263 4802 dictu
274 4752 327 4819 est,
341 4764 407 4807 curn
428 4751 482 4808 hoc
500 4752 530 4809 in
546 4752 654 4811 libellis
666 4754 728 4811 suis
744 4768 800 4812 uon
814 4754 931 4812 indicet.
991 4763 1102 4821 papam,
1130 4751 1250 4808 loannis
1273 4754 1331 4808 lllll
1356 4766 1561 4825 successorem,
1585 4753 1624 4811 ab
1638 4757 1820 4813 anathemate

111 4832 249 4890 Franoum
264 4835 354 4893 fuisse
368 4839 416 4895 uix
432 4839 560 4898 dubitari
575 4847 687 4912 potest:
703 4843 749 4899 sed
766 4857 799 4900 eo
809 4848 936 4915 tempore
990 4838 1155 4897 Formosum
1169 4840 1335 4911 absolvisse,
1360 4848 1388 4898 et
1403 4843 1557 4900 ordinibus
1570 4844 1635 4900 suis
1649 4851 1740 4916 attius
1755 4844 1819 4915 epi-

110 4919 211 4977 Franoi
229 4924 351 4995 nomine,
365 4928 498 4986 Germani
515 4943 570 4986 non
582 4945 664 4988 secus
677 4944 710 4987 ac
724 4931 800 4988 Galli
822 4932 936 4989 intelli·
991 4930 1120 4999 scopatui
1137 4929 1352 5002 redintegrasse.
1376 4931 1428 4987 Sed
1444 4932 1586 5003 quidquid
1601 4933 1642 4990 sit
1656 4933 1694 4991 de
1709 4935 1762 4991 hac
1775 4934 1820 4991 ab·

112 5010 261 5082 gebantur.
275 5013 342 5071 Uter
354 5015 443 5073 fuerit
455 5032 510 5074 non
524 5018 626 5091 liquet,
639 5034 690 5077 nec
701 5020 737 5077 de
749 5021 802 5078 hoc
816 5035 936 5094 magno-
990 5017 1145 5089 solutione,
1171 5019 1337 5091 regerebant
1362 5024 1496 5091 praterea
1518 5022 1645 5079 formosi
1660 5024 1817 5101 aduersarii

112 5114 178 5171 pere
209 5102 412 5162 laborandum:
439 5109 469 5163 in
492 5108 548 5165 line
572 5116 665 5166 umen
684 5111 810 5181 ejusdem
830 5111 936 5182 capitis
990 5121 1054 5164 eum
1068 5108 1169 5180 inique
1183 5114 1210 5164 et
1231 5115 1468 5166 contracanones
1484 5118 1700 5179 procurassent
1718 5125 1736 5169 a
1754 5113 1818 5170 sede

111 5190 226 5248 ridetur
242 5205 343 5263 negare
368 5207 398 5250 se
421 5200 549 5253 exterum
565 5211 636 5266 esse,
663 5198 738 5269 quod
760 5198 847 5254 initio
863 5211 936 5254 con·
989 5197 1140 5254 Portuensi
1156 5196 1190 5253 ad
1210 5197 1364 5254 liomanam
1389 5199 1603 5271 transferretur,
1618 5201 1696 5272 quod
1720 5203 1818 5259 hacte-

111 5286 243 5337 cesserat.
266 5282 413 5354 Presbyter
436 5293 530 5342 autem
558 5292 628 5357 erat,
655 5293 741 5358 atque
762 5301 778 5343 a
801 5289 935 5345 Formoso
990 5299 1046 5344 nus
1070 5299 1215 5357 nunquam
1241 5287 1271 5342 in
1298 5287 1350 5344 lmc
1373 5289 1439 5346 sede
1458 5288 1563 5346 factum
1593 5290 1700 5350 fuerat.
1716 5294 1818 5350 Omnes

112 5383 182 5440 papa
197 5371 359 5442 ordinatus,
375 5380 408 5431 ut
430 5387 464 5430 ex
487 5374 573 5431 initio
586 5388 647 5446 cap.
661 5372 699 5432 3⁴>
709 5375 808 5448 colligi
831 5384 931 5446 potest.
989 5377 1068 5436 enim
1086 5375 1235 5447 pontifices
1251 5378 1285 5434 ad
1308 5378 1475 5436 Formosum
1492 5393 1583 5451 usque
1594 5381 1679 5438 electi
1702 5381 1818 5441 fuerunt

111 5463 217 5520 Deinde
231 5462 259 5519 id
275 5461 390 5520 ridetur
407 5462 528 5534 probare
542 5464 619 5535 quod
634 5464 669 5521 ab
683 5464 827 5536 episcopis
841 5467 876 5523 de
890 5482 934 5524 ca·
987 5481 1023 5525 ex
1036 5467 1168 5523 diaconis
1191 5471 1219 5522 et
1238 5466 1413 5538 presbyteris
1436 5469 1581 5527 llomanis.
1604 5470 1722 5529 crimen
1744 5472 1816 5530 illud

111 5552 237 5610 nouibus
246 5557 275 5611 et
288 5565 386 5610 corum
396 5551 595 5612 obseruatione
613 5553 788 5612 consulitur.
802 5555 854 5614 sed
869 5570 931 5628 cap.
987 5555 1188 5615 translationis
1210 5557 1394 5631 episcopatis,
1420 5557 1558 5616 Romania
1579 5559 1714 5620 moribus
1735 5561 1818 5634 plano
