3876 6090
118 92 169 153 116
722 104 1216 168 ntsronrananeoennooaua.
1552 90 1555 95 ’
1762 125 1816 190 tto

117 221 163 278 scd
198 221 326 279 radendo
359 224 596 310 corrigendoque,
629 231 749 289 Frecclae
772 240 805 291 ut
828 235 980 319 videturA
996 240 1053 303 tp,
1076 239 1458 314 r,s‚tnmplanesuperdna
1508 249 1803 316 uiturautomittitur

117 295 779 381 6666666166666166611616661666116
798 307 941 363 6661616-
996 319 1025 361 re
1078 321 1125 363 666
1137 307 1283 378 vidissem,
1299 311 1329 367 in
1343 325 1445 371 earec
1485 317 1750 381 icisauctoritatem
1804 300 1812 332 ’

115 363 310 447 cernendrque
334 378 376 418 ma
418 380 461 421 arn
486 368 557 423 mrhr
582 370 724 455 interdum
742 320 938 433 difficultatem
995 343 1814 459 11666666666666666661661166166666666111661661

115 433 263 517 obyrceret.
278 434 371 517 Quare
397 437 458 518 ,aud
469 451 535 520 raro
546 447 698 510 scriptoris
709 443 744 515 (6)
753 452 782 500 61
794 453 939 503 correcto-
993 451 1104 514 poterat
1125 451 1254 505 servatis.

115 520 155 560 66
170 503 198 589 9)
211 518 314 588 manus
334 506 477 589 distingui
492 521 526 563 eo
545 512 636 583 magis
650 527 763 570 necesse
776 515 841 572 luit.
860 518 936 587 quod
1028 517 1175 574 Editiones
1193 522 1360 592 anteriores,
1384 538 1436 594 ope
1453 530 1682 600 apographorum
1701 536 1811 595 codicis

115 577 173 659 time
188 591 218 632 m
234 577 361 659 editione
379 582 538 634 anteriores
551 594 659 662 ,omnes
679 584 806 641 derivata
819 587 866 641 sit.
883 588 936 644 sed
991 586 1120 643 vaticani
1140 589 1281 646 institute
1309 593 1351 648 hae
1367 593 1484 654 luerunt
1496 617 1502 652 ε
1516 598 1548 670 Α)
1561 601 1744 661 6666661661
1762 608 1770 662 1
1792 639 1812 651 -

114 660 207 717 prima
217 653 304 702 elram
321 651 488 731 praeustam
502 651 935 738 scribendorumvocabulorum
990 658 1178 741 terantiquos
1190 633 1326 718 66666616
1347 673 1514 735 osquatuor
1525 671 1642 740 Neapoli
1653 686 1699 728 an.
1715 622 1809 736 166616

114 722 310 801 quamtentus
326 731 421 800 ipsius
435 725 572 776 retronea
585 736 650 778 vera
669 724 801 797 lectione,
822 728 935 797 qualem
990 727 1146 784 bluratorro
1166 730 1209 784 SS.
1231 731 1260 786 V.
1279 747 1305 802 p.
1329 679 1364 790 ἥδ
1386 737 1522 806 repetita·
1536 739 1567 810 B)
1585 741 1699 798 Camilli
1725 747 1810 804 Pere-

112 803 145 871 ex
158 787 309 873 prioribus
328 787 473 913 capitibus
487 795 516 846 et
529 790 600 847 16616
615 796 867 877 66116666666616
881 798 936 852 de-
989 796 1077 867 grini,
1093 811 1145 868 ope
1160 799 1314 858 lectionum
1334 780 1536 863 nonnullarum
1556 811 1666 868 codicis
1678 816 1807 875 Vaticani

112 860 352 942 6661666666
375 865 440 942 icet,
452 864 561 916 1661166
571 866 686 930 recedit,
697 867 859 937 utreliquis
868 882 935 936 prae
988 865 1023 920 ab
1034 867 1179 926 llolstenio
1193 872 1478 933 subministraturum
1489 888 1616 936 correcta
1639 883 1668 938 iu
1681 885 1808 944 historia

112 936 189 986 terea
206 928 349 985 subsrdns
363 935 407 985 611
425 933 594 1012 pportuerit.
613 936 807 1018 adhibuimus
821 938 931 1009 igitur:
988 937 1151 1008 principum
1174 943 1432 1018 Langobardorum,
1452 949 1569 1019 Neapoli
1593 922 1662 1008 ldie
1691 959 1804 1012 1661·

111 998 136 1072 3)
149 1001 313 1057 chronicon
328 1000 549 1067 salernitanum,
575 1007 650 1073 quod
671 1020 700 1062 m
717 1009 814 1064 eodem
835 1009 933 1065 codice
990 1006 1063 1062 urrde
1082 1021 1098 1063 a
1117 1011 1277 1069 Burmauno
1302 1013 1331 1069 in
1350 1016 1495 1074 Thesauro
1515 1021 1553 1075 111
1585 1021 1614 1076 P.
1641 995 1806 1085 I'Eccardo

111 1075 215 1155 exstat,
230 1070 289 1154 666,
302 1071 399 1127 eodem
423 1073 505 1156 modo
523 1073 704 1158 depravatum
721 1084 772 1133 est.
794 1076 819 1151 l)
832 1080 932 1136 Leonis
986 1076 1032 1131 53
1054 1079 1072 1132 Ι.
1102 1076 1145 1150 19,
1169 1083 1389 1142 1166661633.
1411 1089 1444 1142 11.
1466 1086 1519 1144 691
1547 1061 1575 1146 6’1
1597 1065 1806 1154 6616616

111 1142 255 1228 Ostiensis
270 1139 400 1197 lrbrumr
426 1145 755 1267 66166666111666967,
774 1150 864 1205 nostri
880 1163 932 1206 ca·
986 1161 1060 1217 sqq,
1087 1149 1190 1206 iterum
1212 1165 1245 1207 ex
1268 1168 1344 1210 ressa
1365 1162 1451 1241 atque
1473 1159 1503 1214 in
1520 1131 1565 1215 33.
1588 1161 1709 1220 Gallicis
1728 1167 1807 1224 Bou·

131 1219 172 1269 vta
193 1211 221 1283 9,
242 1211 269 1281 d,
289 1209 307 1266 9
335 1182 438 1282 1616,
476 1212 502 1283 6,
522 1210 564 1284 ti,
584 1213 626 1284 19,
643 1216 688 1287 60,
705 1218 750 1302 93,
766 1218 810 1289 99,
824 1218 869 1290 99,
885 1219 930 1292 95,
987 1218 1064 1286 66611
1085 1223 1152 1303 tom:
1174 1223 1205 1286 v,
1220 1167 1282 1293 ssl,
1300 1227 1343 1293 vt,
1363 1225 1498 1297 966111,
1520 1228 1580 1300 166,
1600 1241 1733 1304 excerpta
1750 1245 1802 1294 est.

147 1326 155 1353 ,
171 1282 217 1355 39,
230 1280 274 1365 bi,
288 1253 385 1351 tlt-te,
401 1281 445 1352 61,
458 1283 502 1353 65,
516 1283 609 1371 66769
621 1296 763 1372 exscripta
779 1290 929 1347 habentur.
1000 1356 1006 1368 ¹
1020 1287 1225 1369 adnotationes
1234 1294 1376 1350 editorum
1387 1299 1561 1355 anteriorum
1584 1303 1726 1374 precipue
1734 1308 1808 1363 Pra-

111 1353 929 1437 6)]6666160666666666661111666616661161166666,
986 1357 1054 1427 (llll,
1078 1374 1182 1429 paucas
1199 1368 1308 1420 tautum
1328 1369 1479 1424 servandas
1500 1343 1644 1428 duximus.
1668 1376 1805 1447 Excerpta

112 1427 317 1495 undeantiqua
332 1429 458 1508 capitum
472 1423 499 1497 1,
511 1424 556 1497 at),
568 1426 612 1497 69,
624 1427 723 1501 32-36,
737 1428 782 1503 38,
797 1430 832 1487 39
845 1433 930 1489 tectio
985 1440 1020 1482 ex
1034 1428 1129 1485 Gestis
1148 1433 1337 1490 Romanorum
1353 1438 1520 1504 pontillcum
1533 1441 1568 1495 de
1583 1443 1700 1513 regibus
1714 1447 1801 1504 1161-

111 1496 499 1581 6666066666666661166.ι
670 1572 676 1584 ,
757 1573 764 1586 ο
826 1573 833 1586 ο
986 1500 1103 1584 prande,
1121 1501 1793 1574 1111666666,66166166,61616116611166166616

143 1567 259 1649 Quibus
275 1572 389 1649 interse
403 1567 526 1649 collatas,
541 1582 605 1624 cum
621 1572 765 1654 scribendi
780 1577 929 1645 rationem,
946 1550 1154 1628 Bauctoritate
1174 1575 1278 1643 capitis
1301 1573 1312 1630 l
1337 1576 1531 1647 Erchemperti
1552 1594 1697 1651 perperam
1720 1558 1806 1644 iuro-³

110 1636 932 1765 ,66166666661161166666666116616666611661166-
985 1644 1057 1711 rata,
1073 1643 1164 1698 99999
1179 1643 1215 1698 99
1233 1645 1394 1702 99999999
1416 1649 1564 1705 9999999
1583 1652 1702 1724 (libuli,
1723 1657 1803 1714 Ρ999

129 1710 217 1791 imus,
232 1721 248 1762 a
261 1721 390 1791 sermone
408 1708 609 1792 chronicorum
624 1713 821 1782 antiquiorum
833 1715 933 1772 cassi·
985 1709 1104 1790 Diaconi
1124 1713 1256 1769 Historiae
1275 1716 1523 1787 Langobardorum
1544 1720 1723 1791 subiicienda
1741 1731 1805 1785 sta-

110 1791 244 1835 6666166
260 1792 403 1848 praecipue
423 1792 451 1833 ru
465 1794 518 1835 usu
539 1780 642 1837 litterae
656 1779 698 1856 (c),
715 1799 777 1854 quae
793 1790 853 1842 tum
871 1787 932 1842 loco
986 1784 1105 1837 illimus·

143 1881 619 1968 (616666666616666616611666616
630 1885 776 1961 (11616616),
788 1891 928 1964 gencium,
996 1889 1082 1959 Bari),
1105 1888 1195 1946 ochis
1216 1885 1338 1961 (beluis),
1363 1889 1539 1965 improbitas,
1563 1897 1688 1966 praealto,
1713 1899 1804 1957 bassis

110 1961 276 2040 6661166661
308 1953 514 2039 (contiguum),
537 1965 698 2039 corructum
733 1957 927 2034 (corruptum),
995 1959 1094 2031 vassis)
1111 1958 1256 2017 irlbolum.
1277 1958 1295 2013 b
1313 1961 1415 2031 etgin
1432 1963 1546 2029 1166616
1567 1967 1804 2038 (Liburia,bets

110 2027 255 2082 dissencio
278 2023 465 2109 (6116666616),Ι
476 2032 566 2083 scitus
586 2027 842 2099 (6666),·66666616
865 2032 931 2101 (ab-
984 2031 1013 2086 in
1028 2031 1188 2086 assumitur
1201 2028 1382 2101 (absumitur)
1394 2049 1401 2098 3
1415 2032 1432 2086 d
1448 2035 1582 2089 omittitur
1596 2039 1625 2090 16
1639 2038 1804 2095 animaver-

111 2096 208 2169 sente),
231 2101 364 2179 procrntu
378 2095 557 2180 (procinctu),
583 2098 660 2154 selus
675 2100 798 2171 (scelus),
822 2102 928 2171 silicet,
983 2105 1032 2166 tat,
1055 2100 1228 2156 aiuvandum
1251 2102 1468 2169 quemamodum
1483 2111 1803 2170 ,666661661666616

110 2166 239 2236 defunto,
262 2174 343 2223 cunti
364 2168 532 2235 ,61166666
554 2170 691 2223 interdum
711 2173 810 2225 omittit
830 2174 860 2226 in
880 2179 930 2229 aut
983 2171 1012 2226 16
1023 2172 1193 2238 6616661166,
1209 2169 1295 2239 iusta,
1309 2169 1501 2243 iuxit(iussit)
1512 2174 1621 2231 eritare
1632 2174 1774 2246 (hesitare
1794 2196 1801 2210 ·

110 2239 218 2310 (haud),
233 2252 321 2309 yems,
335 2238 453 2307 ystoria,
471 2239 534 2294 ausi
553 2238 666 2311 (hausi),
680 2240 779 2312 alitus,
797 2242 931 2298 exalave·
984 2241 1020 2324 ph
1040 2240 1071 2312 (l)
1085 2246 1110 2295 et
1130 2255 1146 2294 v
1168 2241 1197 2295 in
1225 2240 1291 2294 Vari
1315 2238 1420 2313 (Phari)
1432 2255 1469 2310 ;o
1488 2248 1544 2298 eta
1562 2247 1593 2298 tn
1616 2247 1742 2318 Longoba
1782 2219 1802 2321 l}

110 2317 163 2377 rat,
188 2316 289 2365 veatur
315 2307 463 2379 (vehatur),
496 2314 590 2365 truens
618 2308 761 2382 (trahens),
784 2314 878 2367 scribit
900 2316 930 2367 in
984 2317 1062 2366 tete
1079 2313 1108 2364 16
1122 2309 1244 2367 declevis
1261 2315 1290 2365 et
1312 2312 1544 2383 congemescit3i
1567 2322 1592 2368 et
1613 2318 1680 2386 gin
1703 2318 1805 2388 agebat

111 2382 226 2449 harena,
241 2381 292 2435 hac
306 2378 365 2449 (ac),
380 2379 481 2447 habiit,
497 2380 698 2450 habeuntibus,
714 2382 874 2452 hedidcare,
886 2384 931 2439 his
984 2380 1106 2453 (aiebat),
1126 2381 1278 2451 qurgium,
1293 2394 1312 2437 u
1327 2385 1353 2434 et
1366 2394 1382 2436 ο
1397 2384 1427 2435 in
1444 2384 1618 2452 commotio,
1634 2399 1651 2440 u
1671 2389 1805 2442 omittitur

110 2453 164 2524 (is),
186 2450 291 2519 hovile,
311 2451 477 2507 honestatus
490 2467 497 2517 ς
512 2451 562 2506 661
582 2456 610 2507 61
626 2465 676 2508 666
692 2453 720 2508 16
745 2454 928 2511 servavimus.
985 2455 1015 2505 in
1029 2453 1163 2522 agustus.
1188 2451 1323 2506 scribitur
1344 2453 1426 2505 etium
1439 2454 1519 2507 semel
1537 2452 1627 2510 166616
1636 2471 1690 2525 pro
1705 2454 1802 2514 labris.

111 2520 699 2579 96616666666666616616616661666
713 2522 844 2597 (balbus),
864 2524 929 2581 Vari
985 2523 1037 2579 Sed
1054 2523 1152 2580 omnia
1171 2535 1204 2577 ca
1223 2520 1297 2576 haud
1317 2528 1489 2578 constanter.

267 2844 695 3025 16161611
760 2846 1037 3027 nivilla
1114 2788 1650 3028 lllllllllllll.

147 3265 170 3322 l.
193 3266 442 3340 Langobardorum
453 3261 460 3305 ¹
473 3267 586 3334 seriem,
617 3279 763 3338 egressum
784 3265 932 3336 situmque
946 3263 972 3326 C
986 3262 1046 3319 abb
1057 3267 1122 3320 ortu
1135 3262 1147 3306 9
1161 3263 1360 3333 precipueque
1372 3262 1407 3318 66
1418 3261 1573 3334 adelgisol
1590 3303 1598 3331 ,
1611 3261 1720 3334 insigni
1731 3275 1811 3334 saga·

115 3356 201 3428 regui,
226 3356 280 3412 hoc
300 3361 344 3411 est
366 3355 506 3428 originem
531 3369 639 3426 eorum,
664 3355 707 3410 vel
732 3354 876 3424 quomodo
898 3352 934 3408 de
989 3353 1074 3423 cique
1097 3352 1171 3422 viro,
1199 3351 1386 3423 hystoriolam
1412 3350 1533 3407 condere
1560 3349 1810 3422 Langobardorum

114 3442 304 3501 scandanavia
323 3444 419 3501 insula
438 3444 545 3516 egressi
566 3444 600 3500 ad
621 3443 806 3512 Pannoniam,
829 3442 933 3497 iterum
987 3441 1174 3496 Beneventum
1183 3439 1357 3511 degentium,
1367 3438 1402 3494 de
1412 3436 1810 3509 quibusquiabisdlebusnil

114 3544 129 3589 a
149 3533 295 3589 96666616
324 3532 436 3589 1161166
464 3531 733 3603 transmigraverint
758 3542 934 3603 regnumque
986 3529 1106 3601 dignum
1122 3543 1154 3584 ac
1170 3526 1314 3583 laudabile
1334 3525 1498 3597 repperitur
1517 3525 1593 3596 quod
1610 3524 1704 3581 veraci
1720 3524 1813 3581 valeat

115 3621 299 3692 susceperint,
313 3621 428 3692 Paulus,
445 3620 490 3676 vir
501 3620 582 3676 valde
594 3621 714 3691 peritus,
731 3619 933 3689 compendiosa
987 3613 1657 3686 611166666616616666666666656666,
1673 3616 1717 3668 set
1727 3610 1811 3668 exci-

114 3708 178 3765 licet
193 3708 335 3765 brevitate
349 3713 392 3764 set
409 3708 542 3779 prudenti
562 3708 725 3777 composuit
744 3706 866 3776 ratione,
881 3719 935 3760 ex·
986 3705 1079 3774 dium,
1102 3717 1158 3760 non
1178 3703 1355 3774 felicitatem,
1378 3705 1422 3759 set
1443 3701 1600 3771 miseriam,
1626 3712 1684 3756 nou
1703 3699 1813 3755 trium-

114 3799 229 3855 tendens
244 3796 453 3853 nichilominus
467 3809 484 3851 a
498 3797 648 3853 Gammara
663 3799 690 3851 et
707 3794 820 3850 duobus
834 3792 934 3849 liberis
988 3791 1099 3864 phum6
1114 3834 1121 3862 ,
1133 3797 1176 3848 set
1186 3791 1351 3862 perniciem,
1364 3803 1419 3845 uon
1433 3787 1670 3860 quemadmodum
1681 3785 1813 3857 proiece-

115 3888 172 3957 elus
186 3886 346 3958 hystoriam
367 3885 484 3940 ilalchis
504 3898 574 3954 pene
589 3899 680 3955 usque
697 3896 825 3955 regnum.
843 3884 873 3937 ln
887 3881 934 3937 bis
988 3881 1057 3951 rint,
1078 3884 1122 3935 set
1142 3880 1267 3950 qualiter
1284 3876 1487 3949 6616666169,
1502 3890 1558 3933 non
1578 3875 1719 3946 quomodo
1738 3873 1812 3929 allos

116 3980 203 4032 autem
225 3989 281 4032 non
304 3974 409 4030 trustra
431 3974 555 4029 exclusit
579 3977 647 4028 aetas
667 3972 803 4042 loquendi
819 3985 840 4042 ¹,
857 3984 934 4041 quo·
987 3968 1197 4040 superaverint,
1217 3973 1260 4022 set
1279 3967 1422 4037 quomodo
1435 3965 1563 4035 superati
1579 3964 1615 4020 ab
1636 3963 1697 4019 illis
1712 3976 1744 4018 66
1758 3961 1813 4018 de-

118 4063 187 4119 uiam
208 4063 238 4119 in
260 4064 304 4119 eis
325 4061 575 4133 Langobardorum
600 4061 690 4115 desiit
713 4072 832 4130 regnum
848 4077 856 4127 3
874 4072 934 4114 mos
987 4057 1055 4113 victi
1073 4055 1190 4125 luerint,
1204 4068 1238 4110 ex
1255 4055 1358 4110 intimo
1372 4054 1457 4110 corde
1471 4054 1580 4110 ducens
1594 4050 1652 4108 alla
1670 4049 1810 4120 suspiria,

119 4153 216 4207 etenim
233 4150 465 4223 hystoriographi
483 4149 611 4205 doctoris
629 4152 682 4217 est,
699 4147 821 4202 maxime
835 4147 934 4203 desua
987 4145 1022 4202 ad
1047 4144 1223 4216 posteritatis
1244 4141 1404 4212 exemplum
1425 4142 1572 4198 succincto
1593 4141 1661 4196 licet
1678 4144 1707 4194 et
1726 4136 1812 4194 inerti

120 4242 202 4313 stirpe
215 4241 403 4311 disputantis,
420 4253 451 4294 ea
467 4238 663 4294 tantummodo
683 4242 808 4292 retexere
823 4251 885 4306 qum
898 4236 933 4291 ad
989 4226 1810 4305 6666666666616669·1166666666166116116666616166,

122 4328 207 4387 166616
221 4330 370 4386 6666166
381 4328 523 4398 pertinere
538 4331 705 4383 noscuntur.
721 4325 827 4380 Ultimo
839 4331 934 4380 autem
990 4337 1044 4380 non
1062 4328 1171 4378 166166
1185 4334 1217 4376 ea
1230 4334 1293 4390 que
1305 4318 1408 4384 oculis,
1422 4323 1465 4373 661
1479 4316 1570 4387 magis
1583 4329 1647 4385 qua
1658 4309 1800 4369 66616669

122 4417 333 4490 6666166696
349 4416 549 4487 compluribus
572 4429 624 4487 ego
646 4415 832 4483 Erchempert
851 4413 933 4484 quasi
991 4411 1085 4482 hausi,
1109 4422 1224 4466 narrare
1246 4422 1290 4464 me
1310 4405 1411 4478 lateor,
1434 4404 1552 4461 imitans
1572 4417 1606 4459 ex
1626 4406 1704 4472 parte
1725 4400 1814 4455 dum-

792 4535 916 4591 VARLAE
937 4531 1131 4589 amatorias

152 4639 425 4713 ¹Longobardorum
441 4639 602 4711 plerumque
621 4636 712 4692 codem
755 4633 850 4687 9666.
868 4629 975 4688 sumi
1015 4629 1123 4687 ³abort
1139 4647 1146 4683 ε
1164 4648 1170 4684 :
1188 4647 1195 4683 :
1214 4647 1221 4682 ι
1238 4644 1261 4683 6.
1277 4625 1471 4684 6666116666.
1489 4624 1525 4681 66
1540 4623 1650 4681 ortuli.
1692 4618 1815 4693 lhlgel·

125 4707 212 4779 yisoc.
256 4712 417 4784 ⁵rcgenum
440 4728 486 4767 :c.
529 4704 810 4779 btriumphumcod.
853 4702 1076 4760 ldelerintcod.
1119 4699 1330 4756 9661666666.
1372 4697 1499 4753 9aribus
1513 4712 1581 4751 6666.
1597 4692 1720 4751 auribus
1734 4709 1758 4746 6.

909 4818 1020 4877 NOTAE.

152 4917 206 4974 ⁸id
220 4920 273 4985 est,
291 4930 347 4973 non
367 4917 430 4973 sine
442 4929 528 4973 cansa
546 4917 615 4970 aetas
634 4913 765 4982 provecta
784 4907 936 4966 Pauluma
992 4906 1068 4963 hand
1084 4904 1175 4961 video.
1188 4899 1346 4958 vulturaria
1360 4898 1472 4955 ratione
1483 4873 1653 4967 explicanda
1667 4895 1754 4962 sunt3
1769 4891 1816 4947 lir-

127 4982 238 5045 1616666
259 4988 386 5044 111616616
406 4987 563 5057 prohibuit.
991 4976 1173 5033 chembertus
1184 4946 1324 5030 dicitsea
1338 4968 1537 5040 compluribus
1548 4966 1728 5037 compulsum
1741 4975 1815 5087 6666,

154 5056 329 5130 bSequentia
353 5060 521 5129 interpretes
541 5059 689 5113 vexarunt.
716 5054 784 5108 Pere
806 5051 888 5107 rinus
910 5053 938 5106 et
993 5055 1026 5105 nt
1041 5048 1195 5103 historiam
1220 5045 1276 5099 Lan
1296 5042 1467 5098 obardorum
1491 5039 1520 5094 in
1539 5039 1646 5094 ducatu
1665 5037 1789 5091 Beneuen

127 5125 253 5187 Pratillus
264 5131 442 5202 intelligunt,
453 5129 684 5186 Erchembertum
695 5124 731 5181 ab
743 5145 756 5176 6
770 5068 937 5194 Αῆ66161666
993 5119 1157 5201 degentium
1180 5117 1246 5199 inde
1266 5060 1302 5197 aff)
1319 5119 1385 5169 6616
1398 5111 1597 5237 principatus,
1608 5106 1817 5191 ‘praecipueque

129 5197 310 5273 langobardo,
336 5216 418 5271 quem
444 5202 573 5257 eumdem
598 5198 719 5256 fortasse
743 5196 792 5264 qui
818 5207 879 5263 cap.
905 5191 941 5247 68
994 5190 1030 5245 ab
1043 5190 1176 5270 adelgiso
1192 5199 1339 5269 principe,
1349 5197 1409 5266 sorr
1428 5188 1496 5238 eret.
1512 5181 1598 5264 6666ι
1608 5184 1647 5233 lta
1659 5189 1731 5242 esse,
1744 5185 1817 5256 opus

128 5275 243 5328 occurrit
263 5272 354 5329 luisse
371 5272 501 5343 credunt,
522 5270 677 5327 excitatum
696 5265 848 5322 historiam
864 5264 943 5319 scri-
997 5261 1005 5316 i
1029 5261 1233 5327 6661611661,
1251 5246 1487 5324 rncrprtemmab
1501 5248 1701 5331 hrrchrsduce
1710 5252 1738 5300 61
1752 5242 1817 5298 rude

130 5341 226 5416 1161666,
240 5344 288 5401 sed
303 5350 372 5401 tuuc
382 5342 451 5415 quid
465 5356 548 5399 voces
560 5341 641 5411 66661
654 5340 689 5394 66
701 5341 763 5393 6616
778 5335 942 5407 signitlcent
996 5276 1032 5386 az
1050 5330 1186 5401 adelgiso
1206 5327 1341 5397 ampliori
1362 5336 1491 5382 sermone
1511 5319 1647 5392 procedit.

335 5451 453 5507 Parnon.
473 5446 600 5507 cxxix.
1677 5417 1713 5474 94
