3876 6090
58 258 111 316 ⁴65
443 265 715 323 INTERPRETATIO
732 266 857 322 SYNODl
875 264 935 320 lllll
952 264 1153 324 cumeanus.
1173 270 1328 328 -ncr10
1346 272 1383 327 Χ.
1715 266 1766 332 466

56 384 162 441 Christi
191 385 309 444 duabus
335 389 449 445 naturis
475 394 681 461 consequenter
703 390 788 446 etiam
817 391 889 446 duas
902 384 932 447 A
946 392 1125 461 phantasiam
1139 401 1166 450 et
1178 396 1402 465 putativeiactos
1411 399 1564 466 exstiterit,
1577 414 1626 470 per
1635 400 1767 458 abolitio

56 473 237 542 operationes
245 489 279 531 ac
290 477 411 533 totidem
422 477 734 548 volontatessapieuter
743 493 890 535 assevera-
945 493 1007 535 nem
1027 482 1139 538 scilicet
1159 484 1295 555 imaginis
1315 485 1423 541 Christi
1443 492 1471 542 et
1487 487 1643 543 salvatoris
1662 491 1763 559 nostri,

54 562 101 617 cit
133 563 732 635 anathematizamusautemTheodorum,
754 568 803 639 qui
833 567 890 623 luit
944 569 1031 625 simul
1044 570 1129 625 etiam
1142 572 1260 628 sublatae
1274 572 1370 630 lormae
1383 589 1446 631 cum
1459 589 1500 643 ea,
1515 576 1671 630 verissimae
1684 577 1767 633 illius

54 651 206 722 episcopus
221 653 346 722 Pharan,
365 656 542 728 etSergium,
558 663 586 713 et
601 657 749 729 Pyrrhum,
766 661 794 738 et
813 657 890 712 Pau·
944 662 973 711 et
989 657 1103 716 uertere
1122 662 1233 717 carnis:
1252 662 1355 718 hilario
1369 664 1474 734 quippe
1494 664 1670 736 intelligitur
1683 679 1766 720 omne

54 739 123 810 lum,
134 754 168 796 ac
183 742 312 812 Petrum,
326 745 433 815 impios
448 744 891 816 praesulesConstantinopolita-
944 747 1018 816 qnod
1049 762 1226 819 nequaquam
1262 751 1385 823 imagine
1413 753 1681 822 comprehenditur,
1716 758 1767 808 aut

54 843 154 885 norum
172 830 321 903 Ecclesiae,
342 838 428 904 atque
442 849 506 891 cum
520 836 563 892 eis
581 836 887 903 honorium·liomae,
943 833 1021 888 velut
1047 849 1098 891 nos
1131 838 1267 908 existens,
1298 845 1348 894 aut
1377 840 1454 896 velut
1482 841 1608 896 existens
1639 841 1765 910 quidem,

54 929 106 972 una
130 932 201 974 cum
224 920 299 990 Cyro
322 921 511 994 Alexandria,
534 939 642 981 necnon
673 930 702 980 et
733 925 888 981 biaoariam
943 921 991 977 sed
1019 922 1137 980 minime
1163 927 1429 999 comprehensibile,
1446 934 1554 998 utpote
1569 928 1717 983 invisibile
1740 933 1769 983 et

53 1004 226 1079 Antiochia,
241 1020 274 1064 ac
286 1009 464 1081 discipulum
477 1014 539 1083 ejus
550 1014 736 1084 Stephanum,
752 1014 801 1085 qui
816 1012 889 1069 male
944 1010 1119 1067 obstrusum.
1148 1014 1177 1069 Si
1208 1016 1274 1086 quis
1304 1013 1394 1086 igitur
1423 1017 1524 1073 horum
1552 1017 1664 1087 aliquid
1694 1015 1767 1073 torte

53 1095 204 1165 opinionis
216 1098 404 1173 apollinarii,
420 1109 448 1158 et
465 1104 640 1176 Eutychetis,
664 1120 696 1162 ac
717 1105 821 1176 Severi,
839 1105 889 1160 im.
943 1113 1030 1168 snper
1050 1100 1164 1157 Christo
1186 1104 1314 1159 omnium
1340 1110 1469 1161 nostrum
1493 1107 1549 1161 Deo
1572 1112 1600 1161 et
1623 1106 1767 1162 Salvatore

55 1183 166 1253 piorum
198 1185 456 1247 haeresiarchamm
481 1193 613 1265 dogmata
646 1200 794 1266 sectantes,
825 1194 888 1249 sine
943 1187 1132 1259 perhibuerit,
1165 1190 1272 1261 impius
1306 1193 1419 1263 liquido
1446 1194 1650 1264 declarabitur,
1680 1207 1768 1264 quan-

56 1272 221 1343 operatione
236 1288 270 1330 ac
285 1277 349 1333 sine
362 1279 507 1336 voluntate
521 1281 676 1338 animatam
691 1284 787 1338 anima
802 1283 889 1338 ratio-
941 1275 1096 1347 doquidem
1121 1293 1209 1334 uuum
1231 1280 1332 1336 horum
1353 1296 1408 1337 nou
1432 1281 1522 1338 tuisse
1541 1281 1647 1339 tactum
1669 1297 1768 1339 secun·

58 1360 144 1417 rabili
157 1368 189 1418 ec
205 1363 429 1423 instructorum
444 1369 493 1425 oet
509 1384 632 1441 carnem,
649 1373 783 1427 sensibus
799 1371 885 1441 rests,
941 1365 1011 1419 elem
1054 1366 1199 1422 veritatem
1244 1369 1388 1425 hominem
1426 1371 1591 1427 Emmanuel
1630 1371 1765 1440 ostendit,

57 1452 81 1502 et
94 1463 193 1507 revera
209 1452 274 1509 sine
289 1455 410 1528 ratione,
426 1459 659 1526 predicaverunt,
675 1461 704 1515 sn
720 1461 796 1516 nnnn
813 1462 888 1518 pens
941 1452 1062 1509 alterum
1087 1469 1153 1512 vero
1177 1456 1283 1513 lactum
1308 1459 1422 1528 quidem
1448 1458 1537 1516 luisse
1561 1461 1608 1516 sed
1632 1459 1767 1516 humanis

59 1536 198 1606 perlectus
214 1546 245 1597 et
261 1542 345 1600 homo
361 1543 503 1615 perlectus
518 1562 594 1603 unus
609 1547 684 1604 idem
705 1550 838 1605 Christus
859 1552 888 1605 et
943 1543 1168 1612 proprietatibus
1187 1547 1324 1617 caruisse,
1345 1553 1374 1603 et
1392 1555 1567 1618 assumptam
1587 1562 1700 1604 carnem
1721 1549 1768 1604 de-

58 1625 124 1682 boos
137 1629 268 1702 exstitit,
277 1632 472 1691 certissimum
482 1639 535 1707 est,
547 1637 622 1706 quod
635 1636 715 1693 nulla
729 1639 885 1694 secundum
943 1636 1084 1701 posuisse,
1099 1634 1133 1688 ad
1149 1634 1276 1691 divinam
1291 1642 1377 1707 atque
1393 1637 1766 1708 incomprehensibilitatem

60 1720 160 1782 partem
176 1723 360 1793 naturarum,
378 1737 440 1793 quae
459 1729 527 1779 sunt
541 1725 578 1797 ei,
604 1725 668 1781 sinc
682 1726 828 1782 voluntate
844 1726 886 1782 vel
901 1703 928 1764 Β
943 1734 992 1791 per
1007 1722 1102 1778 omnia
1119 1737 1266 1781 recursum
1282 1725 1383 1781 iecisse
1397 1727 1591 1782 demonstrat:
1609 1726 1683 1797 quod
1700 1726 1769 1782 alie

59 1803 114 1858 sine
130 1807 302 1875 operatione
320 1811 468 1881 consistat,
488 1814 535 1869 sed
560 1815 716 1873 secundum
738 1820 888 1885 utramque
943 1824 1010 1865 num
1024 1817 1067 1866 cst
1076 1811 1111 1866 ab
1124 1813 1258 1870 omnibus
1270 1815 1412 1870 divinitus
1425 1815 1576 1885 inspiratis
1588 1815 1765 1884 scripturis:

60 1890 249 1950 substantiam
272 1897 371 1954 volens
385 1905 413 1954 et
429 1913 550 1970 operans
570 1903 811 1958 consummaverit
824 1915 888 1958 ma-
943 1914 1005 1969 quae
1021 1901 1106 1955 etiam
1124 1902 1226 1957 iterum
1242 1916 1307 1959 cum
1328 1910 1478 1960 venturum
1491 1905 1619 1973 jndicem
1638 1903 1766 1960 omnium

61 1993 141 2051 gnum
155 1982 391 2053 dispensationis
409 1991 585 2063 mysterium,
606 1991 844 2062 quemadmodum
860 2005 889 2064 ey
944 2002 1061 2056 prorsus
1076 1987 1230 2062 alllrmant,
1247 1992 1440 2064 similiterque
1453 1993 1619 2063 videndum,
1635 1991 1770 2063 quemad·

59 2070 183 2126 omnium
199 2072 403 2145 deiloquorum
415 2077 530 2150 chorus,
543 2080 578 2134 ab
593 2081 733 2150 apostolis
746 2094 837 2152 usque
852 2081 885 2137 ad
944 2076 1058 2132 modum
1071 2079 1151 2134 visus
1160 2086 1203 2134 est
1212 2080 1403 2150 discipuliset
1413 2082 1623 2151 apostolissuis
1634 2082 1669 2136 ad
1680 2081 1767 2137 coelos

58 2169 112 2223 nos,
127 2158 184 2215 boc
200 2161 363 2220 certissime
378 2167 481 2236 sciens,
492 2168 577 2223 etiam
592 2169 744 2240 imaginem
757 2170 888 2226 humanae
942 2171 1118 2234 assumptus.
1134 2167 1207 2222 lllud
1221 2174 1315 2224 autem
1329 2169 1512 2224 manichaeica
1525 2170 1661 2238 opinione
1671 2182 1703 2224 ac
1717 2169 1767 2224 im-

58 2244 133 2302 illius
146 2246 250 2304 formae
264 2251 432 2325 depingens,
452 2256 563 2328 erexit3
585 2257 752 2327 impendens
771 2256 888 2327 utrique
944 2253 1048 2323 pietate
1065 2255 1180 2324 plenum
1194 2262 1247 2325 est,
1263 2271 1320 2327 quo
1336 2258 1478 2313 insensate
1493 2257 1612 2329 dicitur,
1627 2258 1662 2313 de
1677 2271 1710 2313 co
1726 2256 1768 2311 di-

57 2335 124 2402 parti
137 2338 231 2394 nnius
242 2339 351 2398 Christi
362 2344 515 2402 distinctas
531 2345 651 2402 invicem
668 2347 814 2404 naturales
825 2359 887 2417 pro·
943 2342 1002 2397 vini
1017 2344 1104 2399 David
1124 2345 1271 2416 eloquium
1294 2347 1509 2416 pronuntiatum
1527 2345 1626 2416 luisse,
1643 2353 1671 2403 et
1691 2345 1766 2416 quod

58 2425 207 2491 prietates:
234 2442 285 2498 per
298 2445 370 2501 quas
385 2435 483 2504 procul
501 2435 590 2493 dubio
606 2436 842 2507 significationes,
859 2440 888 2492 et
944 2432 1093 2500 perhibet:
1115 2435 1147 2487 lo
1170 2435 1225 2487 sole
1244 2437 1336 2504 posuit
1357 2436 1563 2488 tubernaculum
1583 2451 1663 2488 suum
1682 2434 1765 2502 (Psot.

58 2512 187 2571 notiones
201 2516 310 2574 divinae
326 2521 419 2590 ipsius
433 2528 461 2579 ct
476 2525 607 2581 humanae
617 2531 726 2581 naturae
738 2524 888 2582 inconfuse
942 2520 1044 2592 xvvrr);
1060 2535 1124 2577 cum
1146 2522 1278 2578 videlicet
1301 2524 1358 2578 haec
1381 2524 1514 2592 impietas
1533 2523 1719 2593 abjectionem
1735 2535 1769 2577 ac

58 2614 221 2668 temnere
232 2607 405 2680 credentum
418 2612 746 2684 sicutetiamseptimam
758 2619 885 2671 sanctam
943 2608 1151 2678 depositionem
1170 2611 1328 2683 significari
1349 2612 1440 2682 perid
1462 2612 1605 2667 Dominici
1621 2625 1653 2666 ac
1669 2610 1768 2666 Deillci

57 2693 81 2743 rt
93 2691 300 2768 universalem,
318 2698 349 2754 in
364 2700 458 2757 Nicaea
470 2703 594 2759 secundo
609 2702 789 2772 celebratam,
809 2716 889 2773 syno
944 2699 1074 2768 corporis
1089 2699 1241 2768 opinetur:
1259 2702 1307 2757 sed
1323 2701 1446 2757 Verbum
1462 2701 1592 2756 veritatis
1612 2702 1689 2756 etde
1705 2701 1771 2771 phe

57 2777 120 2833 dum
148 2782 312 2842 orthodoxe
340 2789 534 2861 dogmatzasse
571 2794 713 2863 norimuS,
746 2807 834 2848 unum
860 2797 888 2848 ot
945 2788 1767 2861 ronymomaneteeetdesingulisquicuneosaptont,

58 2867 185 2927 eamdem
202 2873 350 2931 cnntntnnn
368 2880 561 2937 othoninum
577 2881 753 2937 qnnnsynnnnn
775 2887 804 2937 nn
821 2880 888 2938 nisi.
943 2878 971 2927 et
991 2875 1212 2931 iconomachicae
1231 2883 1299 2933 sunt
1317 2884 1449 2933 auctores
1471 2878 1619 2946 hereseos,
1635 2882 1721 2947 atque
1735 2876 1770 2932 de

59 2953 139 3012 bilem
156 2959 316 3030 professam
337 2971 366 3021 nt
380 2967 697 3038 incomprehensibilem
716 2975 889 3039 nnnnnnpnn.
943 2960 1012 3015 aliis
1030 2962 1164 3020 omnibus
1191 2964 1390 3021 haeresiarchis
1413 2979 1446 3021 ao
1470 2965 1570 3036 impiis
1595 2964 1770 3021 fiducialiter

61 3040 569 3126 hensibilem,etincircumscriptum
582 3063 610 3114 et
624 3058 886 3130 circumscriptum,
904 3024 928 3087 C
943 3049 1003 3105 ait:
1020 3053 1080 3107 Non
1103 3059 1297 3123 cognorerunt
1316 3067 1407 3124 neque
1432 3053 1644 3122 intellexerunt,
1666 3053 1714 3107 sed
1739 3051 1770 3107 in

61 3130 269 3202 impassibilem
282 3142 367 3199 etiam
380 3150 409 3200 et
421 3146 597 3215 passibilem,
615 3152 701 3218 atque
713 3147 889 3217 inscriptibi-
944 3139 1070 3195 tenebris
1084 3140 1311 3198 ambulaverunt.
1328 3143 1449 3212 Etenim,
1466 3156 1483 3198 o
1499 3142 1548 3213 qui
1564 3141 1770 3211 derelinquitis

61 3218 111 3275 nnn
128 3221 182 3280 ben
198 3228 400 3300 nnnquqqgm,
413 3234 466 3291 quq
484 3235 660 3292 concordans
672 3242 701 3291 ny
718 3240 814 3291 snnnnn
828 3235 887 3291 nnn
942 3228 1004 3283 vias
1020 3234 1120 3296 rectas,
1137 3235 1165 3285 et
1179 3230 1334 3287 ambulatis
1350 3232 1379 3286 in
1396 3231 1452 3286 viis
1468 3231 1668 3286 tenebrarum:
1687 3243 1703 3285 o
1719 3228 1769 3299 qui

59 3319 87 3369 et
105 3316 284 3375 universalis
308 3323 434 3392 synodus
455 3336 555 3395 nnagnn
577 3338 644 3379 vnce
667 3324 888 3380 anathematizat
943 3315 1081 3371 laetamini
1099 3318 1128 3372 in
1145 3319 1238 3387 malis,
1255 3325 1283 3374 et
1301 3319 1438 3375 exultatis
1460 3320 1489 3375 in
1510 3320 1655 3375 eversione
1676 3318 1767 3373 mala:

60 3408 260 3481 Anastasium,
279 3409 509 3482 Constantinum,
527 3417 555 3468 et
575 3413 714 3484 Nicetam,
737 3413 888 3470 irmtiona·
943 3418 1065 3473 quorum
1078 3406 1186 3460 Sssffillae
1200 3421 1290 3475 llravae
1303 3412 1381 3476 sunl,
1395 3411 1422 3462 θῑ
1435 3407 1514 3462 curli
1530 3420 1645 3478 tllffifflls
1658 3419 1768 3474 0⁰l¹¹mr

63 3501 113 3557 lem
126 3498 319 3556 stercoralisc
335 3499 461 3556 nominis
474 3501 680 3573 praesultatum,
694 3501 737 3557 vel
754 3501 828 3573 quod
844 3505 888 3557 est
943 3496 976 3547 ut
996 3493 1077 3565 longe
1097 3492 1203 3549 iaciant
1217 3508 1232 3549 a
1248 3495 1293 3549 via
1314 3499 1400 3566 recta,
1421 3501 1449 3550 et
1463 3496 1572 3550 alienos
1587 3495 1694 3564 ajusto
1710 3506 1771 3548 sen·

62 3590 151 3663 magis
162 3587 322 3644 dicendum
334 3588 524 3658 putredinem,
537 3604 646 3646 necnon
659 3595 687 3646 et
696 3591 887 3647 Theodosium
943 3582 1041 3636 tentia.
1064 3584 1098 3637 Et
1119 3598 1236 3639 rursus:
1259 3583 1314 3652 Qui
1334 3598 1350 3639 a
1365 3589 1446 3638 rento
1461 3588 1595 3652 corrupta
1616 3581 1771 3637 seminave-

62 3679 229 3750 nnuoexum.
247 3676 449 3733 essenorum
470 3678 616 3749 pascuam,
632 3684 660 3734 et
676 3679 813 3735 morum
828 3679 889 3734 rn-
943 3676 1020 3738 nuno,
1035 3675 1062 3725 et
1076 3671 1186 3726 eversio
1200 3685 1298 3727 eorem
1314 3672 1426 3741 excepit
1440 3685 1500 3727 ean
1516 3669 1665 3744 (oscen).
1677 3673 1711 3726 Et
1722 3670 1773 3725 roc

61 3767 208 3835 cambum,
221 3766 293 3836 quin
307 3765 404 3835 potius
414 3771 442 3821 et
451 3767 887 3839 theodoretumethntonium,
944 3772 1026 3814 rum:
1050 3759 1104 3827 Qui
1128 3760 1267 3816 innititur
1288 3761 1455 3832 mendaciis,
1480 3761 1527 3816 hic
1554 3764 1649 3830 pascet
1672 3763 1772 3816 ventos

62 3861 145 3928 atque
159 3857 300 3910 loannem
320 3855 462 3925 quondam
484 3857 619 3925 presules
635 3871 712 3912 novae
727 3858 831 3927 home,
849 3871 889 3912 re
944 3844 1030 3915 (Proo.
1048 3849 1085 3919 ll·
1105 3849 1180 3903 ldem
1198 3853 1292 3904 «leiim
1311 3849 1372 3918 ipse
1390 3852 1576 3920 leiselusslssl
1595 3862 1660 3904 iles
1677 3848 1771 3903 rolan-

64 3942 503 4017 giccixitatisChristianorum,
514 3944 571 4001 imo
581 3945 690 4001 Christi
702 3945 888 4002 calumniato
944 3936 1185 4007 tesidetelisstlllil
1200 3937 1275 3992 enlm
1289 3938 1350 3994 vies
1363 3937 1451 3993 lineet
1466 3953 1534 4008 stlte,
1546 3938 1575 3993 in
1588 3937 1664 3993 axiis
1678 3941 1773 3992 eutem

65 4047 124 4088 ros:
147 4045 236 4104 quem
256 4031 391 4087 videlicet
405 4045 584 4104 nequaquam
603 4034 728 4090 valuisse
745 4034 888 4090 idolorum
944 4026 1005 4097 agri
1024 4026 1069 4082 sui
1088 4032 1179 4082 errat:
1199 4025 1363 4082 deambulat
1379 4027 1455 4081 enim
1475 4040 1523 4096 per
1543 4027 1714 4098 inaquosum
1726 4026 1774 4082 de·

65 4121 257 4178 exterminare
272 4123 393 4191 smtuas,
409 4126 442 4177 ut
455 4122 490 4176 de
508 4134 541 4177 eo
557 4123 756 4192 pronuntiavit
772 4123 890 4193 prophe
947 4121 1064 4185 sertum,
1078 4122 1106 4171 et
1119 4121 1221 4171 terram
1234 4122 1379 4172 extensam
1394 4117 1423 4171 in
1436 4117 1498 4186 siti,
1512 4122 1664 4188 congregat
1676 4121 1770 4172 autem

66 4215 157 4267 tarum
169 4208 330 4281 catalogus,
346 4208 482 4280 operibus
496 4215 524 4266 et
536 4210 631 4267 verbis
646 4211 890 4281 predicaverunt:
948 4208 977 4262 in
992 4205 1124 4262 manibus
1137 4205 1198 4261 suis
1211 4205 1410 4260 sterilitatem:
1431 4212 1545 4276 propter
1558 4206 1632 4275 quod
1652 4205 1704 4262 hos
1716 4219 1773 4261 om·

67 4299 156 4356 adhuo
168 4297 497 4366 etiametTheodorom,
509 4299 668 4370 quidictus
679 4304 722 4355 est
731 4299 891 4369 crithinus,
948 4310 999 4351 nes
1023 4295 1193 4351 transmittit
1216 4295 1401 4365 anathemati,
1423 4301 1451 4350 et
1473 4295 1669 4352 dinumeratas
1690 4295 1773 4352 nobis

68 4402 146 4458 quem
156 4389 188 4442 et
199 4387 260 4442 haeo
270 4391 367 4442 sancta
382 4391 410 4442 et
425 4400 525 4459 magna
536 4389 662 4458 synodus
678 4402 846 4460 convocans,
867 4394 895 4444 et
908 4346 936 4408 D
949 4390 1062 4441 sanctas
1079 4392 1106 4440 et
1120 4384 1295 4441 universales
1311 4390 1417 4454 septem
1434 4386 1558 4454 synodos
1574 4385 1726 4455 recipiens,
1745 4391 1773 4441 et

69 4476 252 4548 redarguens,
274 4488 375 4546 magna
394 4489 460 4531 voce
482 4476 632 4532 anathema
657 4476 751 4547 ipsius
772 4477 894 4533 auribus
950 4474 1022 4530 hanc
1035 4478 1160 4528 octavam
1175 4474 1362 4529 universalem
1376 4473 1515 4549 synodum
1528 4473 1710 4545 congregarit
1724 4488 1773 4543 per

70 4563 186 4621 intulit:
211 4562 304 4619 simili
328 4576 441 4634 quoque
464 4565 549 4620 modo
570 4564 846 4621 anathematizamus
867 4571 895 4621 et
950 4564 1070 4637 gratiam
1090 4563 1296 4632 omnipotentis
1313 4561 1421 4617 Christi
1438 4567 1467 4618 et
1482 4563 1532 4617 Dei
1552 4563 1653 4634 nostri,
1671 4567 1699 4617 et
1717 4562 1775 4632 pie

69 4666 164 4709 omnes
185 4657 392 4709 consentaneos
412 4657 441 4708 et
460 4651 586 4710 lautores
610 4667 720 4725 eorum,
746 4669 762 4710 a
789 4654 895 4725 quibus
950 4651 1773 4722 tatemacstudiumtranquillissimietdivinitusroborati

68 4740 219 4798 dioebatur
245 4740 321 4812 quod
351 4753 443 4798 sermo
472 4740 579 4797 dirinae
608 4742 819 4799 incarnationis
846 4757 895 4814 per
950 4741 1132 4812 imperatoris
1146 4741 1247 4811 nostri,
1261 4739 1295 4795 ad
1309 4740 1497 4796 excidendum
1511 4741 1774 4812 ctdisperdendum

100 4862 111 4889 ¹
131 4847 281 4904 Maximus
301 4847 413 4920 egregie
426 4848 584 4905 llonorium
600 4862 700 4919 papam
716 4848 844 4906 defendit
864 4849 894 4906 in
949 4847 1334 4922 quodsrriptibile,sicutrle
1346 4848 1440 4904 anima
1455 4848 1775 4907 hominisetsimilibus

70 4918 142 4976 dialo
191 4931 259 4975 cnm
270 4919 389 4990 Pyrrho,
399 4924 431 4976 ut
442 4919 551 4976 dictum
562 4925 606 4976 est
616 4936 679 4991 sup.
693 4921 721 4977 in
735 4936 762 4976 vr
774 4922 892 4993 synodo,
949 4920 1128 4977 sentiendum
1141 4925 1193 4974 est,
1209 4921 1284 4973 Eorn.
1299 4920 1368 4974 llou.

71 4996 111 5046 act
126 4934 181 5048 lg?
983 5006 994 5033 e
1007 4992 1175 5046 stercoralis.
1190 4990 1358 5046 stercoralis
1372 4991 1498 5047 nominis
1512 4991 1696 5060 presulatum
1710 4993 1775 5049 ideo

100 5060 359 5133 ermanaricum.
385 5061 473 5118 Omne
496 5063 766 5133 incircumspectum
789 5068 817 5119 et
839 5064 895 5120 ins
948 5064 1073 5134 appellat
1087 5062 1137 5118 hos
1151 5076 1222 5132 quos
1244 5062 1411 5131 nominavit,
1431 5063 1576 5133 quiscum
1595 5070 1689 5118 essent
1705 5064 1776 5120 Con·

72 5133 214 5204 eriptibile
228 5137 273 5189 est
284 5150 293 5203 3
306 5133 382 5188 Deus
396 5134 470 5188 enim
486 5134 755 5204 incircumscriptus
768 5136 895 5190 existens
949 5135 1069 5190 stantini
1085 5133 1277 5204 imperatoris,
1292 5133 1341 5202 qui
1355 5133 1504 5189 dicebatur
1516 5134 1694 5205 Caballinxm,
1708 5140 1776 5191 tem-

74 5216 115 5260 nec
128 5205 295 5263 scribitur:
313 5211 477 5260 nouantem
496 5218 578 5260 omne
594 5206 788 5276 inscriptibile
808 5206 894 5261 etiam
949 5221 1017 5277 pore
1033 5204 1319 5275 Constantinopoleos
1340 5205 1485 5276 presules,
1501 5205 1599 5260 haeresi
1618 5207 1681 5275 eius
1701 5204 1775 5261 lavo

76 5272 894 5346 incircumscriptumnamanimahomioisinscriptibilis
950 5291 1008 5333 rem
1023 5277 1144 5346 pessime
1157 5275 1383 5331 commodabant.
1400 5278 1476 5331 Ehlr.
1495 5277 1564 5331 lton.

76 5347 199 5412 uistens,
218 5360 279 5404 non
300 5350 345 5402 est
360 5345 627 5417 incircumscripta:
645 5352 673 5403 et
687 5356 795 5416 contra,
812 5362 895 5404 omne
984 5350 1104 5405 dllanes
1121 5345 1207 5418 iuria,
1229 5361 1285 5419 quo
1302 5348 1451 5402 Manichaei
1471 5348 1606 5418 appellati
1625 5352 1704 5417 sunt,
1724 5347 1773 5418 qm

78 5417 654 5491 scriptibileetiamcircumscriptumest:
667 5418 808 5490 quidquid
817 5419 893 5475 enim
950 5424 1024 5476 recte
1044 5421 1236 5490 pheronymus
1257 5421 1353 5475 Graece
1371 5419 1490 5487 dicitur,
1513 5419 1581 5489 quia
1603 5431 1698 5473 secum
1720 5416 1773 5472 tert

79 5500 116 5554 ier
130 5493 247 5550 colores
261 5488 417 5555 scribitur,
433 5494 461 5544 et
480 5488 541 5545 loco
558 5490 680 5545 multum
695 5494 760 5546 ante
774 5491 895 5547 circum·
950 5505 1051 5548 nomen
1069 5490 1205 5547 insaniae:
1230 5504 1326 5546 manes
1345 5490 1421 5545 enim
1444 5490 1564 5546 insanus
1586 5487 1772 5560 intelligitur,
1794 5538 1802 5549 ,

10 5562 12 5575 '
81 5561 185 5633 ciprum
216 5568 283 5621 est:
315 5572 376 5617 noa
398 5572 466 5632 erqo
490 5560 741 5632 circumscriptum
771 5561 824 5619 hoc
851 5567 895 5618 est
