3876 6090
109 211 181 275 tart
407 235 411 239 ·
570 287 574 295 ,
781 214 882 277 smmi
899 215 945 274 ors
964 213 1137 275 murum.
1739 210 1813 275 ima

109 337 226 424 Vigiptt
250 341 346 395 autem
368 340 397 394 et
416 351 514 422 novem
533 337 621 424 semis
637 340 701 399 dies
720 341 818 400 lunam
838 341 982 403 habereA
997 342 1066 400 tatis
1089 342 1178 469 hupus
1203 341 1360 401 ministerii
1376 357 1567 418 recognosces.
1592 345 1699 402 Lunam
1719 348 1815 402 autem

114 410 301 493 manifestum
322 412 390 492 est,
417 425 446 465 ui
466 409 609 480 duplicati
624 411 754 470 efficiunt
766 410 811 475 59.
835 415 942 486 quibus
1017 428 1061 472 iia
1079 413 1115 470 ab
1152 415 1177 471 is
1191 414 1303 472 dicitur
1317 414 1343 484 3,
1361 415 1502 487 hodieque
1516 429 1533 472 a
1545 415 1652 473 iudaeis
1666 421 1694 472 et
1708 416 1816 473 Grecis

111 497 170 568 una
187 483 252 539 dies
268 486 370 563 prater
383 424 450 537 iilos
463 481 537 564 duos
552 480 689 568 semisses·
697 485 846 570 adiicitur,
862 491 895 542 ut
907 482 942 543 60
996 431 1107 542 344400
1122 482 1147 555 4,
1163 491 1190 542 et
1207 487 1309 543 merito
1323 487 1437 544 videtur
1451 486 1485 542 ad
1503 500 1657 558 vesperam,
1673 486 1741 557 quia
1757 488 1816 558 jani

111 554 268 635 videantur
282 551 411 623 implere,
423 550 584 636 etedicitpr
595 554 707 612 lunaris
720 555 868 639 legitimus
880 555 943 613 sal-
996 563 1025 613 et
1037 557 1156 614 semisse
1171 555 1273 614 habere
1290 558 1325 614 de
1340 555 1385 623 30,
1401 563 1430 612 et
1444 571 1507 627 quae
1521 572 1601 630 aque
1616 555 1628 613 4
1635 595 1643 612 .
1658 559 1726 614 Item
1742 558 1816 614 ratio

112 631 171 691 tus,
190 629 223 681 ut
244 638 269 680 si
290 623 464 680 verbotenus
484 621 575 681 luerit
595 625 664 682 luna
685 624 703 684 5
723 626 783 684 alia
803 627 862 698 die,
884 640 941 684 non
996 628 1079 688 solis.
1092 629 1134 685 vel
1151 628 1227 685 lunae
1242 644 1355 699 cursus,
1372 633 1458 698 atque
1472 626 1604 685 bissexti.
1619 627 1720 685 hunus
1733 628 1817 685 habet

110 697 229 754 dicatur
243 693 270 777 6,
287 695 335 751 sed
353 690 380 750 i.
402 695 487 776 Lunae
505 709 572 753 vero
586 695 621 754 30
634 697 818 756 medietatem
837 697 941 755 habere
996 699 1059 756 dies
1072 697 1126 756 366
1138 713 1248 756 menses
1264 697 1308 771 40,
1324 704 1450 770 tempora
1466 694 1500 753 i:
1517 712 1576 764 ver,
1591 705 1684 772 aestas,
1697 703 1817 755 autum-

111 769 284 852 miuuentis,
307 771 336 822 et
361 766 541 822 medietatem
563 769 720 825 crescentis
743 770 856 839 exinde,
878 783 941 840 quae
997 783 1076 840 nuni,
1099 776 1128 826 et
1143 770 1244 840 hiems,
1261 779 1289 827 et
1311 784 1360 842 per
1381 777 1506 842 quatuor
1530 773 1584 827 tem
1606 783 1656 827 ora
1676 771 1733 827 duo
1749 775 1817 826 sunt

109 841 223 897 dicitur
246 835 291 897 30.
313 850 376 962 ipae
398 840 426 919 et
449 834 474 920 l,
495 837 673 895 calculorum
695 840 795 897 nullus
815 841 938 913 ignorat.
996 841 1181 914 aequinoctia,
1204 847 1233 898 et
1253 843 1312 899 duo
1336 841 1472 899 solstitia.
1497 855 1527 897 ix
1551 784 1613 897 Kal).
1636 840 1703 910 hpr.
1726 853 1815 897 unum

109 909 189 966 Talis
203 920 272 979 ergo
285 908 320 995 ‘¹9
341 913 369 963 et
377 907 475 990 ,videri
488 905 534 979 09,
543 910 643 992 'qualis
659 925 709 981 pro
725 911 820 981 pridie
835 911 936 983 prima.
996 912 1212 983 aequinoctium,
1226 918 1314 969 etvini
1331 912 1393 969 Kal.
1406 912 1462 969 tul.
1478 911 1507 968 4ιι
1521 912 1615 976 natale
1628 911 1719 967 sancti
1729 911 1817 966 toan-

110 982 191 1037 Luna
213 992 281 1035 vero
300 976 336 1035 30
358 978 449 1034 videri
472 992 591 1036 omnino
614 994 669 1037 non
711 988 794 1055 otest,
811 983 880 1054 quia
902 982 937 1038 ad
994 984 1041 1039 nis
1057 983 1088 1040 tlt
1103 997 1192 1040 uuum
1208 983 1378 1053 solstitium,
1395 990 1423 1041 et
1437 996 1488 1038 viri
1503 983 1565 1040 Kal.
1581 984 1697 1051 ianuar,
1714 980 1744 1036 4ιι
1761 994 1817 1037 na-

112 1051 247 1134 nltimum
260 1049 343 1133 linem
356 1049 450 1132 medio
462 1051 524 1120 ipso
535 1051 681 1108 tricesimo
689 997 737 1109 sie
744 1053 936 1126 consumitur,
993 1054 1044 1110 tali
1059 1055 1174 1110 bomini
1190 1055 1281 1111 nostri
1297 1056 1362 1112 Jesu
1376 1054 1485 1111 Christi
1501 1054 1533 1109 iit
1544 1053 1624 1110 aliud
1641 1051 1813 1110 solstitium.

110 1123 432 1205 soliqueooniungitur,
445 1121 601 1193 eodemque
612 1130 754 1180 momento
764 1125 935 1196 renascitur,
991 1126 1060 1181 Nam
1076 1131 1104 1180 et
1119 1124 1160 1181 sol
1177 1125 1207 1180 in
1224 1138 1298 1183 anno
1315 1126 1392 1183 lucet
1411 1126 1474 1183 dies
1492 1123 1554 1190 365,
1580 1124 1724 1196 quadrans
1748 1136 1817 1180 vero

110 1192 311 1321 paulatimque
321 1191 356 1247 ab
369 1204 402 1247 eo
415 1194 559 1258 recedens,
577 1199 605 1250 et
616 1208 665 1264 per
678 1194 819 1266 reliquam
841 1195 937 1266 ipsius
992 1195 1069 1252 lucet
1081 1196 1144 1253 dies
1159 1193 1229 1252 ast:
1247 1197 1299 1253 reli
1323 1197 1353 1253 ui
1366 1202 1435 1254 sunt
1446 1197 1510 1253 dies
1526 1193 1569 1266 44,
1586 1208 1658 1266 quos
1673 1207 1761 1265 supra
1774 1194 1818 1251 vi·

131 1277 169 1319 iei
186 1269 362 1346 tricesimam
384 1268 491 1332 partem
507 1264 648 1335 usquead
667 1265 754 1322 aliam
769 1266 856 1337 diem,
874 1281 937 1338 quae
991 1268 1075 1324 detur
1090 1267 1132 1323 sol
1148 1266 1251 1323 lucere.
1269 1270 1304 1324 Et
1336 1265 1486 1336 isuntlt,
1523 1263 1816 1337 uiaannissingulis

111 1335 205 1405 prima
226 1333 345 1403 dicitur,
367 1347 507 1403 crescens,
532 1341 595 1419 post
617 1335 689 1392 solis
707 1337 872 1394 occubitum
894 1338 937 1394 sic
991 1339 1026 1394 ad
1038 1338 1237 1394 lunaecursum
1249 1339 1405 1409 adduntur,
1417 1344 1445 1396 et
1457 1345 1489 1398 ut
1498 1284 1817 1395 clariusmanilestetur

110 1405 236 1472 videtur,
254 1404 505 1487 quemadmodum,
518 1411 550 1462 ut
564 1407 626 1462 dixi
640 1413 715 1479 ante,
733 1407 826 1478 pridie
837 1405 873 1464 09
887 1409 938 1466 di·
993 1410 1085 1465 ratio:
1103 1407 1137 1464 40
1151 1415 1220 1465 sunt
1234 1422 1345 1466 menses
1362 1411 1392 1466 in
1406 1425 1493 1477 anno,
1511 1414 1539 1465 et
1556 1406 1620 1466 'lex
1637 1407 1710 1478 ipsis
1731 1419 1816 1462 men-

111 1476 211 1533 luculo
223 1474 382 1559 tenebatur.
394 1475 572 1558 Qualisergo
585 1482 627 1534 est
638 1479 752 1534 caecitas
766 1479 878 1547 mentis,
893 1479 937 1536 vel
992 1480 1075 1536 sibus
1092 1487 1160 1536 sunt
1178 1481 1228 1549 qui
1247 1479 1352 1536 habent
1374 1496 1460 1552 supra
1481 1478 1516 1538 30
1531 1479 1663 1551 singulos
1678 1478 1759 1533 dies:
1784 1476 1813 1532 id

109 1548 272 1628 dementiae,
291 1550 322 1602 ut
334 1560 399 1602 cum
413 1546 504 1603 videri
523 1561 578 1603 non
593 1562 675 1618 posse
689 1547 724 1606 30
740 1549 871 1605 videatur
883 1551 938 1606 ad·
993 1556 1045 1620 est,
1068 1550 1232 1620 Januarius,
1256 1552 1386 1619 hiartius,
1407 1553 1510 1617 Maius,
1530 1551 1635 1618 tulius,
1655 1547 1814 1619 Augustus,

110 1617 329 1701 hucudedciens.
346 1625 374 1673 et
385 1615 523 1674 dicaturl
538 1631 754 1689 nonnumquam
768 1620 853 1675 etiam
869 1625 898 1676 et
908 1618 936 1691 0,
993 1620 1124 1690 October,
1145 1621 1306 1693 December,
1325 1627 1354 1677 et
1376 1623 1439 1678 ideo
1461 1622 1530 1678 tolle
1549 1619 1709 1702 Decembri,
1724 1625 1751 1675 et
1765 1618 1816 1673 la-

109 1703 184 1746 acsi
203 1701 376 1758 peromnem
393 1689 523 1746 ordinem
546 1690 750 1746 mentiuntur‘l
764 1691 846 1748 Sicut
860 1692 937 1747 enim
955 1681 980 1742 Β
995 1692 1098 1749 nuario
1119 1692 1164 1747 sin
1187 1692 1251 1748 ulos
1271 1693 1344 1762 dies,
1368 1697 1397 1750 et
1415 1694 1487 1750 adde
1507 1706 1557 1748 eos
1576 1690 1741 1759 Februario,
1764 1688 1816 1760 qui

108 1775 164 1888 pro
177 1758 221 1830 30,
237 1757 264 1830 0,
280 1765 308 1815 et
324 1773 375 1829 pro
392 1757 416 1825 4,
433 1757 450 1815 3
464 1764 575 1829 vociint,
592 1761 635 1816 sic
651 1774 702 1831 pro
725 1758 768 1829 44,
787 1759 829 1832 46,
845 1768 873 1817 et
887 1776 938 1833 pio
995 1763 1080 1819 habet
1092 1763 1155 1818 dies
1166 1708 1211 1833 58,
1227 1768 1255 1819 et
1269 1763 1341 1820 dunt
1355 1765 1381 1819 ei
1394 1762 1438 1820 30.
1453 1763 1591 1835 Reliquos
1602 1774 1668 1817 vero
1680 1761 1752 1831 dies,
1766 1759 1816 1831 qui

129 1829 553 1960 41,1614ἰειεῖι1εδεὲειῖιῖε44ιιηῑιιι03,
568 1832 646 1887 sicut
660 1832 743 1888 iilius
758 1832 937 1904 parvitatem,
995 1834 1024 1889 in
1047 1834 1140 1903 capite
1161 1831 1179 1889 6
1193 1834 1341 1890 mensibus
1355 1848 1442 1905 super
1455 1833 1491 1892 30
1506 1847 1656 1891 numerum
1675 1832 1815 1902 adiacent,

110 1919 256 2055 fallaciam
269 1972 404 2056 diabolus
417 1973 493 2029 inter
506 1974 567 2044 ipsa
584 1973 650 2029 fidei
665 1978 842 2030 sacramenta
854 1987 940 2032 aucu-
994 1975 1057 2032 dies
1071 1973 1115 2031 30.
1132 1976 1166 2030 Et
1186 1989 1261 2033 unus
1276 1975 1383 2032 mensis
1403 1975 1515 2032 lunaris
1528 1973 1573 2043 09,
1593 1978 1623 2030 et
1636 1973 1734 2036 semis,
1755 1972 1818 2028 dies

111 2048 198 2128 petur
209 2055 321 2100 animas
334 2043 525 2100 Christianae.
544 2046 602 2101 Hoc
618 2044 718 2102 itidem
735 2045 764 2101 4ιι
780 2059 892 2102 summo
912 2048 940 2102 et
995 2045 1081 2116 lucet,
1097 2046 1174 2102 sicut
1186 2047 1244 2115 jam
1266 2046 1296 2102 in
1318 2047 1515 2117 suprascripta
1529 2043 1651 2116 epistola
1686 2042 1816 2099 raelocuti

110 2114 304 2185 insuperabili
333 2118 415 2242 ponit
434 2115 573 2187 exemplo.
595 2116 670 2186 quod
692 2116 821 2174 Salvator
844 2122 940 2173 noster
994 2131 1105 2184 sumus,
1120 2117 1189 2188 quia
1207 2117 1283 2175 diem
1299 2115 1334 2175 30
1347 2131 1403 2174 ιιοι
1418 2116 1628 2188 complectitur.
1647 2059 1768 2185 risuque
1784 2111 1819 2168 40

358 2227 366 2256 l

370 1902 469 1957 issexti
485 1903 558 1970 dies,
576 1902 729 1973 invenisse,
749 1909 782 1959 ut
801 1904 939 1974 perhanc
995 1903 1063 1961 tolle
1081 1917 1140 1973 eos,
1157 1910 1185 1959 et
1206 1908 1358 1974 aquantur
1380 1918 1478 1962 omnes
1499 1918 1618 1964 menses.
1643 1906 1674 1959 ut
1697 1902 1819 1958 habeant

110 2186 181 2243 luna
206 2182 248 2240 44.
273 2184 316 2241 ier
390 2186 499 2243 Pascha
519 2201 584 2243 cum
605 2187 668 2243 suis
686 2187 844 2258 discipulis
863 2186 941 2244 cele-
995 2192 1062 2244 sunt
1086 2187 1202 2244 lunares
1225 2201 1336 2246 menses
1361 2189 1390 2245 in
1412 2202 1496 2245 anno.
1520 2189 1572 2244 Per
1594 2186 1640 2242 sin
1662 2185 1726 2242 ulos
1751 2196 1817 2240 vero

109 2256 234 2326 brasset,
260 2262 288 2340 et
314 2261 347 2312 ut
371 2271 459 2339 super
482 2257 534 2314 hac
560 2257 621 2314 lieri
647 2271 757 2328 semper
776 2258 937 2328 imperavit.
995 2258 1111 2315 lunares
1124 2259 1254 2331 singulos
1276 2259 1410 2317 semisses
1424 2260 1521 2316 minus
1542 2258 1628 2314 lucet.
1643 2202 1680 2313 {t
1694 2256 1759 2312 ideo
1782 2253 1818 2310 de

108 2327 193 2399 Quod
209 2327 363 2410 hodieque,
377 2334 455 2385 sicut
468 2329 606 2386 traditum
622 2328 784 2385 celebratur
799 2332 941 2386 sanctum·
994 2330 1144 2387 duodecim
1162 2331 1315 2388 lunaribus
1329 2331 1398 2388 tolle
1414 2329 1448 2387 40
1462 2330 1605 2397 semisses
1621 2333 1649 2384 et
1664 2326 1774 2397 comple
1787 2325 1817 2381 iu

111 2413 169 2471 que
182 2399 307 2455 chrisma
320 2399 473 2455 coniicitur
493 2400 941 2457 etcaenaDominicaanniversa-
995 2415 1083 2459 unum
1110 2399 1238 2457 efficiunt
1249 2402 1312 2458 dies
1324 2401 1351 2473 6,
1364 2403 1398 2459 ad
1412 2396 1669 2473 quosaddeiilosb
1680 2393 1817 2455 dicsde5
1873 2391 1881 2410 ⁸

114 2471 162 2526 ria
184 2469 366 2554 solemnitate
388 2443 556 2542 completur.
578 2470 658 2541 Quod
676 2478 704 2527 et
718 2472 824 2554 Pascha
845 2469 941 2541 perie-
996 2443 1151 2542 mensibus,
1166 2478 1195 2529 et
1208 2472 1335 2530 efficiunt
1351 2474 1380 2529 in
1396 2487 1484 2530 unuin
1497 2473 1560 2530 dies
1575 2467 1618 2539 44,
1633 2483 1705 2541 quos
1719 2469 1753 2525 ad
1767 2468 1817 2524 lu-

111 2547 194 2598 ctum
219 2554 252 2597 ac
280 2555 435 2597 maximum
469 2547 689 2614 sacramentum,
717 2548 793 2600 sicut
823 2548 940 2599 sanctus
995 2539 1817 2616 naecursumadderevidentur,quiaeosinanuumlunae

110 2612 272 2683 Apostolus
285 2618 383 2669 narrat
396 2613 453 2670 sibi
468 2614 617 2683 traditum,
631 2618 660 2669 et
672 2613 712 2669 ita
722 2613 941 2670 tradidisseCo-
995 2614 1104 2670 desole
1119 2615 1216 2670 miuus
1231 2615 1315 2672 lucet.
1333 2615 1482 2685 Quadrans
1501 2628 1576 2682 vero,
1594 2612 1644 2685 qui
1659 2624 1746 2681 super
1764 2607 1818 2667 365

115 2683 242 2740 rinthiis
254 2683 403 2755 gloriatur.
422 2682 455 2740 44
471 2685 608 2747 traditur,
625 2682 658 2740 46
673 2697 782 2757 passus,
800 2682 874 2740 etii
892 2699 942 2741 re-
995 2685 1058 2741 dies
1071 2685 1191 2742 bissexti
1205 2684 1275 2742 iacit
1288 2694 1351 2756 post
1381 2686 1582 2743 uadrienuium
1592 2695 1716 2739 crescere
1728 2681 1815 2738 diem.

110 2755 252 2838 surrexit,
276 2768 308 2810 ea
328 2755 463 2812 videlicet
483 2756 561 2825 iuna,
583 2769 646 2827 quae
669 2755 759 2812 nullis
781 2755 941 2825 interjectis
995 2758 1091 2826 ipsum
1111 2770 1177 2815 vero
1192 2758 1337 2828 quadrans
1357 2701 1476 2814 §habet
1490 2756 1601 2824 uncias,
1618 2767 1681 2825 quae
1696 2753 1726 2809 in
1742 2765 1817 2809 anno

111 2826 243 2884 tenebris
258 2827 344 2882 etiam
356 2828 514 2884 secundum
527 2827 760 2898 supputationem
776 2826 855 2897 vulgi
869 2827 941 2883 solis
996 2841 1053 2883 uno
1069 2835 1210 2883 crescunt.
1229 2829 1296 2884 item
1322 2829 1351 2883 in
1368 2827 1426 2884 alio
1441 2840 1515 2884 anno
1536 2825 1563 2898 3,
1580 2826 1611 2882 in
1630 2824 1715 2881 tertio
1736 2819 1763 2894 4,
1787 2823 1816 2879 4ιι

112 2898 227 2955 Ιιιιιιίιιε
251 2897 384 2955 644ιιειιΙο
405 2899 541 2956 sociatur.
563 2899 621 2954 iioc
643 2897 719 2953 enim
743 2910 814 2952 verae
835 2897 940 2954 salutis
1017 2903 1099 2954 uario
1119 2898 1312 2956 nihilominus
1332 2898 1359 2968 3,
1384 2905 1413 2955 et
1428 2898 1502 2955 liunt
1521 2897 1552 2954 iti
1567 2909 1657 2954 unum
1673 2894 1750 2951 hora
1774 2891 1816 2964 40,

113 2969 316 3052 4664664404
332 2974 396 3040 post
409 2975 519 3042 tergum
536 2969 733 3040 relinquentes
747 2967 879 3024 tenebras
893 2974 941 3024 to-
956 3004 981 3070 G
996 2913 1164 3038 iaciuntque
1177 2970 1253 3026 diem
1272 2969 1297 3038 4,
1314 2970 1364 3040 qui
1380 2974 1498 3025 vocatur
1512 2967 1678 3034 bissextus;
1695 2970 1724 3022 et
1742 2965 1819 3021 sicut

113 3045 175 3097 tius
189 3040 435 3111 malitiae,aeterno
449 3040 772 3098 illosolesolislumine
786 3038 941 3110 perfruari-
995 3040 1083 3096 ceteri
1107 3039 1179 3110 dies,
1199 3041 1249 3123 qui
1275 3041 1385 3096 ducunt
1408 3053 1525 3108 annum,
1549 3041 1763 3121 computantur,
1790 3040 1819 3091 et

111 3115 174 3166 tur.
198 3112 279 3167 iiunc
293 3125 361 3185 ergo
376 3112 497 3169 biduum
521 3111 597 3168 lunae
615 3111 793 3181 superarum
809 3111 834 3166 si
847 3110 941 3167 dimi·
995 3111 1193 3181 dimittuntur,
1207 3116 1284 3167 itaet
1295 3110 1440 3167 bissextus
1454 3124 1519 3166 cuni
1530 3116 1640 3165 venerit
1652 3112 1716 3177 post
1727 3119 1818 3162 annos

115 3182 201 3265 seris,
217 3180 341 3309 iliospue
359 3184 488 3254 quinque
500 3183 563 3239 dies
582 3182 689 3238 mensis
702 3195 840 3238 novorum
857 3182 939 3250 juxta
995 3178 1022 3251 4,
1038 3182 1100 3237 dies
1115 3181 1166 3251 qui
1182 3182 1293 3238 tenerit
1308 3182 1336 3237 in
1352 3181 1454 3237 ordine
1470 3180 1574 3237 ducere
1595 3190 1701 3234 annum
1721 3176 1816 3247 illum,

113 3259 284 3309 rationema
307 3254 384 3310 ditos
403 3253 590 3321 intellexeris,
605 3254 652 3309 sed
666 3258 695 3309 et
711 3252 793 3309 ilium
811 3253 887 3309 diem
905 3252 940 3309 de
997 3257 1094 3322 utpote
1112 3250 1130 3309 3
1154 3251 1224 3308 lenia
1243 3253 1416 3308 dimittenda
1438 3258 1491 3318 est,
1513 3256 1541 3307 et
1561 3247 1579 3306 4
1602 3248 1674 3305 terii
1695 3260 1818 3316 compu-

113 3324 303 3383 incrementis
316 3325 468 3382 lunaribus
486 3325 515 3381 in
534 3339 608 3382 nono
627 3324 739 3380 decimo
757 3337 842 3387 anno,
864 3323 939 3394 quod
996 3324 1091 3391 tanda,
1119 3324 1218 3395 sicque
1241 3323 1368 3380 traditur
1393 3337 1442 3394 per
1468 3323 1606 3391 majorum
1632 3318 1815 3376 tmditionem

116 3392 152 3451 44
167 3395 210 3451 vel
227 3395 260 3453 46
274 3397 422 3468 adjeceris,
446 3410 557 3455 omnem
573 3396 640 3466 vim,
656 3400 685 3453 et
704 3395 843 3451 rationem
862 3394 941 3451 veri·
995 3393 1148 3453 bissextus.

550 3520 673 3591 Explicit
680 3520 813 3590 proioptts
827 3520 916 3574 sancii
931 3502 1028 3589 Gprilli
1046 3518 1234 3574 Alexandrini
1254 3519 1380 3589 episcopi.

286 3645 321 3700 hv
339 3643 474 3700 NOMINE
492 3642 616 3700 DOMINI
635 3642 760 3699 Nostht
778 3639 859 3698 JESU
877 3640 1012 3698 CHRISTI
1031 3642 1204 3699 INClPlUNT
1222 3640 1392 3697 capituti
1409 3640 1455 3697 DE
1474 3632 1644 3695 computo.

171 3765 182 3824 4
204 3770 245 3825 De
256 3774 386 3851 compoto
398 3765 633 3840 Graecorum,1vel
647 3767 823 3824 Latinorum.
1031 3764 1067 3823 08
1085 3770 1153 3824 ltem
1168 3768 1204 3823 de
1222 3765 1400 3837 temporibus
1415 3761 1566 3820 meusium.

169 3837 188 3897 0
209 3841 276 3896 item
288 3839 354 3896 alia.
1029 3837 1065 3895 09
1083 3841 1122 3894 De
1136 3839 1263 3895 solstitio
1275 3842 1304 3893 et
1314 3835 1500 3907 aequinoctio.

169 3910 187 3967 3
204 3913 244 3967 De
262 3910 311 3967 die
325 3911 393 3967 anni
411 3909 591 3966 inveniendo.
1030 3907 1065 3966 30
1084 3913 1152 3965 ltem
1168 3911 1203 3965 de
1217 3907 1344 3965 solstitio
1359 3913 1387 3962 et
1398 3903 1583 3977 aequinoctio.

170 3979 187 4038 4
206 3983 245 4038 οε
263 3994 339 4039 anno
353 3980 498 4040 communi
514 3985 543 4037 et
557 3978 759 4036 embolismali.
1029 3976 1060 4037 34
1083 3982 1151 4035 item
1167 3981 1201 4035 de
1216 3979 1354 4035 solstitio.

169 4051 187 4110 5
206 4055 245 4108 De
263 4052 396 4123 epistolis
413 4053 588 4108 Graecorum.
1028 4048 1064 4106 30
1084 4053 1150 4106 item
1166 4050 1201 4106 de
1217 4049 1395 4120 temporibus
1416 4046 1568 4104 meusium.

169 4122 188 4180 6
206 4126 245 4180 De
263 4124 441 4196 argumentis
455 4121 648 4192 paschalibus.
1029 4119 1064 4178 33
1082 4124 1121 4177 be
1136 4120 1297 4176 momentis.

172 4191 190 4251 7
209 4197 278 4251 item
291 4196 366 4266 quod
382 4194 479 4252 verius
491 4198 543 4249 est.
1028 4187 1064 4249 3i
1083 4195 1149 4249 item
1163 4191 1198 4248 de
1212 4191 1373 4246 momentis.

170 4264 189 4322 8
206 4268 247 4321 De
264 4266 312 4322 die
327 4267 435 4322 mensis
449 4264 570 4320 Pascha.
1030 4261 1065 4320 35
1080 4265 1148 4320 item
1166 4263 1201 4319 de
1221 4261 1372 4316 momentis
1391 4258 1425 4315 ad
1444 4258 1614 4315 bissextum.

170 4334 189 4392 9
208 4338 276 4392 item
291 4337 366 4406 apud
380 4337 503 4393 Gnaeos.
1031 4333 1065 4391 36
1083 4336 1151 4391 item
1167 4334 1201 4390 ad
1218 4332 1376 4388 bissextum
1391 4330 1594 4385 inveniendum
1604 4342 1659 4454 per
1675 4326 1710 4383 40
1724 4327 1817 4398 signa.

154 4404 189 4464 40
207 4409 276 4464 item
290 4408 365 4490 apud
382 4409 508 4464 Latinos.
1031 4403 1065 4463 37
1084 4408 1152 4462 item
1168 4404 1202 4461 ad
1217 4402 1309 4460 5dies
1325 4399 1511 4457 intercalares
1523 4412 1573 4468 per
1588 4396 1600 4452 4
1637 4399 1730 4469 signa.

153 4476 184 4535 44
207 4480 247 4535 Dc
259 4479 409 4535 nativitate
421 4479 507 4535 lunai.
1030 4475 1067 4534 38
1085 4479 1123 4532 De
1140 4475 1265 4547 punctis.

155 4546 189 4606 40
207 4552 276 4606 item
289 4550 356 4606 alia.
1031 4545 1066 4605 39
1084 4550 1123 4603 De
1142 4544 1324 4603 diebusanni
1338 4541 1467 4600 etheris.

154 4618 190 4677 l3
208 4624 248 4677 De
265 4621 409 4677 communi
424 4633 499 4676 anno
513 4625 540 4675 et
554 4618 744 4676 embolimaeo.
1032 4617 1066 4675 40
1084 4618 1123 4673 De
1142 4618 1252 4673 ratione
1267 4614 1397 4672 bissexti.

155 4688 190 4748 44
209 4695 277 4748 ltem
292 4693 328 4748 de
342 4704 417 4748 anno
435 4690 592 4755 communi,
610 4690 797 4746 embolimaeo.
1032 4687 1063 4745 44
1085 4691 1153 4745 item
1168 4687 1203 4744 de
1218 4687 1354 4743 bissexto.

153 4761 190 4820 46
208 4766 248 4819 De
263 4771 387 4834 quatuor
401 4762 574 4819 differentiis
588 4762 672 4817 lunae.
1032 4757 1067 4817 40
1087 4762 1154 4816 item
1168 4758 1204 4815 de
1218 4757 1364 4813 bissextis.

154 4833 191 4892 46
209 4836 247 4891 ite
262 4834 431 4890 celebrando
447 4839 545 4889 sancto
560 4832 706 4889 Paschate.
1032 4831 1067 4888 43
1086 4834 1154 4887 item
1168 4829 1204 4886 de
1218 4828 1365 4885 bissextis.

156 4902 190 4964 lt
209 4908 248 4962 be
261 4905 431 4962 embolismo
447 4905 562 4973 majore.
1032 4900 1066 4959 44
1086 4904 1153 4958 ltem
1169 4900 1204 4958 de
1218 4899 1344 4956 bissexto
1356 4903 1383 4955 et
1399 4896 1566 4968 quadrante.

155 4975 191 5034 48
207 4977 248 5033 οε
262 4989 298 5033 au
321 4982 415 5032 mento
431 4975 514 5033 lunae.
1031 4971 1067 5031 43
1084 4972 1154 5029 item
1169 4971 1204 5027 de
1219 4970 1346 5027 solstitio
1360 4974 1389 5026 et
1403 4968 1587 5040 equinoctio.

155 5047 191 5105 49
207 4993 323 5105 Delia?
343 5046 495 5103 mensium.
1032 5042 1067 5100 i6
1085 5040 1312 5099 besaitulunae.

152 5117 190 5177 00
209 5123 277 5176 item
290 5119 326 5175 de
340 5117 402 5174 Kal.
421 5117 573 5173 mensium.
1032 5113 1066 5172 ti
1085 5115 1124 5170 De
1139 5113 1214 5170 iuuat
1229 5126 1327 5170 cursu.

152 5190 186 5249 04
208 5191 248 5248 De
262 5189 346 5246 feriis
362 5188 557 5246 monstrandis
573 5188 602 5245 4ιι
621 5187 682 5245 Kal.
702 5184 736 5246 40
755 5187 905 5257 mensium,
1032 5184 1068 5243 48
1085 5188 1124 5241 lte
1139 5182 1364 5255 interrogatione
1380 5179 1413 5239 49
1427 5195 1569 5241 annorum
1583 5181 1667 5253 cycli.

151 5261 190 5321 00
207 5263 247 5318 οε
259 5261 368 5332 epactis
384 5261 415 5317 in
430 5259 493 5316 Kal.
511 5256 545 5317 40
559 5260 711 5316 mensium.
1033 5254 1067 5314 49
1085 5258 1125 5313 be
1139 5254 1297 5311 mensibus.

151 5333 191 5393 03
208 5334 247 5390 De
261 5331 344 5390 leriis
365 5333 395 5388 iu
410 5345 524 5403 quoquc
544 5344 648 5387 mense.
1032 5327 1068 5386 60
1086 5329 1125 5383 De
1140 5327 1208 5383 luna
1223 5325 1347 5382 Paschae.

153 5402 191 5463 04
208 5405 248 5460 De
263 5402 345 5476 leria,
359 5403 445 5458 aliter
459 5403 494 5458 de
509 5401 584 5459 luna
599 5400 741 5472 paschalis
755 5401 888 5458 termino.
1032 5396 1064 5457 64
1086 5399 1258 5471 argumenta
1280 5397 1316 5453 ad
1340 5395 1460 5454 initium
1485 5391 1713 5466 Quadragesimae
1735 5389 1819 5447 inie-

151 5476 191 5536 044
209 5477 249 5531 ile
263 5473 514 5533 concurrentibus.
529 5474 558 5531 id
571 5478 616 5531 est
624 5472 733 5544 epactis
745 5472 825 5529 solis.
997 5472 1145 5528 niendum.

147 5547 187 5607 06
203 5549 244 5604 De
256 5546 367 5616 epactis
379 5559 408 5602 xi
424 5545 486 5601 Kal.
500 5545 568 5616 hpr.
1031 5539 1067 5599 60
1085 5543 1152 5597 item
1167 5539 1203 5597 de
1216 5539 1440 5611 Quadraqesima
1459 5533 1638 5592 invenienda.

154 5617 191 5680 04
209 5621 250 5677 ile
264 5617 442 5688 temporibus
458 5617 610 5674 mensium.
1031 5610 1067 5670 53
1084 5613 1154 5669 item
1168 5611 1203 5669 ad
1219 5613 1410 5669 Pentecosten
1426 5605 1634 5665 inveniendam.
